2562 4274
64 925 193 958 AnnD.

85 974 170 1004 1413.

61 1011 113 1035 An.
135 1015 156 1032 ι,

62 1088 149 1112 Franc-

69 1131 93 1151 ι.
126 1126 194 1157 H.5.

65 1170 100 1188 m.
117 1170 161 1197 33.

66 1647 197 1684 *ix.27.

79 3669 156 3701 Ann·
167 3671 210 3705 D·
227 3653 419 3709 EDwardus
439 3657 508 3684 Dux
526 3654 664 3692 Eborum,

77 3718 136 3776 ἐξ
140 3718 185 3776 ¹1³5
224 3730 307 3762 habet

767 175 878 216 ET
934 171 1195 213 ACTA
1277 169 1766 214 PUBLICA.

43 264 120 294 Ann.
136 263 179 295 D.
197 263 315 296 aliarum
327 259 468 293 Civilium
490 259 580 291 didiae
594 258 694 290 Curiae
713 258 871 290 Causarum
891 267 1160 298 quarumcumque,
1177 257 1270 287 Audi-

69 311 153 342 14*i3.
197 311 291 334 torem
302 298 512 342 constituimus
526 299 559 329 &
572 298 747 328 Ordinamus
759 306 809 341 per
824 297 991 341 Praesentes,
1010 296 1146 340 quamdiu
1162 295 1267 340 nostra:

47 346 110 371 Heu.
130 352 159 379 5.
192 341 327 386 placuerit
341 337 504 374 Voluntati,
522 346 592 367 cum
606 335 834 366 Confirmatione
844 337 879 366 &
893 335 1095 366 Ratificatione
1109 344 1158 373 per
1174 338 1265 372 iplum

194 390 226 411 in
235 379 315 411 dicto
327 375 441 408 Officio
447 399 457 414 ,
473 377 507 408 &
525 374 661 414 quamdiu
683 374 794 405 dietum
814 374 969 413 occupabit
987 373 1138 412 officium,
1157 372 1267 403 Gesto-

196 428 340 499 mssgntes
352 453 434 498 vobis
447 452 481 484 &
494 450 617 496 cuilibet
630 449 758 496 {restrum
772 474 782 489 ,
792 450 919 496 'Tenore
931 450 1128 496 praesentium,
1146 451 1267 495 inman-

196 490 646 573 {323⁵’qifssti‘luipesliss‘i‘pli‘issz
654 491 821 566 ’saillis
838 489 1270 573 fdissigillsfffi‘?ffi?a‘{l{ss?‘1ffl

196 555 331 615 tendatis,
349 569 498 614 eidemque
513 567 646 605 praestetis
659 568 693 599 &
709 568 744 598 ab
760 567 862 598 eodem
878 575 1017 606 recipiatis
1031 567 1163 597 debitum
1178 566 1211 596 ὃς
1225 565 1269 595 so-

197 607 692 686 iittffitiaassifftglgffizwgaeb,
707 644 763 675 xiii.
778 644 824 675 die
836 644 927 685 Junii.

895 724 949 752 Per
966 720 1049 761 ipsum
1062 721 1168 757 Regem.

466 860 526 891 Pro
552 854 782 891 Mercatoribus
805 855 842 889 de
867 858 1001 890 Venetia.

213 942 358 1000 REX,
376 954 425 982 per
440 943 548 974 Literas
562 943 619 974 suas
640 937 786 979 Parentes,
802 950 851 978 per
870 949 962 970 unum
978 938 1098 970 Annum
1117 938 1277 983 duraturas,

288 983 408 1021 suscepit
421 984 450 1012 in
461 982 567 1013 salvum
582 982 615 1012 &
627 980 757 1011 securum
774 977 965 1009 Conductum
985 979 1083 1016 suurn,
1101 988 1134 1008 ac
1155 987 1186 1007 in
1203 976 1275 1007 Pro—

210 1021 389 1059 tecstionem,
403 1021 593 1057 Tuitionem,
612 1015 862 1049 &Defensionem
877 1017 936 1048 suas
948 1017 1091 1057 speciales,
1110 1018 1280 1045 Meri-atores

211 1061 242 1090 de
255 1063 369 1091 Venetia
379 1062 408 1090 in
424 1058 562 1097 Regnum
584 1057 676 1093 Regis
693 1056 822 1096 Angliae,
841 1066 875 1086 ac
890 1055 1031 1087 Dominia
1053 1056 1087 1086 &
1106 1054 1281 1086 Potestatem

213 1098 309 1129 nostra
318 1122 327 1136 ,
342 1108 410 1129 cum
424 1096 568 1133 Carrakis,
582 1094 695 1133 Galeis,
713 1105 746 1125 ac
760 1095 819 1125 aliis
835 1094 968 1125 Navibus
981 1095 1014 1126 &
1024 1094 1100 1125 Vasis
1112 1093 1182 1132 suis,
1199 1092 1281 1124 Mer-

214 1138 294 1168 cibus
309 1138 343 1169 &
356 1134 541 1167 Mercandisis
555 1132 696 1173 Carcatis,
714 1143 764 1172 per
777 1134 899 1164 Terram
922 1134 955 1165 δε
971 1143 1020 1173 per
1040 1132 1142 1171 Mare,
1161 1131 1278 1163 Merca-

216 1177 288 1206 torie
307 1173 470 1215 veniendo,
495 1172 603 1203 ibidem
626 1172 784 1210 morando,
801 1171 1049 1212 perhendinando,
1074 1170 1280 1201 mercandisan-

214 1214 272 1253 do,
292 1223 325 1245 ac
343 1211 460 1244 Merces
476 1212 511 1243 &
528 1211 719 1244 Mercandisas
734 1210 791 1242 suas
813 1211 960 1251 praedictas
973 1209 1151 1248 Vendendo,
1170 1211 1203 1240 &
1226 1208 1282 1238 La-

213 1262 278 1290 nas,
294 1252 427 1290 Patmos,
446 1250 585 1281 stannum
600 1251 634 1281 δε
649 1250 710 1281 alias
724 1249 918 1280 Mercandisas
933 1249 1086 1287 Emendo,
1105 1249 1139 1279 &
1160 1247 1196 1277 de
1209 1256 1280 1284 prae-

210 1291 294 1322 dietis
306 1290 337 1321 R
374 1300 430 1328 no,
449 1288 612 1327 Dominio,
627 1288 665 1319 &
677 1286 820 1319 Potestate
832 1297 901 1318 cum
918 1286 1064 1325 Carrakis,
1082 1286 1194 1324 Galeis,
1214 1285 1280 1315 Na-

212 1330 294 1360 vibus
309 1329 342 1360 &
388 1328 435 1359 asis
448 1327 500 1360 suis
512 1326 671 1367 praediCtis,
688 1328 745 1358 una
759 1336 828 1358 cum
842 1325 928 1356 Bonis
941 1327 975 1357 &
984 1325 1170 1356 Mercandifis
1184 1326 1215 1354 in
1229 1324 1281 1354 eis-

212 1367 279 1398 dem
295 1368 332 1398 sic
348 1367 473 1398 Carcatis
486 1366 533 1397 seu
547 1365 857 1404 Carcandis‚quotiens
871 1364 922 1394 sibi
937 1364 1089 1402 placuerit,
1107 1363 1279 1393 salvotrans-

217 1405 314 1437 eundo
330 1407 364 1438 &
374 1404 541 1443 redeunde,
560 1415 598 1436 ac
614 1399 765 1442 Carrakas,
783 1403 903 1441 Galeas,
919 1402 1019 1433 Naves
1033 1401 1145 1433 &Vasa
1153 1402 1197 1432 sua
1212 1411 1284 1441 prae-

215 1445 311 1483 dieta,
328 1455 361 1476 ac
375 1444 563 1485 CapitaneOS,
581 1442 738 1481 Patronos,
754 1442 789 1475 &
806 1440 973 1473 Marinarios
992 1441 1161 1472 eorumdem
1184 1441 1217 1471 ὃς
1233 1450 1283 1470 eo-

216 1493 282 1514 rum
295 1484 468 1520 Servientes,
487 1491 605 1513 necnon
617 1479 753 1520 Merces,
772 1480 980 1519 Mercandisas,
998 1479 1076 1511 Bona
1098 1480 1132 1511 &
1145 1478 1281 1510 Hernesia

380 1531 410 1551 m
451 1530 467 1551 e

213 1524 506 1598 sultgkl‘ffr‘iiperqgugd
521 1557 674 1596 Carrakae,
691 1557 791 1589 Galea:
799 1580 809 1596 ,
826 1556 927 1587 Naves
937 1556 975 1600 ¹&
988 1556 1060 1588 Vasa
1074 1556 1234 1600 huiusmodi
1247 1557 1284 1587 de

211 1599 345 1630 Amicitia
359 1599 449 1638 Regis
462 1595 597 1635 existant,
613 1607 647 1628 ac
656 1595 834 1627 Mercator-as
871 1594 1035 1635 Capitanei,
1049 1595 1207 1626 Patroni&
1216 1595 1284 1626 Ma-

212 1638 307 1668 rinarii
319 1637 490 1670 eorumdem
507 1637 522 1653 '¹⁵
537 1635 641 1673 legales
655 1643 822 1679 excerceant
839 1617 1046 1678 Mercandisas,
1062 1644 1097 1665 ac
1113 1633 1285 1678 Custumas,

214 1676 359 1715 Subsidia,
376 1677 410 1708 δε
420 1676 474 1706 alia
489 1674 627 1711 Deveria,
646 1672 723 1713 Regi
737 1683 791 1715 pro
807 1672 956 1704 Mercibus
970 1674 1004 1704 &
1021 1672 1221 1711 Mercandifis,
1235 1683 1284 1711 per

213 1713 289 1753 ipbs
312 1715 384 1747 infra
407 1713 565 1759 Regnum,
591 1712 748 1751 Dominia,
774 1713 809 1745 &
836 1711 1010 1743 Potestatem
1033 1711 1130 1744 nostra
1148 1712 1284 1751 praedieta

211 1753 384 1792 vendendis,
401 1753 511 1791 debita,
529 1751 565 1783 de
578 1760 706 1792 tempore
720 1752 749 1781 in
766 1759 896 1789 tempus,
914 1751 1041 1789 solvant,

248 1790 287 1823 Et
308 1793 389 1832 quod
407 1792 456 1832 ipsi
477 1792 530 1823 alia
552 1789 648 1829 Bona,
667 1788 799 1828 Merces,
817 1790 851 1821 &
874 1788 1064 1834 Mercandisas
1077 1789 1123 1834 sua
1135 1790 1207 1821 infra
1221 1789 1282 1820 Re-

211 1837 321 1901 gnugin,
338 1831 499 1901 &comm-igi,
517 1828 743 1898 &gotestatgn
752 1828 855 1897 nggis
867 1828 1181 1898 gafisstdtsahpexgizpsos
1194 1829 1282 1898 agdu-

210 1879 268 1939 :lietrtl
288 1880 346 1940 ῗὶέε
368 1878 540 1952 νιὲηὲιεῃὲἑῃ,
559 1876 988 1952 ςυεέἓιῗῐῖιςυὲ-ἱὶὲὶυέἷπυεήζῗ
1001 1877 1284 1947 εἷίξυειὸῗίῗυῐξίἓ;

212 1945 366 1986 Subsidiis,
382 1954 430 1977 aut
442 1946 498 1977 aliis
513 1944 648 1976 Deveriis
661 1941 738 1984 Regi
754 1944 821 1976 inde
835 1943 992 1983 solvendis,
1009 1944 1114 1975 ducere
1129 1945 1250 1983 poffint,

250 1983 399 2025 Qudque
420 1986 505 2016 etiam
527 1984 615 2014 iidem
638 1982 828 2019 Mercatores,
849 1982 996 2022 Capitanei
1034 1982 1199 2015 Patroni&
1215 1983 1283 2015 Ma-

213 2025 324 2064 rinarii,
341 2033 375 2055 ac
396 2033 497 2055 eorum
510 2022 686 2060 Servientes‚
709 2021 802 2066 Ligeis
813 2021 903 2066 Regis
916 2032 969 2060 pro
985 2005 1163 2053 lliCmalibus
1177 2023 1211 2055 &
1227 2022 1284 2053 aliis

213 2063 312 2102 rbus,
330 2063 366 2094 ab
382 2063 421 2093 eis
432 2061 535 2099 emptis
550 2061 583 2092 δε
597 2057 724 2092 emendis
736 2060 918 2099 satisfaciant,

250 2101 288 2133 Et
316 2100 398 2140 quod
420 2101 511 2139 aliqua
535 2099 615 2131 Bona
631 2099 678 2131 seu
698 2098 889 2131 Mercandisas
909 2099 1072 2138 aliquorum
1093 2098 1283 2132 Inimicorum

211 2136 261 2172 Re
282 2136 318 2177 is,
334 2140 384 2171 sub
401 2140 500 2171 colore
516 2139 629 2169 suorum
647 2139 845 2178 propriorum,
865 2147 925 2168 non
944 2138 1073 2169 colorent
1089 2139 1147 2170 ullo
1166 2140 1265 2171 modo.

248 2149 340 2212 'feste
358 2177 446 2219 Rege
466 2176 541 2218 apud
564 2175 841 2218 [Wstmonasterinm
859 2177 974 2209 decimo
989 2179 1073 2209 tertio
1083 2177 1130 2209 die
1139 2177 1228 2218 Junii.

888 2257 942 2286 Per
960 2253 1044 2295 ipftm
1062 2257 1168 2294 Regem.

213 2386 274 2419 Pro
299 2381 481 2431 quibusdam
507 2383 547 2418 de'
569 2381 720 2418 Flandria
740 2383 833 2429 flaper
856 2385 945 2417 certis
967 2385 1066 2429 Carfis
1083 2385 1115 2416 in
1135 2368 1287 2431 Angliain

674 2441 822 2466 venturis.

284 2516 309 2548 E
319 2517 350 2549 X
359 2542 369 2557 ,
387 2527 438 2556 per
452 2517 562 2550 Literas
575 2517 633 2549 suas
647 2517 795 2555 patentes,
812 2517 900 2556 usque
914 2517 1030 2549 Festum
1046 2516 1144 2549 SanCti
1160 2518 1291 2550 Michae-

301 2557 333 2588 lis
355 2557 489 2595 proximo
515 2557 644 2588 futurum
664 2556 823 2594 duraturas,
841 2557 958 2595 suscepit
980 2557 1010 2586 in
1033 2555 1150 2588 Salvum
1165 2559 1199 2590 ὃ(
1213 2558 1292 2589 secu-

159 2594 175 2639 ]
220 2605 284 2627 rum
302 2594 494 2626 Conductum
513 2595 614 2633 suum,
633 2605 666 2626 ac
682 2596 711 2625 in
724 2594 940 2626 Protectionem
951 2620 960 2633 ,
977 2595 1212 2635 Tuitionem,&
1228 2596 1290 2628 De-

218 2636 378 2666 fensionem
392 2635 450 2665 suas
464 2633 593 2672 speciales
602 2657 611 2671 ,
630 2633 721 2664 Raoul
734 2632 758 2663 le
772 2636 866 2663 Maire
880 2633 1066 2672 Praepositum
1080 2635 1116 2665 de
1131 2635 1208 2666 Seint
1225 2635 1292 2666 Do-

219 2685 267 2705 nas
281 2674 317 2705 de
330 2673 451 2713 Brugges
460 2697 469 2710 ,
488 2673 522 2704 &
539 2671 718 2702 Willielmum
734 2672 765 2702 de
777 2672 935 2713 Rabbeque,
952 2682 985 2704 ac
1002 2672 1113 2712 Viginti
1126 2674 1160 2704 &
1173 2682 1292 2712 quatuor

178 2709 186 2718 ⁶
220 2713 367 2752 personas,
382 2720 441 2743 tam
454 2710 619 2743 Generosos
632 2711 782 2749 homines,
797 2712 883 2750 quam
897 2712 965 2743 alios
978 2712 1097 2742 minoris
1112 2712 1293 2751 status,cum

221 2751 337 2790 Viginti
358 2751 392 2781 &
410 2758 528 2790 quatuor
549 2749 637 2789 Equis
655 2750 683 2779 in
698 2748 846 2781 Comitiva
858 2750 919 2788 sua,
934 2751 965 2781 in
977 2749 1117 2789 Regnum
1130 2750 1216 2790 Regis
1231 2751 1294 2782 An-

221 2792 302 2831 gliae,
317 2797 412 2828 paenes
432 2788 613 2820 Praesentiam
634 2788 740 2827 Regis,
759 2789 842 2820 certis
860 2788 896 2819 de
909 2788 994 2820 caufis
1008 2789 1167 2828 veniendo,
1186 2790 1294 2821 ibidem

221 2827 381 2866 morando,
398 2827 432 2858 δε
455 2827 555 2858 exinde
576 2826 611 2858 ad
626 2826 722 2857 Partes
735 2827 793 2858 suas
808 2829 931 2868 proprias
944 2828 1106 2867 redeunde,
1125 2839 1241 2859 necnon
1255 2828 1296 2860 E-

219 2879 307 2909 quos,
327 2865 459 2905 Aurum,
477 2865 654 2905 Argentum,
669 2865 798 2905 Jocalia,
814 2865 932 2906 Rebas,
949 2867 982 2898 &
999 2866 1051 2898 alia
1064 2867 1144 2899 Bona
1157 2867 1202 2899 sua
1215 2878 1294 2907 quae-

220 2915 376 2988 cultgircffisg
393 2943 503 2988 semper
523 2941 604 2981 quod
627 2942 736 2987 praes-'ati
750 2941 842 2988 Raogel
856 2941 895 2978 ὠ,
913 2942 1096 2988 lViIlielmus,
1115 2944 1149 2975 ὅτ,
1163 2944 1294 2976 Personae

220 2983 380 3024 praedictae,
397 2990 553 3021 quicquam
565 3005 574 3019 ,
592 2981 671 3019 quod
690 2991 720 3011 in
741 2981 830 3020 Regis
851 2981 897 3012 seu
919 2980 1022 3020 Populi
1045 2983 1084 3014 sui
1097 2984 1294 3023 praejudicium

221 3021 321 3053 cedere
333 3021 440 3058 valeat,
458 3030 520 3051 non
538 3026 706 3059 attemPtent
720 3019 765 3050 {eu
777 3021 934 3057 attemptari
949 3021 1041 3051 facere
1055 3022 1241 3062 praesumant,

261 3059 299 3090 Et
319 3058 399 3097 quod
422 3059 470 3096 ipsi
492 3060 526 3091 &
542 3068 642 3089 eorum
658 3058 777 3097 quilibet
792 3068 857 3099 erga
870 3057 985 3099 Regem
999 3061 1034 3091 δε
1047 3059 1194 3099 Populum
1212 3062 1293 3093 suum

222 3099 299 3129 bene
314 3095 348 3128 ὃς
362 3095 482 3127 honeste
495 3097 522 3128 se
537 3104 636 3135 gerant
650 3097 683 3129 &
697 3097 839 3136 habeant,

261 3136 300 3167 Et
321 3134 403 3174 quod
421 3134 549 3172 personae
571 3134 716 3173 praedieleae
737 3135 902 3168 Proditores
924 3135 1030 3176 Regis,
1048 3136 1093 3168 seu
1107 3137 1217 3169 Gentes
1231 3139 1293 3170 Ab-

219 3175 369 3214 judicatae,
386 3179 434 3216 aut
446 3179 522 3203 extra
535 3173 649 3204 dictum
661 3173 803 3212 Regnum
817 3174 908 3216 Regis
924 3175 1053 3206 Bannitae
1067 3186 1126 3207 non
1142 3178 1275 3217 existant,

260 3212 297 3243 Et
318 3211 398 3249 quod
419 3211 469 3254 ipsi
488 3210 638 3242 Praesentes
660 3212 769 3244 Literas
782 3213 871 3253 Regis
883 3215 919 3246 de
933 3213 1020 3245 Salvo
1036 3214 1214 3254 conductu,
1229 3226 1294 3248 ante

223 3250 384 3291 Ingreffum
402 3248 549 3293 cujussibet
569 3248 755 3293 Castrorum,
773 3251 912 3284 Villarum
934 3253 1140 3292 Firmatarum,
1158 3265 1205 3285 aut
1225 3255 1294 3286 alio-

223 3300 288 3321 mm
312 3287 526 3318 Fortalitiorum
538 3286 636 3333 .R.eZ¹⁵
657 3299 923 3331 quorumcumque,
943 3291 1099 3330 Maioribus
1114 3294 1170 3325 five
1184 3292 1293 3325 Custo-

223 3329 306 3360 dibus
317 3325 488 3357 eorumdem
502 3334 633 3363 primitus
650 3327 856 3360 demonstrent.

260 3366 350 3399 Teste
365 3364 447 3405 Rege
462 3364 536 3404 apud
552 3362 830 3407 W’stmonasterium,
848 3368 965 3399 decimo
981 3377 1081 3407 quarto
1098 3369 1143 3401 die
1154 3369 1241 3408 Junii.

907 3447 961 3476 Per
981 3445 1064 3485 ipsum
1079 3449 1184 3485 Regem.

356 3571 417 3602 Pro
438 3570 530 3602 'Duce
548 3565 686 3601 Eborum
705 3568 797 3614 super
814 3566 952 3611 Custodia
968 3572 1153 3616 Aquitaniae.

708 3654 754 3691 ui,
779 3655 810 3683 in
829 3654 966 3691 obsequio
986 3654 1097 3695 Regis,
1113 3658 1144 3689 in
1164 3659 1287 3695 partibus

712 3692 821 3723 ustodia
834 3692 959 3723 Partium
973 3696 1136 3726 earumdem
1152 3706 1288 3737 moratur,

330 3732 436 3762 Literas
458 3731 547 3770 Regis
567 3732 603 3762 de
622 3731 807 3763 Protectione
827 3732 914 3769 (cum
936 3729 1067 3766 Clausala
1079 3734 1222 3773 volumus)
1238 3746 1288 3777 per

223 3779 315 3800 unum
327 3780 435 3804 annum
448 3770 598 3801 duraturas.

261 3807 344 3838 Praes.
363 3810 425 3840 &c.

260 3844 455 3887 TestevRege
471 3848 546 3887 apud
560 3851 715 3880 Civitatem
725 3847 809 3888 fitam
822 3850 998 3887 Cantauriae,
1015 3850 1092 3882 xviii.
1108 3851 1154 3883 die
1163 3852 1252 3892 Junii.

292 3692 491 3730 Aquitanniae,
508 3692 587 3731 super
599 3693 668 3723 salva

644 3926 698 3955 Per
716 3924 820 3957 Billam
838 3925 871 3955 de
887 3927 1010 3957 Privato
1028 3926 1129 3966 Sigillo.

1325 3695 1451 3726 Subditis
1464 3693 1566 3725 nostris
1580 3694 1711 3726 Ducatsis
1729 3696 1818 3727 nostri
1836 3698 2015 3737 Aquitaniae,
2033 3707 2090 3729 tam
2106 3697 2228 3727 Praeiatis
2246 3697 2279 3726 &

2327 186 2380 229 37

2325 264 2370 267 “
2395 258 2464 288 Ann
2490 258 2531 290 D.

1352 303 1601 334 Procuratorium
1620 303 1707 348 Regis
1725 304 1902 351 Pormgaliae
1916 304 1960 338 ad
1973 304 2097 338 Foedera
2114 305 2330 348 confirmanda.
2399 306 2506 364 H12-13-

2427 347 2436 364 e
2474 346 2501 372 5.

1310 384 1485 451 JOhannes
1508 384 1566 415 Dei
1583 385 1687 424 gratia,
1702 388 1865 425 Portugaliae
1885 390 1924 425 ὠ·
1941 390 2074 427 Algarbii
2089 394 2163 428 Rex,
2183 390 2329 422 Univerl‘is
2344 393 2378 424 &

1364 423 1496 470 lingulis,
1515 423 1574 454 hoc
1598 423 1729 454 nostrum
1751 425 1986 460 procuratorium
2002 430 2184 470 inspedmris,
2209 439 2298 470 pateat
2318 432 2380 462 evi-
2402 426 2454 450 An·
2475 432 2497 451 ¹·

1313 459 1412 492 denter
1424 462 1504 500 quod
1520 462 1597 492 Nos.
2401 466 2434 489 H.
2451 471 2477 496 5-

1351 499 1568 531 Considerantes
1599 500 1744 532 laudabilia
1772 503 1917 539 probitatis
1936 504 1969 534 &
1984 506 2123 536 virtutum
2143 507 2241 537 merita
2262 507 2379 546 quibus,
2403 504 2439 526 Ex
2457 503 2516 527 ²7⁸⁸·

1313 536 1440 571 Nobiles
1461 540 1495 569 &
1516 538 1628 578 Egregii
1640 540 1712 577 viri,
1728 539 1872 576 Johannes
1886 541 1991 581 Velasci
2003 543 2037 573 de
2052 544 2207 576 Almadana
2221 546 2255 577 de
2269 546 2380 577 Conci-
2398 546 2464 575 ‘⁰3'-

1313 575 1352 605 lio
1374 577 1474 607 nostro
1493 580 1618 614 secreto,
1634 579 1667 609 &
1688 577 1834 615 Johannes
1856 579 1967 609 Alvari
1991 580 2126 613 Decanus
2151 583 2245 614 Visen.
2268 585 2381 623 Legum

1314 613 1434 657 Dodtor
1457 615 1493 646 de
1515 615 1645 646 Consilio
1664 615 1784 654 Justitiae
1807 617 1910 647 nostrae
1925 640 1934 654 ,
1958 618 2094 650 Oratores
2117 623 2136 640 ²*
2158 622 2248 653 nostri
2267 624 2383 662 dilecti,

1314 655 1492 696 praelentium
1515 654 1701 692 Ostentores,
1723 654 1848 685 dilucide
1864 655 2043 695 decorantur,
2063 668 2095 688 ac
2117 659 2262 691 sinceram
2280 672 2382 692 eorum
2407 660 2479 689 ΠΧ.
2492 659 2536 690 28.

1315 690 1500 722 dileetionem
1521 693 1677 722 exardentis
1699 692 1875 730 aflestionis,
1895 705 1980 731 quam
1996 696 2030 724 ad
2043 696 2143 726 statum
2159 700 2286 730 nosti-um
2305 701 2384 730 inde-

1316 728 1396 797 fossefi
1406 732 1538 772 novimus
1558 731 1659 762 habere
1675 754 1684 769 ,
1710 741 1828 762 necnon
1849 732 1885 763 de
1905 743 2006 763 eorum
2028 734 2162 772 legalitate
2183 738 2215 767 ὃ(
2237 738 2384 775 prudentia

1317 777 1375 797 con
1399 773 1434 806 li,

1353 805 1496 844 Eosdem,
1510 806 1670 845 Johannem
1687 806 1787 846 Velasci
1808 807 1952 846 Militem,
1967 809 2000 840 &
2020 809 2180 848 Johannem
2196 812 2305 844 Alvari
2321 816 2386 846 Do-

1318 843 1446 883 Ctorem,
1466 845 1611 884 Facimus,
1627 846 1786 884 Creanius,
1805 845 2031 886 Constituimus,
2051 850 2083 878 Sc
2106 849 2284 887 solempniter
2297 853 2386 884 Ordi-

1319 892 1419 914 namus
1441 883 1550 915 nostros
1567 895 1663 923 veros,
1682 893 1788 922 certos,
1808 883 1995 924 sufficientes,
2012 890 2044 917 ὃς
2059 888 2199 925 legitimos
2216 888 2387 923 Procurato-

1319 930 1379 960 res,
1397 922 1537 960 Ac‘tores,
1555 922 1704 961 Faciores,
1724 924 1756 953 ὃς
1778 924 1959 962 negotiorum
1993 925 2156 956 nostrorum
2186 926 2337 968 Gestores,
2356 940 2389 961 ac

1322 960 1458 991 Nuncios
1470 962 1612 1001 speciales,
1629 962 1728 992 ambos
1741 963 1937 1000 conjunctim,
1955 963 1987 993 &
2001 964 2155 1002 quemlibet
2170 975 2270 996 eorum
2285 968 2312 996 in
2325 969 2389 998 soli·

1321 1000 1411 1036 dum,
1427 1001 1464 1030 ita
1486 1000 1565 1040 quod
1588 1011 1647 1031 non
1670 1001 1702 1031 fit
1716 1000 1805 1038 major
1818 1001 1948 1032 conditio
1963 1004 2143 1042 occupantis,
2163 1003 2208 1034 sed
2225 1006 2302 1043 quod
2319 1017 2391 1038 unus

1322 1039 1459 1076 inceperit
1473 1039 1540 1069 alter
1554 1040 1682 1078 prosequi
1700 1040 1824 1070 mediare
1835 1040 1922 1070 valeat
1936 1042 1970 1072 &
1985 1041 2082 1079 finire,

1362 1076 1470 1107 Dantes
1491 1079 1525 1109 &
1547 1077 1747 1109 Concedentes
1767 1078 1818 1108 sibi
1841 1079 1953 1116 plenam
1971 1080 2134 1111 &liberam
2150 1079 2338 1121 Potestatem,
2357 1083 2391 1114 &

1323 1114 1496 1159 Mandatum
1519 1116 1652 1156 speciale,
1674 1118 1707 1147 ad
1732 1116 1967 1154 procurandum,
1990 1118 2167 1157 Petendum,
2192 1119 2392 1160 Exigendum,

1322 1155 1356 1184 &
1379 1154 1613 1193 Requirendum,
1631 1166 1685 1194 pro
1710 1155 1809 1186 Nobis
1831 1156 1864 1187 &
1885 1158 2004 1186 nomine
2025 1158 2141 1196 nostro,
2159 1160 2190 1196 a,
2209 1158 2393 1191 Sereniffimo

1324 1192 1458 1232 Principe
1471 1216 1481 1231 ,
1501 1195 1636 1232 Henrico,
1661 1193 1759 1225 eadem
1782 1194 1887 1233 gratia,
1905 1196 2018 1233 Angliae
2039 1194 2077 1230 (ῥ’
2099 1199 2221 1227 Franciae
2241 1201 2309 1236 Rege

1324 1233 1441 1275 Domino
1468 1231 1610 1275 Hiberniae
1626 1255 1636 1270 ,
1661 1232 1883 1271 consanguineo
1910 1235 1943 1264 ὃς
1974 1234 2082 1265 Amico
2101 1235 2200 1266 nostro
2223 1222 2376 1268 Carissimo
2383 1261 2394 1276 ,

1324 1267 1591 1308 Gratificationem,
1626 1271 1872 1308 Approbaiionem
1887 1294 1897 1309 ,
1924 1272 2134 1303 Validationem
2151 1296 2160 1312 ,
2187 1275 2395 1306 Confirmatio-

1324 1317 1409 1350 nem,
1427 1310 1459 1339 &
1478 1307 1642 1346 Juramenta
1656 1309 1862 1348 Tractatuum,
1882 1310 2054 1350 Foederum,
2071 1311 2247 1353 Unionum,
2267 1314 2393 1354 Alligan-

1324 1353 1444 1385 tiarum,
1460 1346 1651 1386 Pactionum,
1669 1348 1703 1379 ὃς
1720 1348 1932 1387 Amicitiarum,

1363 1384 1461 1422 Inter,
1485 1386 1569 1416 clarae
1594 1387 1758 1423 memoriae,
1785 1385 1967 1425 Richardum‚
1990 1386 2162 1426 Regnorum
2187 1390 2393 1428 praedic‘torum

1325 1423 1439 1461 Angliae
1452 1422 1490 1458 ὠ·
1504 1427 1625 1454 Franciae
1640 1431 1704 1454 tunc
1718 1427 1829 1461 Regem,
1848 1434 1901 1463 pro
1914 1425 1940 1455 le
1956 1428 1988 1456 &
2003 1426 2212 1459 Success'oribus
2226 1429 2295 1467 suis,
2310 1439 2395 1468 atque

1326 1461 1409 1499 Nos,
1426 1473 1479 1500 pro
1499 1462 1597 1493 Nobis
1616 1462 1773 1501 nostrisque
1795 1462 2023 1502 Succefforibus,
2043 1464 2199 1505 Initorurn,
2212 1466 2395 1506 juratorum,

1326 1500 1554 1546 &firmatorum
1564 1525 1574 1540 ,
1594 1512 1623 1534 ut
1639 1503 1668 1532 in
1681 1502 1803 1540 publicis
1819 1501 2031 1541 Documentis,
2048 1502 2148 1534 exinde
2163 1506 2319 1545 confectis,
2337 1506 2396 1545 ple-

1327 1548 1392 1569 nius
1407 1549 1586 1578 continetur,

1363 1577 1402 1608 Et
1425 1589 1490 1618 per,
1509 1580 1612 1618 etiarn,
1635 1579 1718 1610 clarae
1740 1580 1910 1617 memoriae,
1934 1581 2100 1618 Henricum,
2124 1580 2311 1620 postmodum
2334 1583 2398 1614 Re-

1326 1625 1453 1655 gnorum
1474 1617 1587 1655 Angliae
1611 1616 1649 1652 &
1668 1621 1790 1648 Franciae
1812 1618 2016 1658 pmdicstorum
2038 1622 2134 1657 Regem
2148 1642 2157 1657 ,
2174 1620 2346 1651 Genitorem
2363 1625 2396 1654 ὃς

1327 1656 1562 1692 praedecessorem
1587 1657 1694 1696 praefati
1720 1655 1808 1695 Regis
1833 1657 1982 1696 moderni,
2010 1656 2190 1696 Gratificata,
2217 1659 2397 1699 Approbata,

1329 1693 1470 1733 Validata,
1484 1695 1597 1734 Jurata,
1615 1696 1648 1726 ὃς
1664 1694 1860 1735 Confirmata,
1879 1706 1911 1727 ac
1927 1696 2040 1726 Servata
2054 1696 2186 1735 fuerunt,
2201 1699 2234 1728 ὅ(
2247 1700 2310 1728 alias
2322 1700 2399 1736 juxta

1325 1732 1450 1764 formam
1461 1756 1469 1770 ,
1485 1735 1710 1772 continentiam,
1728 1734 1762 1765 &
1784 1743 1914 1766 tenorem
1927 1735 2134 1773 Tradtatuum,
2153 1735 2328 1773 Foederum,
2346 1737 2399 1767 Al-

1324 1771 1517 1811 ligantiaruin,
1543 1772 1734 1812 pactionum,
1758 1772 1935 1812 Unionum,
1960 1775 1994 1805 &
2021 1773 2222 1805 Amicitiarum
2247 1775 2400 1816 praedidto-

1322 1820 1387 1841 rum

1361 1834 1447 1880 Et’ad
1462 1849 1642 1888 Petendum,
1660 1848 1817 1889 Dandum,
1837 1851 1870 1882 &
1887 1849 2100 1889 Recipiendum
2117 1851 2152 1881 de
2170 1850 2322 1883 Praemiffis
2336 1863 2402 1884 om-

1325 1889 1409 1919 nibus
1429 1890 1464 1920 &
1485 1888 1600 1928 fingulis
1616 1887 1808 1926 quascumque
1821 1889 1993 1930 Scripturas,
2013 1899 2070 1920 tam
2087 1890 2229 1929 publicas,
2245 1893 2330 1930 quam
2344 1895 2401 1932 pri-

1323 1937 1415 1966 vatas,
1433 1927 1468 1958 ad
1487 1922 1635 1958 Praemissa
1650 1925 1814 1958 necessarias
1828 1929 1862 1960 ὅ(
1877 1936 2042 1967 oportunas,
2057 1929 2093 1960 ad
2107 1929 2194 1960 robur
2208 1929 2242 1961 ὃς
2257 1930 2401 1962 certitudi-

1325 1972 1393 1997 nem
1406 1965 1619 2004 praedictorum.

1363 2005 1397 2036 In
1420 2013 1543 2044 quorum
1568 2002 1766 2036 testimonium
1788 2004 1836 2036 has
1850 2004 1956 2036 nostras
1970 2006 2111 2044 praesentis
2125 2006 2318 2038 Procuratorii
2333 2006 2400 2039 Lit-

1322 2051 1408 2083 teras,
1426 2054 1512 2075 manu
1525 2044 1638 2083 propria
1652 2044 1829 2082 subscriptas,
1871 2045 1878 2074 i
1898 2045 2004 2083 illoque
2018 2045 2117 2076 nostro
2132 2046 2268 2084 plumbeo
2289 2046 2318 2076 Si
2340 2045 2403 2077 illa·

1325 2091 1384 2154 gres,
1404 2092 1462 2151 pez1
1469 2082 1676 2128 infrascriptum
1691 2082 1839 2122 publicum
1896 2085 2019 2115 otarium
2040 2083 2171 2115 nostrum
2191 2084 2253 2116 fieri
2269 2085 2282 2123 j
2325 2095 2401 2116 imus

1375 2131 1443 2152 man
1463 2130 1583 2153 avimus.

1365 2199 1475 2231 Datum
1498 2200 1532 2231 &
1555 2198 1651 2230 aetum
1673 2202 1702 2229 in
1724 2198 1797 2230 villa
1811 2198 1903 2239 nostrii
1919 2202 2079 2240 Sainteren,
2098 2201 2228 2232 vicesima
2243 2202 2336 2242 prima
2352 2202 2398 2235 die

1327 2238 1437 2270 Mensis
1456 2238 1551 2277 Junii,
1575 2238 1665 2268 Anno
1684 2236 1820 2277 Caesaris,
1845 2239 2011 2270 Secundum
2036 2239 2208 2279 Regnorum
2230 2240 2396 2271 nostrorum

1326 2277 1471 2316 Cursum,
1488 2276 1646 2307 Millefimo
1659 2276 1945 2316 Qadringentesimo
1952 2278 2091 2316 Qinqua
2112 2278 2202 2309 efimo
2215 2280 2327 2319 primo,
2337 2279 2399 2311 hoc

1327 2316 1389 2386 e'std
1403 2318 1480 2360 anno
1499 2317 1516 2347 a
1534 2315 1568 2347 N
1572 2317 1694 2347 ativitate
1706 2315 1832 2347 Domini
1847 2316 2004 2348 Millesimo
2020 2316 2089 2356 Qia
2109 2318 2308 2357 ringentesimo
2325 2317 2401 2353 Ter-¹

1327 2363 1369 2387 tio
1392 2364 1497 2387 ecimo.

1531 2431 1717 2463 Praesentibus
1732 2430 1856 2471 ibidem,
1874 2432 2091 2466 honorabilibus
2106 2433 2188 2473 viris,

1369 2508 1512 2578 Gurffialvo
1531 2511 1679 2539 Laurentii
1697 2508 1868 2547 Secretario,

1369 2548 1408 2579 Et
1462 2547 1566 2587 agistro
1581 2551 1734 2577 Laurentio
1748 2551 1863 2585 Fugatia
1883 2547 2021 2587 Medico,

1369 2587 1408 2619 Et
1424 2586 1558 2625 Johanne
1573 2589 1656 2627 Fryre
1676 2585 1862 2625 Camerario,
1876 2587 1988 2618 nostris.

1403 2663 1539 2696 Testibus
1557 2664 1592 2696 ad
1611 2663 1749 2702 praemiffa
1769 2666 1877 2696 vocatis
1895 2664 2047 2704 specialiter
2065 2666 2098 2697 &
2118 2666 2230 2705 rogatis.

2060 2745 2124 2773 ΕΙ,
2148 2744 2245 2773 REY.

1370 2821 1431 2857 Ego
1457 2818 1598 2850 Antonius
1620 2818 1741 2850 Martini
1794 2823 1942 2850 canonicus
1962 2819 2126 2859 Ulyxbonen.
2150 2819 2275 2850 Publicus
2289 2820 2404 2861 praefati

1335 2860 1446 2888 Domini
1462 2861 1539 2896 Regis
1555 2857 1719 2896 Portugaliae
1735 2841 1773 2893 (ἐν
1787 2858 1918 2896 Algarbii
1934 2862 2087 2898 Notarius,
2105 2857 2144 2894 &⁶
2163 2860 2220 2898 ejus
2231 2861 2406 2899 aubloritate3

1333 2901 1379 2938 qui
1398 2897 1516 2927 omnibus
1536 2895 1575 2931 ό·
1594 2896 1701 2936 fingulis
1715 2895 1922 2937 fiaprafiriptis,
1940 2898 2004 2927 dum
2020 2897 2077 2937 fic,
2095 2905 2126 2927 ut
2141 2902 2339 2938 praemittitur,
2346 2899 2403 2940 fie-

1335 2944 1397 2966 rent
1411 2935 1449 2971 &
1463 2941 1622 2974 agerentur,
1639 2934 1696 2966 und
1713 2946 1770 2965 cum
1777 2937 1915 2974 praediffls
1931 2940 1966 2966 Te
1989 2936 2065 2975 ibus,
2082 2936 2197 2976 praefens
2209 2935 2339 2977 interfui,
2357 2949 2405 2968 ea-

1335 2986 1385 3015 que
1401 2974 1440 3014 fic
1457 2973 1519 3015 fieri
1540 2974 1601 3004 vidi
1620 2972 1659 3008 (Ἀπ’
1679 2975 1793 3013 audivi,
1817 2973 1934 3015 Idebque
1964 2986 2004 3005 mc
2018 2974 2153 3014 publicum
2176 2974 2404 3016 Instrumentum,

1335 3024 1419 3043 mauu
1436 3011 1552 3052 praefati
1574 3015 1687 3042 Domini
1709 3015 1787 3050 Regis
1806 3013 2001 3053 Subscriptum,
2019 3013 2160 3055 Sigilloque
2167 3013 2218 3054 fito
2227 3014 2348 3053 plumbeo
2361 3019 2403 3046 Si-

1332 3051 1477 3090 gillatum,
1494 3050 1592 3080 exind?
1613 3049 1730 3091 confeci,
1739 3050 1851 3092 firipfi,
1869 3051 1907 3086 ὠ·
1925 3052 2082 3092 publicavi,
2097 3063 2128 3082 ac
2149 3056 2177 3082 in
2190 3052 2262 3082 hanc
2269 3052 2402 3092 publicam

1325 3089 1451 3131 firmam
1478 3090 1581 3128 redegi,
1616 3099 1725 3130 igneque
1740 3088 1778 3125 ὠ
1794 3093 1897 3121 nomine
1913 3096 1977 3121 meis
1983 3089 2075 3131 Jblitis
2089 3089 2127 3125 όν
2141 3090 2268 3131 consuetis
2273 3092 2403 3132 fignavi,

1332 3137 1441 3168 rogatus
1509 3133 1585 3169 requi
1596 3135 1666 3167 itus,
1683 3133 1713 3158 in
1728 3127 1904 3168 testimonium
1912 3128 2114 3170 praemiffinum

1493 3205 1553 3274 Sul}⁸
1569 3204 1661 3273 {ig-illo
1678 3205 1801 3244 plumbeo
1822 3206 1947 3238 dealbato
1963 3207 2100 3246 pendente
2115 3206 2201 3248 &filis
2210 3206 2304 3246 firiris
2322 3209 2401 3239 varii

1554 3255 1568 3274 o
1580 3254 1642 3274 om.

1333 3379 1382 3411 De
1407 3381 1590 3426 Homagiis‚
1616 3380 1780 3425 Ligeorum
1805 3382 1891 3427 Regis
1917 3383 1949 3412 in
1973 3381 2189 3427 Aquitannia‚
2216 3379 2399 3426 recipiendis.

1331 3462 1465 3534 REX
1482 3464 1634 3502 omnibus,
1649 3463 1684 3494 ad
1700 3474 1790 3504 quos,
1808 3466 1869 3497 &c.
1885 3465 2024 3497 Salutem.

1450 3502 1550 3533 Sciatis
1564 3503 1644 3541 quod
1661 3502 1748 3541 Nos,
2411 3476 2489 3508 Ann.
2507 3477 2552 3515 D,

1367 3540 1417 3571 De
1441 3539 1596 3579 Industria,
1615 3541 1775 3581 Fidelitate,
1796 3543 1830 3573 ὃ(
1849 3542 2130 3582 circumspectione,
2151 3543 2280 3574 cariffimi
2295 3541 2398 3572 Avun-
2416 3525 2525 3586 &41¹3-

1329 3579 1385 3611 culi
1407 3578 1515 3616 nostri,
1538 3579 1648 3609 Thomae
1668 3583 1776 3610 Comitis
1795 3581 1929 3621 Dorfitiae
1948 3582 2057 3620 plenius
2078 3582 2255 3613 confidentes
2268 3604 2277 3619 ,
2303 3580 2396 3612 eidem
2419 3598 2448 3622 H
2474 3605 2503 3631 4·

1327 3618 1483 3648 Avunculo
1499 3616 1600 3648 nostro
1612 3618 1647 3648 ad
1661 3619 1856 3656 recipiendum
1871 3621 1903 3651 &
1918 3620 2271 3658 admittendum,nomine
2284 3620 2395 3659 nostro,
2419 3617 2480 3671 μέμ
2507 3636 2534 3662 ¹·

1325 3656 1468 3695 Homagia
1482 3656 1516 3686 &
1526 3655 1691 3694 Juramenta
1706 3657 1858 3689 Fidelitatis
1873 3659 1910 3689 ab
1925 3659 2061 3690 omnibus
2074 3660 2108 3690 ὃς
2123 3658 2235 3696 singulis
2253 3657 2395 3727 LigIeTisb&
2416 3676 2452 3699 H.
2463 3654 2493 3709 5'·
2524 3656 2531 3664 ’

2332 3707 2353 3727 o
2374 3708 2398 3727 1-

1327 3735 1419 3771 libus,
1435 3735 1522 3772 quam
1543 3732 1812 3766 Communitatibus
1824 3736 1947 3775 ejusdem
1963 3735 2109 3772 Ducatfis,
2128 3735 2257 3774 plenam,
2275 3735 2395 3767 Tenore
2416 3720 2453 3739 Μ’
2472 3717 2515 3747 ¹5'

1327 3773 1527 3812 praefentium,
1544 3771 1741 3803 Concedimus
1755 3775 1788 3803 &
1803 3773 2024 3806 Committimus
2037 3773 2209 3804 Potestatem
2218 3795 2228 3810 ,

1369 3813 1380 3827 ³¹
1397 3810 1526 3849 Ratum,
1543 3810 1667 3841 Gratum
1678 3834 1687 3850 ,
1704 3812 1737 3842 ὃς
1760 3812 1891 3844 Firmum
1912 3813 2032 3844 habituri
2051 3811 2186 3850 quicquid
2201 3812 2278 3842 idem
2292 3811 2394 3845 Avun-
2407 3825 2484 3857 *XL
2498 3830 2545 3863 29,-

1329 3849 1408 3917 wlff?
1422 3848 1536 3888 noster,
1554 3851 1673 3880 nomine
1686 3850 1801 3889 nostro,
1818 3852 1915 3883 fecerit
1930 3853 1959 3881 in
1971 3849 2135 3890 praemulsis,
2152 3849 2198 3881 vel
2209 3849 2304 3890 aliquo
2319 3861 2393 3891 ptae-

1328 3898 1369 3919 ml
1395 3897 1490 3918 Orum-

1366 3925 1661 4007 InTCelsligsRssecapud
1677 3964 1934 4006 Wstmonasterium
1943 3989 1953 4005 ,
1970 3964 2108 3998 vicesimo
2121 3965 2198 3998 sexto
2212 3966 2258 3998 die
2268 3967 2358 4007 Junii.

1994 4044 2047 4072 Per
2064 4041 2147 4083 ipfiam
2159 4045 2263 4084 Regem.

1819 4128 1877 4170 Eg
2357 4132 2402 4169 De
