2546 4279
764 195 874 237 ET
988 196 1251 239 ACTA

38 284 169 321 'Anno
230 282 277 314 Ac
295 281 434 314 Clausulas
448 279 514 312 alias
526 287 677 319 oportunas
692 279 796 310 eisdem
812 278 1000 318 Addendum,

60 335 145 366 1401.
228 320 353 358 ipsasque
376 320 502 358 Treugas
521 320 619 350 debite
640 318 993 361 proclamaritfaciendum
1012 318 1206 361 ²'dummodo
1222 328 1255 349 ex

38 370 101 395 Hm,
118 375 149 402 4,
189 367 264 397 parte
281 358 351 389 dicti
373 358 582 398 Consanguinei
606 356 695 387 nostri
721 356 850 387 Francme
870 356 960 387 modo
977 356 1056 387 simili
1074 358 1254 396 proclamen—

186 405 230 428 tur

227 419 357 465 ²Necnon
379 443 479 466 caetera
501 435 600 464 omnia
614 435 648 465 &
665 432 768 472 lingula
782 433 962 471 faciendum,
977 434 1202 473 excercendum,
1220 435 1254 465 &

189 473 413 511 expediendum,
433 483 497 512 quae
511 474 542 502 in
557 471 704 502 Praemiffis
714 494 723 509 ,
740 473 774 503 δε
788 473 864 502 circa
877 482 908 502 ea
922 472 1073 503 necessaria
1090 473 1191 504 fuerint
1207 473 1253 503 seu

190 511 408 549 quomodolibet
425 520 563 549 oportuna
580 533 590 548 ,
618 520 651 541 ac
672 520 735 548 qua:
757 510 868 548 qualitas
887 512 921 542 ὃς
940 518 1037 541 natura
1051 509 1253 548 Negotiorum

190 549 353 588 hujusmodi
369 551 487 587 exigunt
502 550 536 580 &
551 550 709 587 requirunt,
727 549 760 579 &
775 559 837 587 quae
852 548 920 579 Nos
933 548 1087 579 faceremus
1102 550 1146 580 seu
1162 551 1253 579 facere

189 588 333 626 possemus
366 589 386 619 si
402 588 576 626 personaliter
599 588 706 617 ibidem
730 586 878 617 Praesentes
892 587 1011 618 essemus
1026 610 1036 625 ,
1053 589 1139 618 etiam
1154 588 1174 618 sl
1190 588 1253 618 talia

188 627 241 658 sint
255 637 317 664 quae
333 611 504 657 I'viandatum
520 627 633 663 exigant
646 633 907 664 quantumcumque
920 626 1056 664 speciale3

226 664 425 697 Promittentes
439 666 469 694 in
486 665 578 694 verbo
598 664 694 701 Regio
716 664 785 694 Nos
798 663 906 695 Ratum
922 665 955 695 ὃς
973 664 1095 695 Gratum
1112 666 1251 702 perpetuo

188 703 331 733 habituros
352 702 487 741 quicquid
507 712 556 740 per
578 701 779 733 Procuratores
800 711 845 733 aut
861 703 998 734 Nuncios
1009 702 1119 732 nostros
1133 702 1253 739 praedic-

185 748 253 777 ῑοε,
277 750 323 771 aut
346 741 417 772 Tres
441 751 539 771 eorum
553 763 564 779 ,
592 741 712 778 superius
735 743 764 771 in
797 741 887 779 specie
912 740 1064 770 declaratos
1078 763 1089 779 ,
1116 741 1226 771 Adrum
1241 764 1252 779 ,

186 779 380 818 Gestum,seu
399 779 587 811 Procuratum
603 779 686 811 fuerit
702 781 731 810 in
750 779 903 811 Praemiffis
918 787 963 809 aut
980 779 1074 816 aliquo
1090 777 1252 809 Praemiffo-

189 827 264 847 rum.

225 855 292 887 Dat.
311 856 362 887 sub
377 855 484 895 Magni
498 856 589 895 Sigilli
604 856 693 887 nostri
701 856 885 887 Testimonio
896 854 970 895 apud
979 853 1120 884 Palatium
1136 854 1254 894 nostrum

190 893 300 934 Wstm.
336 895 452 926 decimo
467 896 574 927 octavo
589 895 637 926 die
650 895 829 933 Septembris.

934 933 987 961 Per
1003 928 1086 970 ipfim
1106 934 1213 969 Regem.

180 1063 231 1096 De
252 1063 480 1110 Commtfflzriis,
505 1072 641 1109 exparte
658 1064 765 1110 Regis,
778 1059 822 1094 ad
833 1064 1026 1108 Attemptata
1043 1060 1249 1107 reformanda.

34 1161 164 1195 Arm-D,
185 1149 239 1206 R
249 1147 323 1216 Eg<
335 1147 494 1216 Omnibusd,
502 1147 537 1178 ad
551 1147 706 1186 quos,&c.
725 1146 859 1178 Salutem.

31 1209 145 1269 1454?
216 1223 286 1255 Post
305 1196 359 1254 luge1
381 1196 714 1262 {affineerffi'cariffimae
738 1222 970 1261 Consanguineae
991 1222 1097 1254 nostrae
1113 1247 1123 1263 ,
1139 1222 1249 1262 ifizbllae

178 1264 288 1332 ῗεςὶίηιε
307 1262 421 1301 Angliae
438 1287 448 1302 2
474 1263 548 1294 Patri
571 1263 622 1293 suo
647 1262 844 1302 Confinguineo
860 1261 946 1301 nostro
961 1265 1083 1291 Franciae
1094 1284 1105 1300 ,
1127 1272 1176 1300 per
1197 1272 1250 1292 nos

193 1306 227 1331 ac
241 1311 286 1332 am

134 1336 141 1344 '
216 1324 530 1370 inter-'Ambaffiatores
548 1337 660 1369 nostros
681 1346 716 1367 ex
736 1347 790 1368 una
805 1360 815 1375 ,
835 1337 868 1367 δε
884 1337 1103 1368 Ambaffiatores
1123 1338 1247 1377 ejusdem

122 1412 132 1421 ,
177 1376 390 1446 ξοηΐὲηξζυίῃεί
403 1378 490 1411 nostri
512 1386 546 1408 ex
569 1376 652 1407 altera
666 1384 761 1415 parte,
779 1377 853 1414 apud
869 1376 1067 1416 Lenlyngham
1082 1378 1112 1406 in
1128 1378 1251 1415 partibus

201 1418 259 1448 ikar
280 1417 314 1446 iae

216 1453 290 1484 Inter
306 1439 424 1492 c’aetera,
442 1453 524 1484 fuerit
543 1452 725 1484 concorditer
740 1451 976 1493 Appunetuatum
989 1454 1068 1492 quod
1085 1456 1157 1485 certi
1171 1454 1248 1485 Am‹

180 1492 357 1530 baffiatores,
375 1492 433 1522 tam
447 1501 481 1523 ex
494 1502 550 1522 una
563 1499 640 1530 parte
655 1493 742 1531 quam
755 1494 823 1530 alia,
839 1502 910 1530 quos
924 1493 1008 1522 nobis
1024 1492 1091 1523 hinc
1104 1494 1173 1523 inde
1191 1493 1246 1531 pla-

179 1539 256 1562 ceret
269 1531 469 1570 transmittere,
487 1531 544 1561 tam
567 1540 620 1568 pro
640 1532 762 1568 partibus
776 1531 979 1568 Aquitanniae,
995 1532 1080 1569 quam
1096 1541 1147 1569 pro
1163 1533 1247 1570 parti-

178 1571 231 1601 bus
246 1569 383 1600 Picardiae
405 1571 438 1601 &
462 1569 631 1600 Normaniae
644 1592 654 1606 ,
672 1571 861 1600 convenirent
880 1570 963 1600 certis
977 1569 1076 1600 diebus
1091 1574 1123 1600 &
1142 1571 1247 1608 Locis,

176 1616 265 1646 prout
279 1609 350 1639 inter
364 1607 585 1638 Ambaffiatores
607 1607 722 1638 eosdem
745 1609 849 1645 poterit
870 1609 1039 1638 concordari
1055 1631 1065 1646 ,
1082 1608 1116 1638 ad
1130 1609 1243 1640 Vacan-

175 1646 247 1677 dum
260 1647 293 1677 &
307 1646 453 1686 diligenter
468 1657 501 1677 ac
516 1646 633 1677 fideliter
651 1645 861 1677 Intendendum
876 1645 953 1677 circa
966 1646 1187 1684 Reparationem
1200 1648 1246 1678 seu

175 1684 427 1716 Reformationem
444 1685 704 1723 Attemptatorum‚
721 1692 819 1715 contra
832 1684 980 1715 Terrorem
996 1685 1246 1724 Treugarum,in-

178 1732 241 1762 ter,
258 1724 373 1754 celebris
394 1725 559 1762 memoriae,
577 1723 742 1753 Richardum
762 1733 851 1761 nuper
870 1726 965 1761 Regem
976 1723 1089 1761 Angliae
1104 1722 1142 1758 ὠ·
1156 1728 1246 1755 Fran-

177 1765 225 1792 cia»
244 1763 278 1793 ὃς
292 1762 441 1800 praefatum
457 1762 712 1799 Consanguineum
725 1762 853 1792 nostrum
866 1762 930 1792 alias
945 1763 1074 1793 initarum
1084 1786 1093 1801 ,
1110 1771 1196 1801 prout
1211 1764 1242 1793 iri

178 1800 355 1839 Indenturis,
374 1802 448 1831 inter
459 1801 530 1841 ipsos
545 1799 765 1832 Ambaffiatores
781 1800 945 1839 conscriptis
960 1802 994 1833 ὃς
1009 1802 1246 1840 iigmus‚p1enius

176 1841 280 1909 poffirit
292 1850 423 1878 apparere
429 1862 440 1879 ‚

179 1914 186 1915 r
254 1889 286 1910 OS
294 1901 304 1917 >

197 1916 486 1985 lAppulnecuamenta
507 1916 668 1956 hujusmodi
683 1941 693 1955 ,
711 1924 851 1956 quantum
869 1916 904 1948 ad
918 1916 988 1948 Nos
1005 1917 1101 1949 attinet
1120 1940 1131 1957 ,
1154 1917 1244 1949 adim-

207 1965 247 1985 eri
261 1966 300 1986 vo
310 1964 386 1986 entes

176 1963 199 1993 P
216 1993 266 2023 De
280 1978 429 2032 fidelitat'e,
444 1994 605 2032 prudentia,
621 1995 655 2025 δε
674 1993 1100 2032 είτευῐτιῖρεὲὶίοηε,(ἶεῑίίῖἰωί
1115 1994 1250 2026 Consan-

176 2033 274 2101 ssiinei
287 2032 393 2070 nostri,
410 2033 549 2062 Ea'wardi
563 2036 673 2062 Comitis
689 2032 847 2063 Rutlandiae
865 2033 1098 2064 Locumtenentis
1117 2034 1203 2064 nostri
1220 2036 1250 2064 in

214 2078 296 2101 ucatu
311 2070 409 2101 nostro
424 2071 621 2110 Aquitanniae,
637 2080 671 2102 ac
679 2071 850 2102 Venerabilis
864 2071 951 2102 Patris
968 2071 1166 2111 Archiepisc'opi
1175 2076 1249 2102 Bur-

178 2109 306 2147 degabae,
325 2112 439 2140 Domini
454 2110 485 2139 de
500 2109 524 2139 le
536 2113 650 2148 sparre‚
670 2111 781 2139 Domini
796 2110 828 2139 de
842 2113 970 2148 Durras,
979 2113 1090 2140 Domini
1110 2112 1141 2141 de
1150 2115 1248 2141 Mont-

168 2146 272 2187 ferant
286 2147 427 2187 Sentfialli
447 2149 480 2179 de
501 2149 631 2179 Laundes
647 2170 657 2186 ‚
674 2148 800 2178 Abbatis
816 2148 848 2178 de
864 2150 963 2178 Sanelo
977 2152 1095 2188 Severo,
1114 2150 1248 2189 Capitalis

169 2185 235 2226 five
249 2189 389 2225 Capitanei
401 2187 433 2217 de
447 2188 571 2218 Lourdre
588 2209 598 2225 ,
615 2185 832 2225 Conslabularii,
848 2187 886 2223 &a
902 2189 1022 2225 Majoris
1037 2191 1171 2218 Civitatis
1189 2189 1251 2228 uosL

177 2232 232 2255 trae
248 2225 418 2263 Burdegaliae
433 2250 443 2264 ,
471 2225 603 2265 Magistri
623 2225 755 2264 Pelegrini
775 2227 807 2256 de
828 2230 902 2255 Faue
914 2248 924 2264 ,
941 2225 1073 2265 Magistri
1096 2228 1248 2257 Bertrandi

178 2264 212 2331 ‘ge
225 2264 303 2304 Ast,
318 2264 430 2303 Legum
444 2264 610 2296 Doc'torum
626 2287 636 2304 ,
654 2266 688 2296 &
705 2274 807 2295 eorum
830 2265 976 2303 cujussibet
992 2287 1002 2304 ,
1020 2265 1143 2303 plenarie
1158 2267 1250 2298 confi-

202 2310 276 2333 entes

218 2325 295 2378 Ipso}
309 2341 479 2374 Duodecim
494 2364 505 2380 ,
521 2341 675 2373 Undecim
690 2364 701 2381 ,
719 2340 835 2386 Decem
848 2365 859 2381 ,
885 2340 1007 2373 Novem
1022 2365 1034 2380 ,
1052 2342 1135 2374 octo
1151 2365 1162 2381 ,
1180 2344 1251 2382 Sep-

178 2385 261 2417 tem,
275 2380 348 2419 Sex,
366 2381 521 2420 Qtinque,
541 2381 692 2420 Quatuor,
711 2382 745 2413 ὃς
758 2381 832 2411 Tres
853 2390 953 2411 eorum
976 2381 1116 2419 (quorum
1136 2381 1248 2414 dictum

181 2417 411 2449 Locumtentem
425 2418 554 2449 nostrum
569 2443 579 2457 ,
597 2419 786 2450 Senescallum
800 2419 836 2450 de
851 2419 982 2450 Laundes
995 2443 1005 2458 ,
1023 2428 1069 2450 aut
1085 2419 1248 2452 Constaba-

180 2455 280 2486 larium
292 2457 468 2494 Burdegaliae
483 2467 573 2488 unum
585 2456 641 2489 effe
656 2458 806 2495 volumus)
828 2458 938 2488 nostros
959 2468 1043 2489 veros
1063 2480 1073 2495 ,
1091 2457 1250 2497 legitimos,

181 2494 400 2525 &indubitatos
418 2495 616 2526 Procuratores
627 2518 638 2534 ,
655 2496 857 2533 Negotiorum
880 2495 1015 2526 Gestores
1029 2518 1039 2534 ,
1058 2496 1092 2526 &
1113 2496 1149 2526 N
1152 2498 1250 2527 uncios

182 2531 310 2571 speciales
325 2532 478 2570 Facimus,
493 2533 686 2572 Ordinamus,
704 2533 958 2565 &constituimus
974 2544 1022 2572 per
1040 2533 1191 2565 Praesentes
1200 2558 1211 2573 ,

219 2571 266 2602 Ad
292 2570 466 2608 Attemptata
487 2580 676 2613 quaecumque
692 2572 789 2609 ,infra
811 2573 926 2602 diffitum
948 2572 1096 2603 Ducatum
1118 2572 1250 2604 nostrum

179 2608 379 2648 Aquitanniae,
396 2618 497 2640 contra
510 2612 634 2640 sormam
648 2608 682 2639 &
696 2607 835 2640 effectum
843 2610 1023 2648 Ti‘eugarum
1039 2609 1252 2650 praedietarum,

180 2657 232 2686 per
249 2648 442 2687 quoscumque
457 2647 544 2678 Partis
559 2647 697 2685 adversae,
715 2647 810 2677 debite
824 2646 969 2678 reformari
984 2648 1139 2686 petendum
1153 2672 1164 2687 ,
1183 2660 1251 2680 nec-

183 2696 244 2755 gon
258 2687 294 2755 ³f²d
305 2686 490 2756 ⁴coxgsimilern
503 2685 752 2717 Reformationem
765 2696 819 2723 pro
831 2693 908 2724 parte
923 2686 1019 2718 nostra
1034 2687 1197 2718 faciendum
1205 2689 1254 2720 seu

205 2735 246 2755 eri
270 2735 350 2756 acien
370 2735 419 2756 um

221 2763 268 2794 Ac
283 2764 361 2801 super
376 2747 578 2794 Mo'deratione
587 2762 742 2794 Paciorum
756 2762 801 2793 seu
815 2761 1006 2794 Paffitiorum
1022 2763 1095 2795 infra
1104 2763 1254 2796 Ducatum

206 2802 373 2840 raediCtum,
392 2801 411 2831 fi
427 2812 491 2839 quae
504 2802 555 2832 sint
569 2801 726 2840 exceffiva,
743 2811 777 2832 ex
792 2811 847 2831 una
861 2809 936 2839 parte
950 2802 994 2832 vel
1009 2801 1078 2841 alia,
1095 2802 1254 2835 secundum

198 2851 310 2872 ormam
332 2840 366 2871 &
388 2839 525 2870 effectum
544 2840 727 2877 Treugarum
751 2839 873 2877 ipsarum
887 2863 897 2878 ,
923 2840 957 2871 &
987 2839 1253 2878 Appunetuamenti

182 2880 315 2949 ¹praedigfi
338 2879 511 2917 exigentiam
526 2900 537 2917 ,
553 2878 761 2916 disponendum
776 2900 787 2916 ,
804 2879 839 2910 &
857 2878 1044 2909 ordinandum
1058 2902 1068 2918 ,
1092 2880 1254 2914 ordinative

197 2927 275 2950 acien
296 2928 346 2950 um

222 2940 373 2996 Verbaqu’e
387 2955 505 2987 obscura
519 2954 701 2987 &Clausulas
714 2955 916 2993 ambiguas2in
931 2955 1036 2987 eisdem
1049 2955 1175 2995 Treugis
1181 2967 1253 2989 con-

186 3001 263 3040 tenta
275 3019 285 3034 ,
301 2996 321 3026 si
339 2995 497 3064 oportuerit
511 3017 521 3034 ,
539 2993 575 3025 dc
596 2992 730 3025 consensu
743 2992 833 3025 Partis
844 2994 982 3034 adversae,
1001 2994 1201 3027 declarandum
1219 2997 1253 3028 &

186 3042 259 3067 mter
280 3041 355 3065 retan
376 3043 426 3064 um

225 3073 245 3093 ³¹²
260 3044 310 3103 Ille
325 3056 466 3104 clausulis
480 3071 544 3102 alias
559 3069 804 3110 oportunasffalva
818 3069 971 3102 substantia
982 3071 1149 3103 earumdem
1158 3072 1254 3104 Treu-

187 3111 309 3151 garum)
328 3111 433 3141 eisdem
447 3110 626 3149 addendum,

244 3149 372 3188 Ipsasque
394 3147 526 3186 Treugas
554 3149 652 3179 debite
677 3147 851 3179 Proclamari
876 3147 1037 3180 faciendum
1051 3172 1062 3187 ,
1088 3149 1253 3181 dummodo

186 3197 241 3256 plto
258 3197 336 3226 parte
352 3187 423 3218 dicti
440 3186 653 3225 Consanguinei
670 3187 759 3217 nostri
778 3186 906 3218 Franciae
920 3187 1010 3218 modo
1029 3188 1172 3218 confimili
1185 3199 1252 3227 pro-

188 3236 206 3258 c
217 3235 347 3257 amentur
408 3246 410 3248 -

227 3248 474 3295 Necnon³caetera
489 3264 586 3295 omnia
603 3265 638 3296 &
652 3263 755 3303 fingula
770 3263 962 3304 Faciendum,
978 3264 1254 3305 Excercendum,&

187 3301 426 3340 Expediendum,
442 3311 506 3339 quae
517 3303 547 3332 in
560 3302 712 3334 Praemissis
721 3326 731 3342 ,
748 3304 782 3334 &
794 3305 870 3335 circa
884 3314 915 3334 ea
928 3304 1079 3336 necessaria
1092 3304 1195 3335 fuerint
1210 3305 1255 3336 seu

191 3340 411 3380 quomodolibet
427 3349 569 3377 oportuna
585 3364 595 3379 ‚
611 3350 645 3371 ac
672 3351 735 3380 quae
763 3342 876 3380 qualitas
891 3344 925 3374 ὃς
941 3350 1037 3373 natura
1053 3343 1255 3380 Negotiorum

190 3379 354 3417 hujusmodi
367 3379 482 3420 exigunt
496 3379 530 3409 ὃς
546 3380 690 3417 requirunt
707 3403 717 3418 ,
735 3380 768 3411 &
785 3390 849 3418 quae
864 3380 933 3411 Nos
946 3380 1101 3412 faceremus
1115 3382 1160 3413 seu
1177 3382 1255 3413 face-

191 3428 223 3449 re
235 3417 394 3456 possemus,
413 3417 433 3446 li
448 3416 624 3454 personaliter
640 3418 746 3449 ibidem
761 3418 906 3456 praesentes
921 3418 1057 3459 essemus,
1074 3421 1162 3452 etiam
1178 3420 1198 3450 fi
1213 3428 1255 3452 ta-

190 3456 228 3488 lia
242 3457 296 3487 sint
312 3466 375 3494 quae
391 3454 566 3485 Mandatum
581 3456 671 3492 magis
684 3457 794 3495 exigant
805 3457 940 3496 speciale,

229 3494 447 3532 Promittentes,
465 3494 495 3523 in
509 3493 598 3524 verbo
611 3492 711 3530 Regio
721 3516 732 3532 ,
749 3494 817 3525 Nos
837 3495 947 3526 Ratum
967 3496 1001 3527 &
1018 3497 1142 3528 Gratum
1156 3507 1256 3537 perpe-

192 3535 244 3564 tuo
261 3533 406 3564 habituros
420 3531 552 3570 quicquid
569 3541 617 3569 per
632 3530 828 3564 Procuratores
841 3542 888 3565 aut
903 3534 1040 3566 Nuncios
1054 3536 1168 3567 nostros
1183 3547 1256 3575 prae-

193 3572 286 3603 dictos
301 3595 311 3611 ,
335 3580 381 3603 aut
402 3571 476 3601 Tres
495 3580 596 3601 eorum
616 3570 645 3600 su
667 3572 739 3602 erius
755 3572 785 3601 in
806 3572 899 3610 specie
919 3573 1070 3605 declaratos
1086 3598 1096 3613 ,
1120 3576 1229 3607 Actum
1245 3599 1255 3614 ,

194 3610 319 3679 Pestum
332 3635 342 3649 ,
358 3611 404 3641 seu
425 3608 612 3640 Procuratum
648 3610 717 3640 uerit
733 3610 763 3640 in
782 3609 932 3642 Praerniffis
951 3621 999 3644 aut
1015 3613 1111 3651 aliquo
1126 3614 1255 3646 Praemis-

206 3659 299 3679 orum.

232 3687 298 3718 Dat.
316 3687 367 3718 sub
391 3686 493 3726 Magni
514 3685 605 3724 sigilli
626 3686 720 3716 nostri·
732 3685 917 3719 Testimonio
933 3689 1008 3728 apud
1030 3689 1171 3721 Palatium
1194 3690 1251 3731 710st

193 3731 268 3756 trum
287 3725 468 3765 Wstm.xviij
487 3725 533 3756 die
551 3725 734 3764 Septembris.

39 3059 154 3090 *VIIL

42 3107 107 3135 225.

717 3803 770 3832 Per
789 3805 882 3833 Breve
900 3803 933 3833 de
949 3806 1070 3835 Privato
1087 3805 1187 3844 Sigillo.

42 3873 120 3903 'Arm¹
134 3872 176 3905 D.
196 3881 200 3884 ⁴

43 3921 150 3977 A¹n4022
193 3927 241 3959 De
256 3927 493 3962 Proclamatione
506 3927 674 3974 facienda,
693 3929 783 3975 stipor
802 3925 965 3962 Rebellione
983 3929 1090 3964 Omim'
1106 3928 1142 3962 de
1166 3929 1255 3964 Glen-

47 3973 139 4024 HJ4J
661 3976 784 4026 dourdy.

45 4025 131 4064 Claus.

48 4069 152 4100 2.H.4.
259 4059 324 4091 EX
341 4060 517 4093 Vicecomiti
531 4062 837 4100 Devoniae,Salutem.

43 4106 71 4137 p.
87 4110 112 4130 ι.
125 4113 159 4132 m.
296 4098 374 4140 Qua
389 4120 400 4138 2
425 4101 623 4139 certificatione
644 4101 831 4142 plurimarum
855 4101 1014 4135 Literarum
1032 4104 1043 4143 3
1067 4113 1102 4136 ac
1121 4102 1257 4137 relatione

51 4141 117 4178 hd.

1341 198 1806 244 PUBLICA.
2295 209 2347 247 15

1295 283 1483 313 Nunciorum
1493 308 1503 323 2
1521 287 1621 324 quibus
1642 288 1727 318 fidem
1750 286 1893 318 credulam
1915 283 2082 316 adhibemus
2096 305 2107 321 ,
2124 280 2349 312 certitudinaliter
2366 271 2437 301 Arm·
2452 272 2493 304 Do'

1292 323 1481 352 informamur
1502 326 1579 362 quod
1607 329 1726 364 Ovum&
1749 324 1916 362 Glendourdy
1942 326 1974 353 ὃς
1993 323 2037 352 alii
2062 321 2193 351 Rebellcs
2207 319 2295 348 nostri
2312 319 2346 348 dc
2389 319 2472 347 140¹·

1287 361 1408 397 partibus
1417 360 1459 389 W
1461 361 1529 391 alliae
1544 373 1633 400 nuper
1648 372 1746 393 contra
1756 365 1819 393 Nos
1835 366 1868 395 &
1883 361 2073 399 Magestatem
2088 359 2213 388 nostram
2221 358 2346 394 Regiam
2362 352 2426 376 Hm·
2442 359 2473 383 4-

1285 402 1382 430 innon
1391 399 1509 430 modico
1525 410 1646 430 numero
1661 401 1880 439 insurrexerunt,
2087 436 2091 441 ⁸
2142 436 2145 440 ι
2231 433 2239 441 Ἰ
2302 434 2306 438 ⁵
2324 433 2329 438 Ι

1324 437 1369 467 Ac
1387 438 1549 475 quamplura
1572 439 1745 469 Gravamina
1767 442 1800 470 ὃς
1822 439 2038 470 Βείὶῑυξῒίοηεε
2060 435 2200 476 Fidelibus
2221 433 2345 475 Subditis

1285 475 1386 506 nostris
1398 476 1504 506 ibidem
1525 478 1590 517 (qui
1604 488 1779 515 nequaquam
1793 488 1891 508 eorum
1906 477 2045 507 nialitioiis
2061 474 2214 511 Propontis
2228 475 2345 502 consen·-

1285 515 1335 544 tire
1351 516 1500 551 curarunt)
1520 517 1685 553 intulerunt,

1322 552 1359 582 Et
1375 553 1467 583 adhuc
1483 554 1511 582 in
1528 563 1637 584 tantuin
1652 555 1687 584 de
1708 553 1754 583 die
1773 555 1802 583 in
1823 553 1899 583 diem
1914 554 2013 583 inferre
2027 561 2086 592 non
2101 548 2250 591 desistunt,
2263 547 2344 588 quod

1286 600 1385 629 magna
1401 602 1460 629 pars
1474 591 1641 623 Hominum
1663 594 1783 629 partium
1807 591 2004 629 praedidtarum
2023 589 2126 619 ciidem
2142 587 2305 628 Rebellibus
2320 586 2347 616 se

1284 630 1464 660 reddiderunt
1480 631 1512 661 &
1529 631 1707 661 submiserunt
1723 653 1732 668 ‚
1749 630 1842 667 sicque
1858 629 2012 659 Residuum
2029 628 2193 657 Hominum
2207 626 2346 668 dict-,irum

1286 666 1411 698 Partium
1433 670 1465 698 ὃς
1488 668 1681 700 Marchiarum
1705 668 1869 698 earumdem
1895 666 2013 706 prchatis
2039 665 2204 695 Rebellibus
2227 663 2349 707 nostris,

1284 707 1356 736 infra
1373 708 1458 737 breve
1478 708 1572 745 (quod
1587 708 1672 745 absit)
1690 707 1872 738 verisimiliter
1895 706 1920 736 se
1944 704 2049 746 reddet
2063 705 2095 733 δε
2117 704 2277 746 submittet,
2295 704 2348 732 nui

1286 754 1386 775 eorum
1403 744 1539 783 Malitite,
1557 746 1651 777 divini
1669 747 1778 776 favente
1797 743 1957 775 Clementia
1973 766 1982 781 ,
2000 741 2104 784 vrrilius
2122 741 2290 780 relistamus,

1323 783 1395 822 Tibi
1416 782 1620 823 Praecipimus,
1637 785 1789 815 districtists
1807 793 1866 823 quo
1888 782 2031 820 poil'umus
2058 789 2246 819 injungentes,
2266 778 2347 823 quod

1287 820 1381 852 statim
1391 844 1401 860 ,
1419 823 1481 853 vifis
1496 822 1697 862 Praesentibus,
1716 825 1746 853 in
1763 822 1875 859 singulis
1888 820 2074 856 Civitatibus,
2090 818 2200 856 Bur-gis,
2216 820 2249 849 ὃς
2265 817 2348 848 Villis

1288 860 1487 899 Mercatoriis,
1505 872 1538 891 ac
1554 862 1612 892 aliis
1627 863 1716 892 Locis
1730 860 1897 891 Comitatus
1911 861 1951 890 tui
1965 882 1974 897 ,
1992 858 2042 887 ubi
2056 857 2202 894 expediens
2215 857 2295 901 suerit
2310 856 2345 886 «Sc

1288 900 1416 935 necesse,
1444 900 1540 931 ublice
1555 909 1588 930 ex
1604 909 1680 938 parte
1693 899 1787 930 nostra
1802 899 1969 936 proclamari
1984 896 2068 926 facias
2083 897 2163 934 quod
2179 896 2295 926 universi
2310 895 2345 925 &

1289 937 1384 976 singuli
1399 937 1426 968 lv
1439 938 1508 969 ilites
1524 939 1557 969 ὃς
1571 939 1718 975 Armigeri
1732 961 1742 976 ‚
1759 939 1788 967 in
1810 937 1937 968 Personis
1952 937 1986 967 ad
2002 935 2185 979 laborandum
2200 942 2346 978 potentes,

1288 986 1322 1006 ac
1337 976 1489 1016 Sagittarii,
1508 978 1554 1015 qui
1570 988 1661 1008 annua
1676 977 1771 1007 Feoda
1786 976 1830 1007 vel
1846 975 1934 1006 Vadia
1948 976 1984 1006 de
1997 975 2080 1004 nobis
2100 981 2257 1011 percipiunt
2268 975 2346 1008 super

1288 1014 1342 1045 fide
1355 1018 1388 1047 ὃς
1406 1017 1553 1053 Ligeantia
1568 1017 1619 1047 suis
1634 1017 1733 1054 quibus
1748 1016 1829 1046 nobis
1842 1023 1988 1053 tenentur,
2005 1013 2032 1043 se
2048 1012 2169 1050 trahant,
2188 1018 2348 1054 properent,

1287 1054 1320 1083 &
1334 1054 1465 1085 festinent
1484 1065 1568 1094 penes
1587 1065 1639 1085 nos
1664 1055 1749 1094 usque
1771 1053 1925 1084 Civitatem
1949 1053 2073 1084 nostram
2098 1050 2291 1092 Wygorniae‚
2311 1056 2349 1078 ita

1285 1093 1364 1131 quod
1380 1093 1430 1124 lint
1447 1094 1553 1125 ibidem
1570 1096 1663 1131 primo
1677 1095 1723 1124 die
1731 1093 1868 1123 Ocstobris
1880 1093 2013 1129 proximo
2029 1090 2144 1127 futuro,
2157 1087 2202 1120 vel
2219 1097 2249 1117 m
2266 1085 2347 1116 Cras-

1286 1133 1347 1161 tino
1360 1134 1482 1170 ejusdem
1495 1133 1551 1163 diei
1564 1133 1597 1162 ad
1614 1133 1745 1163 ultimum
1754 1155 1763 1170 ,
2308 1164 2313 1169 ,

1323 1169 1361 1200 Et
1378 1172 1454 1208 quod
1472 1172 1567 1202 venire
1580 1172 1665 1201 facias
1680 1180 1777 1201 coram
1792 1168 1908 1207 Nobis,
1925 1168 1960 1199 ad
1974 1167 2050 1199 diem
2063 1167 2096 1198 &
2111 1166 2211 1197 locum
2226 1163 2347 1208 praejdic-

1286 1215 1346 1246 tos,
1364 1210 1491 1240 Centum
1506 1210 1666 1253 Saginai-ios
1680 1210 1770 1245 magis
1784 1207 1953 1238 sufficientes
1968 1204 2132 1237 Comitatus
2146 1206 2187 1235 tui
2205 1228 2215 1243 ,
2234 1203 2349 1248 quilibet

1286 1256 1386 1277 eorum
1399 1249 1476 1286 juxta
1492 1248 1576 1278 status
1590 1248 1628 1278 sui
1643 1249 1812 1286 exigentiam
1827 1247 1899 1276 bene
1920 1246 1953 1276 δε
1976 1245 2145 1276 sufficienter
2168 1251 2291 1274 munitus
2314 1242 2348 1272 &

1286 1295 1412 1316 arralatus

1322 1324 1368 1354 Ad
1383 1310 1618 1361 prssfficiscendum
1632 1323 1783 1354 nobiscum
1798 1323 1827 1352 in
1842 1322 1950 1353 easdem
1966 1330 2071 1359 partes,
2090 1321 2124 1351 ad
2139 1318 2298 1362 hujusmodi
2315 1316 2348 1347 fi-

1285 1361 1360 1393 deles
1381 1364 1515 1394 Sucditos
1535 1363 1647 1393 nostros
1664 1361 1870 1400 protegendum
1894 1361 1926 1390 &
1950 1360 2163 1390 succurrendum
2179 1382 2189 1397 ,
2208 1368 2240 1389 ac
2255 1356 2349 1387 dictos

1286 1400 1417 1432 Rebelles
1432 1402 1558 1440 nostros,
1573 1412 1641 1431 cum
1656 1399 1830 1430 adminiculo
1846 1399 1993 1436 Militum,
2008 1396 2347 1434 Armigerorurn,Sagit-

1285 1441 1422 1470 rariorum
1438 1463 1448 1478 ,
1469 1441 1502 1471 &
1516 1441 1635 1471 aliorum
1652 1439 1852 1477 praedictorum
1872 1436 1961 1475 (Deo
1974 1438 2075 1474 dante)
2095 1436 2293 1467 Resistendum
2312 1436 2347 1467 &

1285 1478 1526 1516 Reprimendumg

1322 1517 1361 1548 Et
1379 1517 1455 1556 hoc,
1473 1517 1523 1547 sub
1542 1516 1675 1547 Periculo
1693 1515 1770 1553 quod
1788 1513 1929 1545 incumbit
1944 1535 1954 1551 ,
1969 1513 2119 1543 nullatenus
2135 1513 2253 1542 omittas.

1355 1555 1443 1586 Teste
1464 1556 1548 1594 Rege
1570 1555 1644 1593 apud
1668 1553 1927 1594 Wstmonasterium
1941 1575 1950 1589 ,
1969 1552 2085 1582 decimo
2101 1551 2205 1581 octavo
2219 1550 2264 1581 die
2279 1549 2348 1591 Sep-v

1281 1595 1404 1625 tembris.

1971 1631 2026 1658 Per
2042 1627 2124 1668 ipſsim
2140 1629 2244 1664 Regem.

1282 1709 1450 1741 Confimilia
1462 1709 1560 1741 Brevia
1576 1709 1737 1748 diriguntur
1752 1706 1983 1739 Vicecomitibus
1997 1706 2171 1744 subscriptis,
2187 1704 2238 1734 sub
2247 1702 2348 1735 eadem

1321 1749 1413 1788 Data,
1432 1749 1583 1788 videlicet,

1321 1828 1376 1857 Vic.
1392 1826 1483 1856 Glouc.
1877 1825 1931 1853 Vtc.
1950 1821 2080 1852 cantebr.
2097 1822 2136 1859 ὠ·
2153 1825 2246 1854 Hunt.

1323 1866 1376 1896 Vic.
1395 1869 1484 1896 Oxon.
1500 1863 1539 1899 ὠ
1555 1864 1637 1894 Berk.
1874 1863 1928 1890 Wc.
1946 1861 2049 1893 Norht,

1321 1905 1378 1935 Vic.
1397 1906 1521 1945 thgorn.
1876 1902 1934 1929 Vic.
1954 1898 2040 1938 Salop.

1324 1945 1380 1974 Vic.
1399 1945 1467 1975 Bed.
1484 1942 1522 1979 (θ’
1540 1942 1612 1973 Buk.

1286 2020 1454 2053 Consimilia
1470 2020 1569 2052 Brevia
1576 2019 1734 2057 diriguntur
1745 2015 1974 2047 Vicecomitibus
1986 2014 2143 2053 subscriptis
2151 2039 2160 2054 ‚
2168 2015 2277 2048 mutatis
2288 2019 2352 2052 niu-fl

1528 2059 1615 2090 tandis
1625 2081 1635 2096 ,
1653 2058 1702 2088 sub
1717 2056 1816 2087 eadem
1832 2054 1923 2093 Data,
1940 2054 2090 2092 videlicet,

1798 2152 1829 2251 }
2372 2264 2392 2285 ²*
2404 2264 2487 2299 vm.

1287 2292 1308 2313 θ’
1328 2291 1496 2322 Confimilia
1512 2290 1609 2321 Brevia
1621 2291 1780 2327 diriguntur
1795 2290 2027 2322 Vicecomitibus
2040 2290 2196 2328 subscriptis
2217 2313 2226 2328 ‚
2244 2290 2294 2321 sub
2308 2300 2353 2321 ea-
2392 2303 2456 2332 226·

1322 2331 1388 2360 dem
1399 2330 1474 2361 Data
1496 2328 1625 2368 (omnzffiz
1649 2329 1698 2359 illa
1722 2328 1851 2368 clausula
1876 2329 1910 2360 ἅτ
1931 2330 2010 2368 quod
2032 2330 2128 2359 venire
2147 2329 2230 2360 iacias
2243 2351 2255 2368 ,
2276 2327 2355 2370 usque
2439 2340 2443 2341 ⁷

1322 2369 1376 2407 ibi,
1396 2367 1559 2399 Comitatus
1573 2370 1628 2404 tui)
1647 2367 1794 2404 videlicet,

1326 2448 1381 2475 Vic.
1400 2442 1515 2482 Somerfi
1529 2442 1566 2478 ῤ’
1583 2441 1668 2481 Βον].’

1325 2485 1379 2513 Vic.
1399 2482 1505 2520 Wstef

1326 2524 1382 2551 Vic.
1397 2520 1541 2560 Hercffbrd.

1325 2140 1381 2168 Vic.
1398 2137 1534 2177 Notingh,
1553 2135 1592 2172 ῤ’
1609 2135 1696 2166 Derb.

1326 2179 1381 2206 Wc.
1400 2175 1482 2214 Stqffi

1324 2218 1380 2245 Vic.
1401 2217 1494 2245 W'arr.
1513 2214 1552 2250 ὠ·
1570 2217 1650 2253 Leyc.

1878 2144 1994 2176 cuilibet
2019 2154 2118 2176 eorum
2141 2154 2195 2183 pro
2214 2143 2354 2176 Ducentis

1877 2182 2041 2221 Sagittariis.

1880 2444 1934 2472 Vic.
1952 2444 2075 2473 Lincoln.

1879 2483 1934 2510 Vic.
1953 2481 2043 2511 Rotel.

1883 2522 1937 2549 Vic.
1952 2520 2038 2550 Ebor.

1329 2597 1467 2638 consimile
1492 2600 1586 2626 Breve
1606 2596 1734 2633 dirigitur
1751 2595 1919 2626 Camellario
1933 2600 1963 2627 in
1977 2599 2089 2627 Ducatu
2109 2597 2263 2627 Comitatds
2280 2599 2359 2635 Regis

1290 2636 1416 2667 Palatini
1432 2634 1602 2674 Lancaslriae
1610 2632 1664 2675 βό
1678 2635 1769 2664 eadem
1785 2638 1876 2665 Data.

1551 2763 1601 2794 De
1623 2758 1812 2803 Restitutione
1834 2761 2068 2807 Umporalium.

1291 2848 1349 2903 R
1358 2847 1421 2878 EX
1439 2846 1580 2878 Escaetori
1595 2844 1643 2876 suo
1657 2845 1688 2875 in
1702 2844 1851 2876 Comitatu
1863 2846 2047 2886 Wygorniae,
2066 2846 2200 2878 Salutem.
2375 2831 2451 2863 ΑΜ·
2466 2830 2508 2864 ΒᾸ

1392 2886 1475 2916 Cum
1483 2885 1630 2915 Dominus
1642 2883 1777 2914 Summus
1790 2883 1923 2913 Pontifex
1937 2885 2103 2915 Richardum
2112 2909 2121 2924 ,
2139 2894 2228 2922 nuper
2243 2882 2349 2914 Batho-
2397 2880 2483 2909 ¹40¹·

1288 2923 1406 2962 niensem
1421 2924 1460 2959 &
1485 2923 1639 2963 Wlleiisem
1653 2921 1779 2951 Eleclum
1793 2944 1803 2960 ,
1818 2932 1834 2951 a
1849 2922 1967 2953 vinculo
1980 2948 1990 2961 ,
2016 2934 2075 2962 quo
2097 2923 2203 2954 eisdem
2218 2923 2349 2954 Ecclesiis
2373 2915 2425 2938 ²¹²¹*
2444 2920 2470 2938 ²·

1287 2963 1447 3001 tenebatur,
1465 2962 1596 2999 absolvit,
1614 2959 1760 2999 ipsumque
1773 2961 1806 2991 ad
1818 2960 1976 2991 Ecclesiam
1984 2961 2223 3001 Wygorniensem
2237 2963 2349 2992 Vacan-
2372 2954 2406 2976 H.
2422 2958 2452 2984 4·
2483 2987 2486 2990 .

1288 3008 1348 3031 tem
1371 3002 1531 3033 auctoritate
1552 2999 1719 3037 Apostolica
1747 2998 1940 3038 transtulerit,
1965 3002 1998 3032 &
2021 3003 2050 3032 in
2071 3001 2175 3039 Episco
2197 3011 2245 3032 um
2267 3001 2352 3032 dietae
2375 2992 2432 3014 Par.
2458 2996 2506 3037 ²⁶,

1288 3038 1422 3071 Ecclefiae
1436 3040 1610 3079 Wygorniae
1626 3039 1784 3076 praefecerit
1798 3039 1832 3069 &
1846 3037 2013 3077 Pastorem,
2031 3039 2100 3069 sicut
2115 3049 2163 3079 per
2201 3042 2277 3070 iteras
2286 3039 2350 3070 Bul·
2374 3031 2505 3062 ⁸⁴4·P·4¹·

1288 3078 1461 3147 latasstipflus
1481 3078 1605 3109 Domini
1621 3077 1737 3108 Summi
1758 3076 1921 3116 Pontificis,
1940 3078 2022 3109 nobis
2036 3078 2102 3109 inde
2117 3078 2255 3118 directas,
2273 3079 2358 3110 nobis
2378 3073 2449 3100 m‘52

1289 3126 1348 3149 con
1373 3126 1419 3156 at,

1331 3156 1417 3194 Nos,

1330 3195 1390 3226 Pro
1409 3204 1445 3224 eo
1459 3194 1538 3232 quod
1561 3193 1636 3224 idem
1658 3191 1833 3231 Episcopus,
1850 3194 1986 3224 omnibus
2005 3194 2039 3225 &
2062 3194 2175 3232 singulis
2190 3194 2310 3233 Verbis,
2326 3198 2356 3226 in

1293 3234 1375 3265 dietis
1391 3234 1493 3264 Literis
1506 3232 1618 3263 Bullatis
1639 3233 1780 3263 contentis
1797 3255 1807 3270 ,
1822 3232 1967 3272 Nobis&
1984 3232 2113 3263 Coronae
2132 3232 2238 3263 nostrae
2254 3231 2354 3272 praeju-

1292 3272 1438 3303 dicialibus
1446 3294 1457 3310 ,
1472 3281 1572 3302 coram
1582 3271 1676 3301 Nobis
1688 3270 1779 3307 palam
1791 3273 1825 3302 &
1840 3271 1962 3308 expresse
1979 3271 2187 3310 Renunciavit‚
2196 3273 2229 3304 &
2243 3271 2352 3302 Gratiae

1293 3310 1398 3342 nostrae
1414 3311 1556 3341 humiliter
1572 3309 1598 3340 se
1614 3309 1737 3340 submisit
1751 3331 1763 3347 ‚
1788 3310 1913 3341 volentes
1928 3319 1996 3341 cum
2012 3319 2047 3340 eo
2061 3311 2092 3340 in
2108 3311 2161 3341 hac
2180 3319 2259 3349 parte
2272 3320 2356 3350 agere

1315 3359 1415 3380 ratiose

1292 3361 1313 3389 g
1331 3372 1469 3426 Cepin’ius
1485 3386 1657 3418 Fidenatem
1674 3385 1754 3424 ipfius
1770 3386 1905 3425 Episcopi
1941 3389 1976 3419 sc
1992 3387 2175 3426 Temporalia
2191 3388 2260 3419 dieti
2285 3387 2356 3426 Epif

1291 3426 1602 3466 scopatsisWygorniae
1612 3448 1623 3469 ,
1637 3432 1723 3469 prout
1737 3426 1823 3455 moris
1837 3424 1894 3469 est,
1914 3410 2102 3457 Pestituimus
2112 3426 2224 3466 eidem3

1330 3466 1367 3496 Et
1380 3465 1446 3495 ideo
1461 3466 1513 3496 tibi
1531 3464 1719 3501 Praecipimus
1733 3465 1812 3502 quod
1828 3464 1921 3495 eidem
1929 3464 2074 3502 Episcopo
2081 3465 2262 3503 Temporalia
2277 3473 2349 3501 prae-

1291 3505 1387 3542 dieta,
1404 3513 1473 3534 cum
1488 3502 1682 3540 pertinentiis,
1700 3503 1730 3532 in
1746 3502 1846 3533 Balliva
1862 3512 1907 3534 tua
1924 3526 1935 3543 ,
1954 3503 2010 3534 sine
2025 3503 2175 3543 dilatione,
2193 3504 2308 3534 Liberes
2320 3509 2352 3534 uc

1292 3542 1461 3583 praedi&um
1476 3541 1535 3580 est,
1551 3541 1626 3571 salvo
1636 3543 1695 3580 jure
1710 3541 1865 3579 cujussibet.

1329 3580 1418 3612 Teste
1441 3579 1528 3618 Rege
1553 3579 1627 3618 apud
1653 3578 1913 3619 Wstmonasterium
1926 3602 1937 3618 ‚
1955 3580 2093 3611 vicesimo
2108 3582 2204 3618 primo
2220 3579 2264 3609 die
2280 3578 2354 3617 Sep.

1291 3620 1416 3653 tembris.

2044 3659 2097 3686 Per
2112 3655 2194 3695 ipsimi
2211 3656 2315 3692 Regem.

1292 3734 1462 3768 Consimilia
1484 3733 1582 3767 Brevia
1600 3733 1757 3774 diriguntur
1778 3734 1972 3767 Escaetoribus
1993 3732 2145 3769 subscriptis
2159 3753 2169 3769 ,
2186 3729 2235 3761 sub
2252 3730 2352 3765 eadem

1678 3773 1770 3813 Data,
1786 3773 1934 3812 videlicet,

1330 3850 1471 3889 Escaetori
1485 3854 1563 3888 Regis
1588 3853 1616 3881 in
1634 3855 1705 3881 Com.
1723 3850 1814 3882 Midd.

1331 3889 1472 3928 Esbaetori
1488 3892 1567 3927 Regis
1585 3892 1614 3918 in
1634 3894 1706 3920 Com.
1724 3888 1817 3919 Glouc.

1332 3929 1360 3957 Ε
1373 3932 1471 3958 caetori
1488 3932 1568 3965 Regis
1581 3931 1611 3957 in
1629 3931 1699 3958 Com.
1718 3931 1812 3958 Warr.

1333 3927 1462 4007 ffianm‘
1475 3970 1626 4008 Fraunceys
1641 3967 1748 4005 Majori
1764 3967 1899 3995 Civitatis
1914 3965 1992 4002 Regis
2000 3963 2147 3995 Londoniae
2155 3987 2166 4005 ,
2174 3976 2206 3995 ac
2211 3957 2353 4002 Escaetotff

1357 4004 1408 4044 fito
1422 4008 1452 4034 in
1465 4005 1555 4035 eadem
1568 4008 1704 4035 civitate.

1329 4046 1436 4083 Majori
1451 4042 1528 4074 Villae
1544 4042 1664 4084 Bristoll.
1685 4054 1717 4073 ac
1736 4041 1873 4082 Escaetori
1882 4040 1932 4080 fico
1945 4044 1975 4070 in
1989 4042 2080 4072 eadem
2095 4041 2176 4073 Villa.

1367 4101 1408 4137 Et
1421 4100 1594 4136 Mandatum
1609 4099 1650 4132 est
1666 4098 1808 4131 Militibus
1818 4120 1830 4137 ,
1852 4096 1943 4130 liberis
1955 4095 2149 4136 Hominibus,
2167 4097 2228 4130 &e
2319 4134 2371 4165 pm
