2562 4274
734 184 845 224 ET
926 180 1194 224 ACTA
1276 184 1745 231 PUBLICA

2264 204 2348 244 107

32 270 116 303 [Anu.
128 266 169 298 D.
191 268 393 300 Commissatio
409 269 418 306 ζ
437 269 522 306 petita
536 267 649 298 fuerunt
661 269 738 305 juxta
752 268 899 299 Tenorem
915 268 1056 306 cuiusdam
1070 268 1197 300 Scedulae
1205 269 1247 298 in-
1284 268 1354 299 solvi
1368 270 1541 308 debuissent,
1558 280 1611 309 pro
1627 272 1856 313 Redemptione,
1874 276 2034 307 recolendae
2053 276 2216 312 Memoriae,
2233 276 2346 313 Johan-
2365 269 2442 299 Ann-
2457 270 2501 300 D:

250 3985 282 4016 T
294 3995 311 4016 E
325 3993 454 4023 RT10,
478 3985 669 4017 ΡΕτιΜυς
693 3986 775 4017 Nos
789 4008 799 4024 ,
822 3985 930 4024 praefati
953 3985 1190 4026 Ambaffiatores,
1214 3988 1268 4018 Sex

210 4025 318 4057 Decies
330 4022 457 4053 Centum
474 4023 558 4055 Milia
571 4025 726 4055 Scutorum
744 4025 888 4062 (quorum
900 4024 1008 4061 semper
1024 4024 1082 4054 duo
1103 4026 1212 4057 valeant
1235 4037 1268 4056 u-

207 4060 645 4142 ῃὲᾞῃ.1ἶοὲἰ1ῗ·ιᾚῗϋσεηυω)
669 4072 733 4102 qux
751 4061 909 4103 supraditfto
926 4072 1015 4102 nuper
1034 4066 1099 4102 Regi
1123 4065 1269 4096 Edwardo

1309 3986 1388 4025 quod
1399 4008 1408 4024 ,
1425 3994 1454 4016 ut
1471 3987 1505 4017 ad
1524 3987 1636 4017 Bonum
1650 3986 1744 4020 Pacis,
1762 3983 1954 4017 Affinitatem,
1973 3982 2004 4010 δ(
2025 3980 2188 4010 Amicitiam
2202 3981 2278 4020 praed
2289 3983 2365 4014 <stam
2384 4000 2446 4021 ιη..

1329 4024 1393 4054 offit
1407 4025 1562 4062 perveniri,
1582 4024 1635 4062 ipse
1648 4026 1780 4062 Dominus
1793 4020 1876 4058 noster
1897 4023 1956 4062 Rexj
1982 4018 2007 4048 se
2027 4018 2133 4055 semper
2154 4020 2297 4058 ostendet,
2315 4032 2369 4058 pro

1335 4072 1391 4095 arte
1403 4063 1448 4094 sua
1462 4086 1472 4101 ,
1488 4064 1523 4098 ad
1540 4063 1597 4098 hoc
1614 4063 1689 4093 bene
1704 4059 1862 4099 dispositum
1880 4059 1913 4087 ὃς
1937 4056 2078 4089 liberalem
2093 4079 2104 4096 2
2128 4057 2162 4088 &
2182 4057 2255 4088 istud
2275 4060 2367 4095 prole-

1831 4094 1862 4126 Ο
1880 4104 1900 4135 3
2273 4105 2371 4138 quetug

61 314 143 344 1415-
189 308 224 338 de
239 310 417 345 conscriptae,
508 345 512 349 ἡ
739 345 743 350 ,
1296 310 1337 336 nis
1351 317 1431 345 nuper
1445 312 1552 338 Fratris
1555 308 1602 348 soi
1616 313 1736 341 Franciae
1753 315 1834 351 (qu-„e
1849 315 1939 345 adhuc
1955 315 2055 344 restant
2069 314 2256 351 persolvenda)
2274 324 2344 353 prae-
2395 316 2466 347 1415
2472 330 2481 337 -

38 350 102 377 Hm.
120 353 148 380 5.
223 347 312 384 Cujus
323 347 424 375 Tenor
439 345 560 382 sequitur
575 344 608 374 δε
625 343 666 374 est
679 344 767 382 Talis,
1292 344 1351 375 fato
1366 349 1481 376 Domino
1493 347 1577 385 nostro
1591 350 1654 384 Regi
1668 351 1783 379 Hem-ico
1797 351 1981 383 effectualiter
1994 353 2121 389 persolvi.
2367 351 2432 375 ΗΜ·
2450 357 2468 382 5
2472 368 2480 374 ι

751 424 755 428 ,
1146 423 1151 428 .
1224 422 1229 427 ⁸
1329 383 1391 421 Qu
1404 396 1423 428 {³
1434 394 1455 414 R
1467 393 1490 415 T
1501 396 1538 422 o,
1564 384 1631 428 Nos
1646 410 1655 422 ,
1679 388 1896 420 Ambafliatores
1915 391 2042 427 praedie'ti
2059 413 2067 428 ,
2098 390 2274 428 Exponimus
2298 400 2351 428 pro

226 422 295 452 Nos
309 420 438 458 Thomas,
454 419 653 459 Dienelmenfis,
671 421 704 451 &
720 422 866 459 Ricardtts,
885 421 1080 460 Norwicenfis,
1100 422 1251 459 Episcopi,
1292 426 1417 457 praelenti
1427 445 1435 459 ,
1454 432 1536 460 prout
1552 424 1652 460 pluries
1662 434 1724 454 ante
1736 426 1798 455 haec
1813 435 1942 464 tempora
1957 439 2003 464 per
2016 428 2083 458 Nos
2098 430 2131 460 ὃς
2148 429 2227 459 Alios
2243 429 2350 467 exposi-

188 460 301 490 Thomas
315 464 405 501 Comes
419 459 638 498 Sarcsbnrienfis,
656 459 786 488 Ricardus
803 463 932 490 Dominus
946 461 978 490 de
1005 464 1090 500 Grey,
1107 460 1251 500 Johannes
1292 466 1354 488 tum
1369 460 1469 498 fuerat,
1480 461 1559 499 quod
1573 471 1632 490 non
1650 463 1689 492 est
1704 463 1868 495 [mentionis
1880 469 1988 495 Domini
1999 467 2080 505 nostri
2096 469 2173 504 Regis
2185 467 2288 497 ducere
2304 466 2327 496 F
2328 468 2351 496 i-

187 497 302 528 Pelham
318 497 418 532 Miles,
435 497 564 526 Robertus
582 500 727 527 {Vaterton
747 498 878 537 Armiger
896 522 906 537 ,
922 500 954 530 δε
969 501 1101 529 Henri'cus
1121 501 1203 530 VVare
1221 500 1250 528 in
1292 497 1357 527 liam
1371 499 1483 537 alicujus
1502 499 1640 537 Principis
1654 501 1683 529 in
1701 500 1848 539 Uxorem,
1867 504 1915 532 nisi
1930 514 1997 534 cum
2014 514 2073 542 quo
2097 506 2186 542 poffet
2203 505 2354 537 verisimili·-

186 545 309 573 utroque
321 535 389 574 Jure
405 536 591 577 Licentiatus,
1293 544 1334 565 ter
1351 534 1459 566 firmam
1473 537 1640 568 Amicitiam
1656 540 1690 569 δε
1705 539 1809 569 Pacem
1824 541 1924 571 habere
1941 551 2112 580 perpetuam,

224 573 396 604 Sereniffimi
413 574 551 612 Principis
569 575 602 603 &
619 572 747 603 Domini
763 573 986 606 Metuendissimi
1001 575 1088 606 nostri
1103 599 1112 613 ,
1139 578 1251 605 Henrici
1331 572 1384 611 Et,
1404 577 1531 612 quamvis
1544 577 1635 606 oblata
1654 577 1703 606 sint
1721 578 1868 607 Noiabilia
1880 600 1890 614 ,
1902 589 1961 609 non
1985 588 2077 609 tamen
2100 582 2228 612 videntur
2256 582 2354 613 Nobis

187 614 266 649 Regis
282 612 395 650 Angliae
413 611 450 647 <sy
466 614 589 641 Franciae
607 611 824 643 Ambaffiatores
837 615 869 644 &
893 613 926 642 N
930 615 1005 644 uncii
1018 636 1027 651 ,
1048 614 1081 644 ad
1104 614 1252 645 illustriffi-
1294 611 1458 643 sufficientia
1473 614 1506 643 ad
1522 614 1762 646 introducendum
1775 615 1933 653 hujusmodi
1945 616 2067 654 Pacem,
2086 619 2118 648 &
2138 629 2281 658 propterea
2293 630 2354 650 non

188 659 270 680 mum
284 650 462 688 principem,
483 649 710 717 Cofgstmgumeum
718 650 799 689 symm
816 654 947 690 Franciae,
1296 650 1429 680 audemus
1442 652 1534 681 adhuc
1547 652 1724 683 effeetualiter
1738 654 1845 689 ingredi
1860 654 2027 684 Tmzffirrum
2052 655 2227 689 Matrimonii

228 688 307 719 Cum
322 688 463 719 potestate
478 688 507 731 su.
541 689 643 726 cienti,
658 689 692 719 de
716 692 748 720 &
772 690 851 728 super
868 690 994 728 juribus,
1021 689 1255 731 Haereditatibus,
1332 688 1404 726 Sed,
1422 691 1500 728 quia,
1517 700 1548 719 ut
1563 690 1709 728 speramus,
1726 692 1881 722 oblationes
1895 692 2037 730 praedistae
2052 694 2154 725 debent
2171 682 2356 734 imposterum

189 726 379 758 Pecuniarum
397 727 541 764 Summis,
555 728 588 757 &
606 727 702 757 Rebus
715 729 953 767 quibuscumque,
986 729 1123 765 praedit-Tro
1151 729 1258 759 Domi-
1298 729 1482 764 augmentari,
1499 729 1606 765 aliaque
1623 728 1720 759 Media
1740 730 1858 768 induci,
1881 730 1914 759 ad
1935 731 2090 767 hujusmodi
2113 732 2216 764 Pacem
2241 736 2354 767 finalem

191 776 232 796 no
249 765 346 796 nostro
363 764 437 804 Regi
455 764 566 803 debitis,
584 765 616 795 ὃς
633 765 780 803 praefatum
790 765 1041 805 Consanguineum
1056 767 1136 797 suum
1151 769 1183 797 ὃς
1197 768 1257 797 suos
1299 764 1459 807 tendentia,
1478 766 1510 795 ὅ(
1527 775 1573 803 'per
1590 766 1700 796 Partem
1718 767 1843 797 Franci-ae
1857 768 2038 798 defidemrum
2052 768 2093 798 est
2108 773 2205 810 quod,
2224 774 2252 802 in
2266 783 2355 805 mate-

189 804 321 842 detentis,
1300 811 1339 844 ria
1354 802 1422 832 dicti
1437 803 1629 841 Matrimonii,
1647 805 1781 835 debemus
1792 806 1892 844 aliquid
1909 806 2018 843 dicere,
2035 807 2101 836 Nos
2125 808 2192 844 (sub
2215 810 2353 843 Protesta-

231 842 277 872 Ac
295 843 379 872 edam
395 842 472 879 super
488 841 696 881 Matrimonio,
723 844 795 872 inter
815 843 964 881 praefatum
990 842 1256 872 Metuendiffimum
1300 846 1378 869 tione
1393 842 1471 879 qu‘od
1488 852 1546 870 nori
1562 842 1728 872 intendimus
1741 843 1848 873 dictam
1862 845 2119 883 materiamingredi
2130 856 2177 884 per
2192 847 2275 878 Viam
2283 850 2357 881 Tra-

192 879 362 911 Dominum
383 881 498 922 nostrum
512 884 623 919 Regem,
642 882 674 911 ὃς
685 904 694 919 ,
713 879 928 910 Nobiliffimam
954 880 1129 918 Dominam,
1150 881 1257 911 Domi·
1301 877 1394 908 <Status
1408 894 1410 900 ·
1429 880 1607 909 amicabiliter
1624 882 1868 911 communicando
1882 882 2000 912 dicimus
2018 883 2096 919 quod
2107 906 2115 919 ,
2135 894 2248 923 propter
2262 886 2356 917 Even-

193 929 261 949 nam
276 919 476 958 Katherinam,
494 920 600 957 praefati
615 919 824 957 Conlanguinei
837 919 877 949 sui
899 919 1017 956 Filiam,
1043 919 1257 958 contrahendo,
1300 924 1361 945 tum
1377 917 1452 948 illum
1464 941 1472 955 ,
1491 919 1619 956 expedire
1637 918 1746 948 videtur
1759 920 1826 949 scire
1839 929 1902 956 quae
1921 920 2055 950 deberent
2085 921 2178 951 offerri
2201 933 2254 960 pro
2277 924 2357 956 Dote

196 956 351 988 Tractandi
367 960 399 988 ὅ(
412 958 527 988 finaliter
539 956 750 995 Concludendi,
1300 954 1458 992 stipradicsto
1474 956 1660 986 Nobilitsimo
1675 959 1790 986 Domino
1807 959 1891 997 nostro
1904 961 1988 996 Regi,

232 996 394 1033 Specialiter
407 996 554 1033 destinati,
1323 993 1388 1023 *Εῑ
1402 995 1511 1025 videtur
1523 994 1620 1024 Nobis
1635 995 1725 1033 quod,
1743 996 1836 1026 habita
1850 995 2084 1031 Conlideratione
2101 998 2134 1028 ad
2149 998 2239 1030 Status
2261 999 2360 1032 Perso-
2382 1018 2397 1034 a

234 1034 495 1072 Pii-rrviiiius,
529 1034 687 1070 PRIMO,
711 1032 746 1062 ab
770 1032 829 1070 ipso
852 1032 1049 1073 Confinguineo
1065 1033 1112 1073 [ἴω
1134 1038 1256 1065 Francis
1300 1041 1398 1061 narum
1413 1033 1445 1062 ὅ(
1465 1033 1559 1062 Onera
1577 1032 1782 1071 Matrimonii,
1813 1044 1872 1064 non
1895 1036 1983 1073 pollet
2006 1036 2123 1066 honeste
2149 1039 2241 1068 minus
2264 1039 2358 1071 offerri
2384 1066 2393 1075 ,
2417 1019 2469 1046 lx'

197 1071 347 1104 Coronam
365 1074 397 1103 ὃς
412 1072 546 1111 Regnum
560 1072 696 1108 Franciae,
712 1080 780 1101 cum
798 1072 970 1110 suisJuribus
983 1072 1016 1102 &
1034 1073 1210 1103 Pertincntiis
1225 1086 1257 1104 u-
1301 1080 1386 1107 quam
1404 1070 1473 1101 Duo
1487 1071 1635 1101 Milliones
1648 1071 1816 1109 (videlicet)
1832 1071 1953 1103 Viceties
1964 1073 2090 1104 Centum
2108 1074 2188 1105 Milia
2197 1076 2361 1118 Scutorum,
2385 1065 2446 1085 ‘¹¹’

197 1113 327 1149 niverfis,
342 1111 458 1149 praefato
482 1108 720 1139 Metuendiffitno
739 1112 855 1139 Domino
877 1110 964 1150 nostro
985 1114 1049 1147 Regi
1075 1111 1258 1143 effectualiter
1299 1118 1421 1147 quorum
1437 1109 1495 1139 duo
1513 1111 1618 1146 semper
1638 1110 1745 1140 valeant
1760 1121 1847 1141 unum
1866 1111 1976 1141 Nobile
1994 1113 2203 1152 Anglicanum,

196 1149 320 1180 Restitui.
335 1151 367 1180 ὃς
382 1149 511 1178 Dimittit
532 1148 577 1178 Ac
592 1147 802 1186 subsequenter,
822 1148 884 1185 post
899 1150 1045 1178 modicum
1062 1148 1259 1187 intervallum,
1340 1146 1476 1188 Recitatis
1491 1149 1575 1178 etiarn
1595 1147 1741 1187 Responlis
1756 1150 1788 1179 &
1805 1148 2022 1187 Oblationibus,
2040 1161 2103 1186 quae
2119 1160 2167 1189 per
2178 1176 2187 1190 ,
2212 1154 2362 1192 praefatum

195 1190 260 1229 quia
272 1188 370 1218 Nobis
383 1187 563 1217 verisimiliter
586 1187 731 1217 videbatur
754 1186 910 1223 hujusmodi
933 1187 1057 1217 nostram
1082 1187 1257 1218 Pentinn-em
1302 1183 1497 1221 Magnincum
1516 1184 1699 1224 Principem,
1716 1189 1861 1218 Dominum
1876 1191 1977 1218 Ducem
1995 1188 2028 1219 ad
2045 1189 2198 1221 Petitiones
2214 1194 2363 1230 praedictas

196 1227 304 1264 praefati
319 1226 509 1263 consanguinei
530 1228 651 1254 Francia:
677 1224 879 1255 Commiffariis
906 1225 938 1255 ὃς
969 1224 1116 1262 Deputatis
1139 1228 1257 1256 minime
1301 1230 1369 1253 tunc
1384 1222 1508 1261 fiebant,
1525 1232 1609 1261 prout
1624 1224 1670 1254 hic
1686 1224 1816 1262 sequitur.

193 1266 262 1296 fore
273 1273 436 1301 acceptam,
453 1264 534 1301 ideo,
554 1273 606 1300 pro
622 1264 703 1292 bono
721 1264 787 1292 tanti
802 1263 926 1299 Negotii
938 1285 947 1300 ‚
966 1265 999 1294 δε
1019 1264 1145 1293 celeriori
1167 1265 1259 1302 Expe-

195 1304 304 1344 ditione
320 1302 457 1342 ejusdem,
476 1302 527 1332 sub
541 1303 622 1332 certis
633 1301 883 1331 Protestationibus
899 1323 909 1338 ,
927 1300 960 1331 ad
978 1300 1029 1332 alia
1048 1300 1262 1333 Condescendi-
1340 1302 1430 1340 Super
1445 1305 1545 1342 quibus
1563 1302 1749 1335 Petitionibus
1767 1306 1799 1336 &
1814 1306 1968 1338 Demandis
1979 1331 1988 1346 ,
2007 1308 2104 1340 Modo
2118 1311 2151 1342 ὅ(
2169 1311 2274 1342 Forma
2297 1314 2361 1350 qui-

194 1350 270 1380 mus,
1306 1341 1360 1371 bus
1373 1342 1469 1379 supra,
1489 1344 1517 1372 in
1533 1342 1666 1381 Scriptis,
1687 1353 1734 1380 per
1750 1344 1840 1374 dictos
1860 1346 1892 1375 N
1897 1348 1995 1376 uncios
2011 1348 2042 1377 &
2065 1349 2278 1380 Ambaffiatores
2298 1353 2361 1381 An-

237 1380 423 1412 Protestantes
438 1379 559 1418 expresse
571 1388 642 1410 tunc
661 1379 766 1409 ibidem
779 1378 859 1418 quod
874 1377 1027 1421 perlaliqua
1039 1401 1048 1416 ‚
1065 1389 1112 1416 per
1131 1379 1201 1410 Nos
1216 1389 1262 1411 aut
1305 1379 1368 1417 gliae
1385 1380 1486 1411 traditis
1496 1404 1505 1419 ,
1519 1380 1653 1412 Prfefatus
1669 1381 1812 1412 Dominus
1831 1392 1907 1413 meus
1923 1387 1991 1413 Dux
2006 1387 2192 1428 Bituricezfis,
2219 1398 2268 1425 per
2310 1389 2361 1419 Se-

198 1418 333 1451 nostrum
348 1420 487 1457 aliquem,
506 1419 701 1449 communiter
715 1426 761 1448 aut
776 1417 974 1454 particulariter
985 1439 994 1454 ,
1014 1426 1082 1448 tunc
1097 1418 1201 1457 locuta,
1216 1420 1261 1450 vel
1306 1417 1479 1448 reniffimum
1512 1419 1798 1456 Potentissimurnque
1823 1420 1917 1451 Princi
1941 1432 1985 1451 em
2001 1445 2009 1458 ,
2031 1423 2191 1455 Dominum
2216 1411 2342 1458 nost’rum

200 1460 230 1489 in
244 1457 347 1489 eodem
359 1457 497 1488 Tractatu
512 1465 615 1486 extunc
630 1455 817 1494 imposterum
833 1456 966 1498 dicenda,
987 1456 1127 1497 noluimus
1150 1467 1203 1488 nec
1220 1458 1262 1488 in·
1306 1459 1467 1486 Francorum
1479 1460 1573 1494 Regem
1587 1459 1615 1487 in
1633 1459 1684 1488 hac
1701 1459 1782 1489 Parte
1796 1461 1903 1489 commi
1932 1470 1979 1497 σε,
1998 1460 2158 1498 Respondet
2174 1464 2207 1494 ὃς
2235 1450 2364 1506 Respon3

200 1496 386 1527 tendebamus
413 1497 443 1525 in
473 1495 564 1533 aliquo
590 1494 652 1533 Juri
680 1494 785 1532 praefati
817 1493 1041 1524 Metuendiffimi
1075 1498 1187 1525 Domini
1217 1508 1264 1526 no·-
1305 1495 1362 1525 deri
1379 1496 1445 1525 fecit
1463 1506 1510 1534 per
1527 1497 1605 1534 suos,
1621 1496 1655 1526 ad
1672 1497 1734 1526 haec
1748 1498 1932 1536 commissos,
1951 1499 2041 1528 modo
2057 1500 2187 1538 sequenti,

195 1534 251 1574 stri
268 1533 454 1572 praeiudicare,
469 1533 543 1563 vela
564 1532 719 1570 supradiffita
740 1531 881 1562 Petirione
896 1532 1044 1569 recedere,
1065 1533 1168 1571 sedJus
1182 1535 1264 1572 ipsius
1343 1533 1403 1563 Sub
1418 1534 1540 1564 expressa
1567 1533 1773 1566 Prorestatione
1798 1536 1876 1575 quod
1893 1559 1903 1574 ,
1928 1547 1978 1574 fer
2002 1538 2205 1576 Responfiones
2219 1562 2229 1576 ,
2254 1541 2368 1573 inferius

203 1571 428 1604 Metuendiffimi
442 1574 553 1602 Domini
566 1571 647 1612 nostri
665 1572 694 1600 in
715 1571 852 1600 omnibus
871 1569 985 1600 illaesum
1006 1571 1170 1608 praeservare
1187 1595 1197 1611 ,
1215 1574 1264 1603 nisi
1309 1571 1428 1609 fiendas,
1448 1572 1514 1602 Pars
1527 1573 1653 1603 Franciae
1666 1574 1820 1604 nullatenus
1835 1574 1865 1605 fit
1879 1575 1977 1614 Ligata
1993 1576 2036 1606 vel
2063 1576 2211 1615 Obligata,
2236 1579 2320 1618 usque
2336 1582 2371 1612 iri,

200 1611 291 1642 solum
310 1611 343 1641 &
357 1611 386 1639 in
403 1619 541 1648 quantum
555 1619 625 1639 curn
642 1608 780 1647 praedicto
795 1608 991 1648 Confhnguineo
1008 1612 1129 1640 Franciae
1146 1613 1190 1643 vel
1206 1613 1265 1650 ejus
1307 1610 1408 1639 Finem
1423 1612 1456 1640 &
1470 1609 1694 1641 Conclusionem
1708 1611 1876 1650 Tradimus,
1896 1623 1950 1643 nec
1963 1614 2042 1644 dieto
2058 1617 2176 1644 Domino
2193 1615 2278 1655 nostro
2292 1621 2368 1656 Regi,

201 1648 409 1680 Commiffariis
425 1647 604 1678 concorditer
621 1647 890 1688 appunetuaremus,
1306 1648 1549 1687 suisqueJuribus,
1569 1649 1783 1680 Confoederatis
1796 1673 1805 1688 ,
1831 1651 1968 1691 Subditis,
1993 1662 2047 1683 nec
2070 1651 2371 1686 Confoederationibus

238 1686 276 1717 Et
293 1687 373 1725 quod
387 1685 546 1723 huiusmodi
557 1695 606 1725 per
622 1686 690 1717 Nos
704 1685 779 1716 dicia
793 1686 839 1716 vel
861 1685 979 1716 dicenda
1003 1686 1111 1716 nullum
1133 1687 1265 1720 haberent
1304 1686 1337 1716 ali
1360 1687 1416 1717 uod
1432 1688 1519 1718 valeat
1534 1689 1734 1725 praejudicium
1751 1690 1890 1727 generari,

199 1724 362 1764 Effectum,
379 1724 425 1755 sed
442 1725 608 1755 haberentur
624 1735 677 1762 pro
696 1734 753 1754 non
770 1724 867 1760 dietis,
888 1724 939 1754 hiis
963 1734 1027 1762 quae
1051 1726 1080 1754 in
1105 1725 1264 1764 hujusmodi
1372 1735 1399 1763 t,
1419 1735 1449 1756 ut
1465 1726 1529 1763 ipsae
1548 1726 1753 1767 Retponfiones
1777 1728 1828 1758 sint
1850 1729 1884 1758 ad
1904 1728 2044 1761 honorem
2070 1728 2143 1767 Dei,
2169 1728 2318 1769 Ecclesiae,
2336 1733 2371 1763 &

198 1763 351 1795 Concordi
370 1763 640 1802 Appuntstuamento
664 1762 787 1800 expresse
810 1765 1021 1794 continerentur
1043 1764 1187 1796 dumtaxat
1218 1775 1266 1796 ex-
1307 1763 1535 1802 Christianitatis,
1553 1775 1620 1795 cum
1635 1764 1793 1796 intentione
1807 1768 1986 1805 perveniendi
2001 1769 2035 1798 ad
2052 1767 2162 1797 Bonum
2180 1768 2257 1798 Pacis
2271 1770 2371 1808 finalis,

197 1804 304 1842 ceptis,
1308 1801 1561 1833 Renovarnentum
1590 1803 1763 1842 Affinitatis,
1792 1806 1824 1834 ὃς
1847 1805 2129 1842 Approximationem
2156 1805 2279 1838 Generis
2298 1808 2371 1840 inter

239 1840 447 1878 Protestantes,
465 1850 518 1880 pro
533 1848 618 1878 tunc,
637 1838 746 1878 insuper
763 1841 796 1871 δε
810 1840 947 1878 expresse,
967 1839 1047 1879 quod
1062 1863 1072 1879 ,
1098 1841 1117 1871 fi
1137 1841 1266 1878 praefatus
1309 1840 1392 1871 Duos
1410 1841 1505 1877 Reges
1518 1843 1550 1872 ὃς
1567 1841 1638 1872 Duo
1654 1841 1773 1880 Regna,
1791 1843 1825 1873 &
1839 1843 1887 1874 sub
1901 1844 1959 1874 aliis
1983 1844 2236 1876 protestationibus
2260 1847 2370 1879 affueris

200 1879 450 1911 Metuendiffimus
476 1882 608 1909 Dominus
632 1877 717 1916 noller
737 1878 837 1916 aliquid
859 1879 894 1909 de
914 1878 982 1916 Jure
1004 1879 1052 1909 suo
1072 1880 1106 1910 δε
1127 1879 1267 1912 Petitione
1309 1880 1342 1910 &
1356 1881 1610 1918 convenientibus,
1627 1881 1660 1911 δε
1673 1890 1732 1911 non
1748 1882 1826 1919 alias,

49 1914 70 1936 Ψ
88 1917 141 1947 tx.
202 1918 340 1956 praedie'ta
354 1918 512 1949 diminuere
528 1917 631 1959 vellet,
650 1917 683 1948 δε
699 1916 802 1946 minori
816 1915 897 1947 Parte
911 1916 1022 1947 suorum
1033 1916 1146 1954 Jurium
1167 1919 1266 1949 *con-
1346 1917 1370 1947 P
1382 1926 1404 1947 R
1414 1927 1426 1947 1
1437 1927 1508 1954 Μο,
1528 1919 1608 1956 qubd
1618 1942 1626 1956 ,
1646 1919 1709 1949 licet
1723 1919 1812 1950 diCrus
1827 1923 1958 1950 Dominus
1973 1921 2058 1958 noster
2071 1944 2080 1958 ,
2107 1930 2166 1952 tam
2188 1932 2237 1959 pei·
2260 1924 2369 1963 ipsum,

47 1965 116 1988 ὶῐιο.
203 1958 321 1995 tentari,
342 1956 400 1987 hoc
413 1957 518 1987 faceret
533 1955 721 1995 prineipaliter
735 1955 768 1984 ad
784 1954 927 1985 honorem
941 1955 1014 1993 Dei,
1040 1955 1175 1986 Ecclefiae
1197 1958 1267 1988 Sari-
1310 1957 1395 1993 quam
1410 1956 1469 1986 suos
1485 1956 1721 1993 Praedeceffores,
1735 1957 1814 1995 justis
1837 1958 1930 1989 Causis
1947 1981 1957 1997 ,
1978 1960 2098 1998 Titulis,
2126 1961 2159 1990 &
2184 1961 2305 2000 Mediis,
2320 1963 2372 2001 Jus

202 1995 260 2026 &ae
280 1994 478 2032 Stabilitatem,
498 1994 668 2032 Regnorum
685 1992 793 2032 Angliae
817 1994 850 2023 &
874 1993 998 2024 Franciae
1019 1994 1265 2033 Tranquillitatem
1310 1994 1410 2025 habeat
1424 1997 1452 2024 in
1467 1996 1601 2026 omnibus
1615 1996 1648 2026 &
1664 1996 1775 2034 singulis
1790 1996 1900 2034 Terris,
1920 1997 2082 2035 Dominiis,
2104 1999 2137 2028 &
2160 1998 2288 2030 Haeredit
2304 2003 2374 2040 <⁷iis,

198 2035 235 2065 &
250 2033 375 2071 Pacem,
393 2032 571 2064 Effulionem
585 2030 738 2061 Christiani
751 2031 896 2068 Sanguinis
911 2032 1071 2063 evitandam
1086 2056 1096 2070 ,
1121 2034 1155 2064 δε
1177 2035 1266 2064 fince-
1310 2032 1429 2070 superius
1445 2035 1553 2072 petitis,
1571 2036 1601 2064 in
1616 2034 1665 2064 suo
1677 2034 1785 2071 Regno
1799 2035 1994 2073 existentibus,
2012 2046 2237 2076 verumptamen,
2253 2039 2293 2068 ob
2343 2050 2373 2070 e-

199 2081 264 2103 ram
282 2071 479 2102 Dileetionem
492 2071 567 2102 inter
581 2069 710 2107 praefatos
724 2069 871 2108 Principes
888 2070 921 2101 δε
944 2069 1050 2108 Regna
1072 2072 1206 2109 praeditsta
1220 2073 1266 2103 fir·
1311 2072 1465 2101 verentiam
1481 2071 1555 2109 Dei,
1572 2073 1605 2103 ὃς
1619 2072 1652 2102 ad
1676 2073 1836 2103 evitandam
1861 2073 1992 2104 Humani
2009 2073 2154 2114 Sanguinis
2179 2076 2373 2116 Eflufionem,

201 2111 277 2141 mius
292 2110 476 2142 nutriendam.
1309 2109 1417 2152 aliaque
1433 2109 1510 2140 Mala
1522 2112 1555 2142 &
1573 2111 1805 2142 Inconvenientia
1818 2111 1954 2149 Guerrae,
1972 2113 2022 2143 erit
2033 2123 2179 2154 promptus
2200 2115 2234 2145 δε
2255 2115 2373 2147 inclina-

242 2149 311 2187 Qia
325 2149 527 2180 Protestatione
541 2147 681 2186 praemiss-{i
703 2169 713 2185 ‚
739 2146 787 2177 Pe
798 2155 980 2178 'r1v1MUS
1006 2156 1038 2178 ut
1058 2147 1151 2178 saltem
1172 2148 1268 2180 Resti-
1310 2156 1353 2178 tus
1371 2149 1441 2185 (sub
1456 2149 1693 2180 Potestatiombus
1707 2150 1735 2180 su
1758 2149 1888 2188 radiens)
1909 2150 2053 2182 intendere
2067 2152 2100 2183 ὃς
2125 2153 2232 2183 intendi
2252 2153 2344 2184 facere
2359 2177 2371 2193 ‚

0 2210 1 2214 ,
200 2195 345 2219 tuerentur
380 2188 477 2218 raefato
494 2185 732 2218 Metuendiffimo
745 2189 859 2215 Domino
874 2186 961 2225 nostro
972 2187 1021 2217 alia
1032 2186 1116 2225 Jura,
1136 2187 1268 2219 Haeredi-
1311 2196 1381 2217 cum
1401 2185 1563 2217 Intentione
1578 2190 1727 2225 pervenien
1749 2189 1757 2217 i
1771 2188 1806 2218 ab
1821 2189 1925 2218 bonam
1948 2189 2054 2219 Pacem
2076 2189 2188 2221 finalem
2204 2214 2214 2230 ,
2239 2191 2370 2224 Affinita-

200 2234 288 2264 tates,
307 2228 340 2258 δε
389 2227 515 2263 ominia,
533 2226 601 2256 citra
620 2224 771 2255 Coronam
785 2225 911 2254 Franciae
930 2225 1093 2262 praedictam
1116 2225 1164 2255 fibi
1185 2229 1269 2264 perti-
1313 2234 1386 2263 tem,
1408 2226 1439 2255 &
1454 2225 1621 2257 Amicitiam
1636 2226 1797 2264 praedictas,
1815 2227 1955 2258 dimittere
1969 2228 2002 2257 δε
2017 2228 2195 2266 transportare
2216 2229 2291 2260 Parti
2308 2231 2370 2262 An-

201 2266 314 2302 nentia,
333 2265 366 2295 &
380 2274 428 2302 per
445 2265 559 2295 Partem
575 2263 685 2300 praefati
699 2262 948 2303 Cons't'anguineisbi'
961 2264 1088 2300 detenta,
1108 2264 1250 2303 videlicet,
1311 2264 1375 2301 gliae
1390 2263 1492 2293 Terras
1506 2273 1570 2302 quae
1583 2268 1753 2302 lequuntur,
1768 2266 1840 2296 ultra
1854 2265 1887 2295 ὃ(
1900 2275 1968 2295 cum
1989 2265 2039 2295 illis
2058 2275 2121 2303 quae
2143 2267 2197 2304 ipsa
2216 2267 2281 2297 Pars
2309 2270 2372 2298 An-

237 2302 436 2342 Homagium,
455 2303 653 2342 Superiorims‚
671 2302 704 2332 ὃς
722 2301 895 2331 Dominium
909 2301 1040 2332 Ducatfis
1065 2301 1267 2342 Normanniae,
1311 2303 1377 2339 gliae
1390 2311 1464 2332 tenet
1477 2303 1505 2331 in
1522 2302 1635 2333 Ducatu
1651 2303 1824 2342 Aquitaniae,
1850 2312 1902 2341 pro
1923 2303 2027 2333 eisdem
2051 2304 2149 2334 Terris
2170 2306 2203 2335 &
2226 2305 2374 2337 Dominiis

241 2340 442 2380 Homagium,
464 2341 661 2377 Superioritas,
677 2340 710 2369 &
726 2338 901 2370 Dominium
916 2339 1048 2371 Ducatus
1075 2340 1268 2381 Turonensis,
1310 2340 1454 2370 Tenendis
1473 2340 1640 2378 (videlicet)
1661 2343 1690 2370 in
1705 2341 1855 2372 Domanio
1871 2341 1938 2371 illud
1954 2341 2033 2379 quod
2050 2341 2091 2373 est
2106 2344 2136 2372 in
2153 2343 2319 2383 Domanio,
2337 2347 2373 2378 δε

203 2388 238 2410 ac
251 2378 414 2410 Comitatus
440 2378 644 2418 Andegavensis
659 2378 692 2408 &
707 2377 742 2408 de
762 2377 852 2417 Mayn
862 2401 871 2414 ,
1310 2379 1340 2408 in
1360 2379 1383 2408 F
1385 2378 1459 2408 eodo
1473 2379 1551 2417 quod
1565 2380 1605 2408 est
1619 2380 1647 2408 in
1664 2379 1781 2416 Feodo,

243 2417 426 2456 Superioritas
438 2418 471 2448 &
486 2417 666 2455 Homagium
685 2415 814 2447 Ducatfis
829 2416 973 2454 Britaniae,
1347 2416 1402 2453 Et,
1417 2415 1473 2446 PR
1484 2424 1578 2454 1Mo,
1596 2416 1716 2448 Patriam
1736 2417 1925 2456 Agenensem,
1943 2418 1974 2447 in
1990 2427 2046 2455 qua
2063 2418 2124 2449 sunt
2141 2419 2214 2450 Tres
2235 2420 2373 2453 Civitates

240 2457 424 2494 Superioritas
438 2458 472 2487 &
487 2455 666 2494 Homagium
685 2453 847 2485 Comitatus
863 2455 895 2485 &
911 2454 1012 2485 Patriae
1031 2456 1177 2494 Flandriae,
1311 2454 1482 2493 (videlicet)
1502 2455 1666 2494 AgenenfiS,
1685 2455 1920 2494 Condomieniis,
1936 2457 1969 2487 &
1988 2455 2162 2487 Letoriensis.

226 2494 370 2534 ‘Necnon
387 2504 447 2525 tota
462 2494 505 2525 illa
521 2494 584 2524 Pars
602 2491 734 2523 Ducatus
749 2493 943 2531 Aequitaniae,
960 2504 1046 2531 quam
1064 2495 1192 2533 praefatus
1200 2498 1269 2523 Con-
1347 2491 1394 2522 Ιτ
1407 2502 1425 2523 E
1435 2501 1481 2531 M,
1500 2493 1619 2523 Patriam
1632 2493 1803 2525 Basatensem
1813 2517 1823 2532 ,
1839 2495 1869 2524 in
1883 2504 1936 2535 qua
1950 2493 1990 2524 est
2006 2493 2114 2526 Civitas
2128 2495 2282 2528 Basatenfis.

193 2532 361 2572 Jizngm'neus
375 2536 514 2571 Franciae,
531 2534 564 2564 &
579 2531 623 2562 alii
642 2531 677 2562 de
692 2530 776 2562 Parte
791 2533 835 2562 sua
851 2554 862 2569 ‚
880 2532 1002 2570 detinet,
1026 2533 1070 2564 seu
1090 2533 1215 2564 detinent
1233 2533 1269 2564 de
1348 2530 1394 2561 IT
1405 2540 1421 2561 Ε
1431 2539 1478 2569 M,
1496 2532 1712 2562 Auxitanensem
1725 2534 1754 2562 in
1768 2531 1860 2563 Parte.

201 2572 342 2610 praesenti,
1347 2569 1475 2606 ITEM,
1494 2568 1614 2600 Patriam
1631 2570 1907 2610 Petragoricensem,
1924 2571 1954 2600 in
1975 2580 2030 2609 qua
2050 2571 2112 2603 sunt
2135 2572 2199 2603 duae
2221 2572 2377 2614 Civitates,

241 2609 405 2647 Omniaque
419 2611 470 2641 alia
487 2607 631 2647 Ducatus,
650 2609 829 2646 Comitatus,
850 2608 1007 2645 Dominia,
1028 2608 1184 2648 Civitates,
1209 2609 1270 2640 Vil-
1311 2608 1562 2647 Petragoricensis,
1579 2609 1612 2639 δε
1631 2608 1795 2639 Sarlatensis.

202 2647 255 2686 lae,
276 2647 372 2678 Castra
381 2671 389 2686 ‚
409 2648 565 2685 Fortalitia,
583 2647 755 2685 Distriistus,
769 2646 980 2685 Jurisdiffiones
993 2649 1026 2678 &
1040 2647 1270 2685 Territoria,quae
1348 2646 1392 2676 Ιτ
1402 2656 1419 2676 E
1430 2654 1457 2676 M
1466 2669 1475 2683 ,
1494 2645 1628 2676 Civitates
1642 2646 1835 2678 Lestarensem
1848 2648 1881 2678 &
1895 2646 2071 2678 Olerensem.

203 2696 254 2725 per
266 2686 436 2718 Traftatum
452 2686 531 2716 Pacis
543 2686 644 2724 finalis,
672 2687 761 2724 inter,
787 2686 872 2715 bonae
897 2685 1049 2715 Memoriae
1065 2709 1073 2720 ,
1098 2686 1270 2716 Edwardum
1350 2685 1423 2715 ITE
1434 2693 1477 2722 M,
1496 2684 1673 2716 Comitatum
1685 2687 1718 2718 ὃς
1735 2686 1857 2717 Patriam
1872 2685 2013 2725 Bigorrae,
2030 2687 2059 2718 in
2084 2687 2185 2725 quibus
2204 2686 2245 2717 est
2269 2686 2379 2719 Civitas

206 2732 288 2762 nuper
306 2728 403 2762 Regem
424 2724 553 2763 Angliae,
582 2727 615 2756 ὃς
665 2725 796 2754 ohannem
816 2731 879 2753 tunc
905 2726 1031 2754 Fratrem
1052 2724 1128 2763 ficum
1149 2728 1271 2754 Franciae
1312 2723 1483 2755 Termensis.

205 2763 357 2802 habiturn,
376 2763 494 2803 praefato
506 2766 572 2801 Regi
589 2766 616 2793 E
637 2763 733 2792 wardo
754 2761 885 2800 assignata
900 2762 1013 2793 fuerunt:
1027 2785 1037 2800 ,
1062 2763 1112 2792 sibi
1146 2764 1179 2794 &
1200 2764 1271 2794 Hae-
1347 2761 1473 2799 ITEM,
1491 2761 1613 2792 Patriam
1630 2761 1883 2800 Xandioneniem,
1898 2772 1962 2801 quae
1976 2762 2017 2793 est
2034 2762 2102 2793 ultra
2118 2762 2237 2794 Flumen
2250 2764 2286 2795 de
2301 2764 2378 2796 Cha-

205 2801 318 2832 redibus
333 2803 385 2833 suis
398 2810 537 2840 perpetuo
552 2801 721 2839 remansura,
740 2800 840 2831 Modis
854 2802 888 2832 &
906 2800 1018 2830 Formis
1033 2802 1062 2830 in
1080 2801 1182 2832 Literis
1200 2802 1273 2842 ipso-
1314 2809 1406 2838 ranta,
1425 2801 1454 2829 in
1470 2811 1525 2838 qua
1539 2799 1579 2831 est
1597 2798 1704 2832 Civitas
1718 2801 1934 2832 Xanetonensis.

206 2850 271 2870 rum
287 2840 473 2878 Principum,
491 2839 570 2879 super
593 2840 732 2878 praediCto
754 2838 892 2870 Tractatu
914 2838 1052 2870 confetstis
1066 2861 1076 2878 ,
1101 2839 1208 2878 plenius
1225 2850 1272 2871 ex-
1347 2838 1457 2869 ITEM
1470 2862 1479 2877 ,
1497 2838 1617 2870 Patriam
1630 2838 1833 2870 Caturcensem
1845 2863 1855 2878 ,
1873 2841 1902 2869 in
1917 2849 1970 2877 qua
1993 2838 2034 2869 est
2054 2838 2161 2870 Civitas
2183 2839 2377 2880 Caturcenfis;

201 2878 340 2918 pressaris.
1313 2876 1434 2918 demptis
1448 2877 1553 2908 Monte
1572 2878 1684 2908 Albano
1701 2880 1735 2910 &
1749 2888 1838 2908 omne
1858 2878 1935 2916 quod
1950 2876 1991 2907 est
2013 2878 2086 2907 inter
2110 2877 2239 2909 Flumina
2260 2879 2295 2910 de
2318 2879 2377 2911 Ve-

245 2916 437 2955 Ulteriusque,
456 2926 491 2946 ne
503 2916 677 2947 Communis
692 2917 811 2946 mixtura
828 2915 940 2946 Rerum
954 2917 987 2947 &
999 2915 1160 2947 Difficultas
1178 2917 1272 2948 Limi-
1313 2925 1366 2946 ron
1382 2918 1414 2947 &
1430 2916 1465 2946 de
1479 2916 1557 2946 Tarn

207 2963 289 2992 tum,
307 2957 379 2986 inter
392 2955 486 2986 Partes
501 2955 612 2994 Angliae
624 2956 656 2986 ὃ(
666 2955 791 2985 Franciae
807 2953 992 2991 imposterum
1007 2955 1102 2994 (quod
1115 2955 1203 2991 absit)
1219 2955 1271 2986 dis-
1348 2953 1395 2985 1¹1·
1405 2962 1477 2992 EM,
1495 2953 1675 2985 Comitatum
1688 2953 1946 2994 Engolismensem,
1963 2954 1992 2983 in
2009 2963 2069 2991 quo
2093 2953 2135 2984 est
2154 2953 2262 2986 Civitas
2281 2955 2376 2997 Engo-

208 2993 337 3023 cordiam
350 3002 494 3032 generaret
504 3016 514 3032 ,
527 2993 549 3023 P
560 3003 577 3024 E
589 3001 612 3022 T
622 3003 632 3022 1
645 3002 682 3023 v1
691 3001 718 3023 M
727 3001 749 3022 u
761 3002 773 3022 s
793 2992 901 3022 Omnia
918 2991 1014 3022 Cast-ra
1022 3015 1033 3031 ,
1052 2992 1137 3024 Villas
1146 3016 1156 3031 ,
1173 2994 1272 3025 Forta-
1314 2992 1454 3023 lismenfis.

207 3031 284 3069 litia,
300 3030 456 3067 Dominia,
473 3032 588 3070 Terras,
606 3031 775 3069 Distric'tus,
792 3031 825 3060 &
844 3031 1018 3068 Territoria,
1037 3032 1107 3062 inter
1124 3031 1219 3070 Aquas
1235 3032 1271 3062 de
1350 3030 1478 3067 ITEM,
1496 3030 1615 3062 Patriam
1632 3030 1862 3068 Ruthenensem‚
1881 3032 1909 3061 in
1924 3039 1978 3069 qua
1988 3030 2050 3060 sunt
2066 3029 2143 3060 Duae
2159 3030 2297 3064 Civitates
2314 3033 2377 3070 (vi-

206 3069 330 3100 Somma
341 3070 373 3100 &
389 3069 548 3107 Graveling
566 3069 729 3108 constituta,
739 3079 803 3108 quae
818 3069 946 3108 praefatus
958 3068 1171 3109 Confhnguineus
1183 3073 1272 3101 Fran-
1312 3069 1430 3106 delicet)
1452 3069 1640 3100 Ruthenenfis
1651 3070 1684 3100 ὅ(
1701 3069 1873 3100 Wabrenfis.

207 3111 255 3138 ciae
269 3107 378 3137 ibidem
394 3116 470 3138 tenet
485 3108 521 3138 de
537 3108 674 3146 praesenti,
1349 3107 1456 3146 Quoad
1472 3107 1571 3137 Secu
1581 3116 1664 3138 unu
1675 3116 1701 3137 M
1718 3108 1878 3138 Articulum
1894 3105 1951 3136 RE
1962 3113 2001 3135 51>
2011 3116 2032 3136 o
2043 3114 2065 3136 N
2075 3115 2153 3138 DET
2170 3107 2260 3138 dietus
2268 3107 2375 3138 Domi-

247 3144 285 3176 Et
301 3144 382 3183 qued
402 3146 532 3182 praefatus
554 3146 802 3177 Metuendiffimus
829 3149 960 3176 Dominus
980 3145 1066 3186 noster
1087 3169 1098 3184 ,
1132 3148 1166 3178 &
1189 3147 1271 3186 ipsius
1312 3156 1364 3177 nus
1378 3155 1457 3177 meus
1471 3149 1539 3175 Dux
1554 3145 1726 3186 Bituricenfis
1764 3146 1822 3177 uod
1836 3145 1938 3175 Terrae
1953 3143 2130 3183 Provinciae,
2154 3154 2203 3184 per
2225 3145 2374 3183 praedietos

209 3183 363 3222 Haeredes,
381 3184 606 3222 imperpetuum,
622 3185 742 3215 habeant
756 3186 790 3216 &
815 3193 927 3215 teneant
949 3185 1046 3214 omnia
1068 3184 1209 3216 Praemiffa
1225 3195 1274 3224 pa·
1314 3184 1450 3215 Nuncios
1463 3185 1573 3222 petitae,
1591 3194 1650 3214 non
1667 3184 1728 3214 sunt
1761 3194 1776 3214 e
1790 3183 1931 3214 Dominio
1945 3182 2015 3213 dieii
2031 3186 2142 3213 Domini
2156 3183 2253 3222 nostri,
2263 3193 2316 3214 nec
2323 3193 2374 3223 per

207 3222 295 3253 cifice
309 3223 343 3253 ὃς
357 3222 467 3259 quiete,
486 3229 516 3251 ut
530 3221 646 3260 Vicini,
663 3223 718 3254 fine
731 3223 820 3261 aliqua
842 3223 1042 3261 Superioritate
1063 3224 1107 3253 vel
1131 3223 1272 3263 Resorto,
1314 3222 1403 3261 ipsum
1420 3222 1493 3253 Parti
1508 3222 1617 3261 Angliae
1629 3231 1778 3261 occupatae
1794 3232 1887 3260 neque
1899 3221 2051 3259 impeditae.

208 3261 247 3291 ab
260 3260 325 3298 lpso
340 3260 384 3290 vel
399 3259 567 3289 Haeredibus
587 3260 639 3290 suis
655 3261 684 3290 in
705 3261 826 3299 eisdem,
852 3271 902 3301 per
920 3261 1087 3300 praedictum
1110 3262 1272 3301 consangui-
1353 3261 1460 3300 Quoad
1481 3260 1512 3291 T
1522 3270 1540 3290 Ε
1552 3270 1574 3291 R
1584 3269 1607 3290 'r
1617 3270 1628 3290 1
1641 3270 1664 3291 υ
1674 3270 1702 3291 Μ
1725 3260 1888 3291 Articulum
1903 3283 1913 3298 ,
1935 3268 1972 3289 v1
1983 3268 2030 3289 DE
2040 3267 2092 3289 τυ
2102 3268 2125 3289 R
2151 3259 2200 3297 ipsi
2236 3259 2373 3291 Domino

208 3309 288 3330 neum
295 3298 375 3338 sicum
393 3301 533 3336 Francia,
549 3297 594 3329 vel
605 3297 741 3329 Haeredes
757 3300 818 3329 suos
833 3299 1061 3338 quomodolibet,
1080 3301 1272 3332 vendicandis.
1315 3303 1386 3330 Duci
1397 3298 1558 3340 Bituricenfi
1569 3299 1650 3339 quod
1666 3299 1758 3330 dietus
1771 3302 1902 3329 Dominus
1916 3296 1999 3336 noster
2013 3300 2090 3335 Rex,
2107 3307 2158 3334 pro
2182 3299 2374 3336 ptrveniendo

246 3337 286 3368 Et
299 3337 432 3375 tandem,
1314 3338 1348 3369 ad
1365 3338 1471 3368 bonam
1486 3337 1590 3368 Pacem
1606 3338 1717 3368 finalem
1727 3360 1736 3375 ,
1754 3338 1780 3367 se
1796 3337 1878 3368 valde
1892 3335 2013 3366 extendit
2028 3337 2055 3364 in
2076 3336 2186 3378 Terris,
2211 3335 2374 3375 Dominiis,

182 3399 191 3408 .
247 3376 317 3406 Post
334 3376 426 3406 varios
438 3374 604 3412 Tritonos,
621 3375 758 3412 variasque
774 3374 959 3406 Dimissiones
971 3376 1122 3407 successive
1137 3400 1146 3415 ,
1171 3378 1206 3408 &
1226 3388 1275 3409 va-
1314 3377 1347 3407 &
1368 3375 1589 3414 Nobilitatibus3
1606 3379 1666 3415 {qua
1688 3384 1802 3413 propter
1817 3375 1893 3406 diota
1916 3374 1981 3416 Pars
2008 3373 2120 3414 Anghae
2145 3373 2238 3413 potest
2264 3375 2297 3406 δε
2322 3375 2374 3406 de-

207 3414 255 3445 riis
267 3415 366 3446 diebus
380 3414 413 3445 &
427 3414 601 3450 temporibus
611 3435 620 3450 ,
639 3422 688 3450 per
704 3413 772 3442 Nos
789 3413 1003 3444 Ambsisiitores
1026 3415 1184 3452 (praediCtis
1202 3416 1272 3447 Pro-
1314 3416 1361 3444 bet
1374 3414 1399 3445 se
1416 3414 1550 3444 abstinere
1564 3415 1621 3444 aliis
1635 3414 1800 3444 Petionibus
1813 3423 1865 3450 pro
1877 3413 2011 3452 praelenti.
2171 3427 2176 3431 κ

208 3452 402 3484 testationibus
415 3452 532 3482 firmiter
549 3451 735 3488 inhaerentes)
753 3451 922 3491 diversasque
939 3451 1121 3491 Oblationes,
1137 3452 1186 3484 sub
1199 3455 1272 3485 simi-
1354 3452 1460 3490 Qioad
1477 3453 1540 3491 Qu
1551 3460 1664 3483 ARTU
1674 3460 1701 3481 M
1717 3452 1894 3488 Articulum,
1913 3451 1948 3481 de
1967 3449 2111 3479 Affinitate
2124 3451 2157 3481 δε
2174 3449 2373 3488 Matrimonio,

204 3491 283 3522 ·1ibus
294 3491 563 3527 ProtestationibuS,
578 3499 631 3528 pro
645 3489 726 3518 Parte
739 3488 810 3519 dieu
825 3490 1013 3528 Consanguinei
1028 3494 1149 3522 Franciae
1159 3514 1168 3530 ,
1187 3494 1274 3523 inter-
1315 3491 1350 3522 de
1363 3492 1462 3529 quibus
1478 3491 1576 3529 pluries
1592 3492 1662 3521 inter
1676 3491 1769 3520 Partes
1783 3491 1873 3520 exritit
1884 3490 2066 3531 prolocutum
2076 3510 2091 3529 ,b
2104 3490 2137 3519 ὃς
2152 3488 2187 3518 de
2200 3490 2295 3526 grandi
2316 3488 2373 3531 PF*-

208 3530 321 3570 posuis²
340 3531 420 3560 variis
436 3529 531 3559 diebus
545 3531 577 3558 «St
594 3527 785 3564 temporibus,
801 3526 902 3564 factas,
1314 3531 1431 3567 titione,
1451 3539 1503 3566 pro
1526 3538 1602 3566 parte
1621 3529 1731 3566 Angliae
1754 3528 1824 3558 facia
1845 3527 2004 3557 Occaiione
2032 3526 2152 3564 ejusdem
2173 3526 2373 3563 Matrimonii,

247 3568 333 3606 Nos,
347 3567 564 3599 Ambaffiatores
579 3565 700 3603 praefati,
718 3567 747 3594 iu
769 3565 838 3607 iolis⁴
849 3565 901 3595 illis
918 3590 927 3602 ,
952 3567 981 3596 in
1000 3567 1116 3604 praefato
1137 3567 1274 3599 TraEtatu
1316 3568 1492 3598 mentionem
1509 3566 1658 3605 faciendo,
1673 3567 1749 3598 idem
1764 3564 1910 3596 Dominus
1924 3574 2002 3595 meus
2016 3567 2086 3594 Dux
2100 3564 2272 3605 Bituricerfis
2296 3563 2326 3592 R
2336 3572 2371 3593 is-

207 3605 291 3637 Pacis
305 3607 393 3637 finalis
405 3606 559 3643 contentis,
578 3604 692 3634 finaliter
706 3603 904 3645 Remantimus
916 3605 948 3634 &
966 3604 1170 3643 Remanemus,
1314 3616 1327 3636 s
1338 3616 1355 3636 P
1365 3615 1385 3634 o
1394 3613 1415 3634 N
1424 3615 1472 3635 DE
1483 3614 1505 3634 T
1524 3605 1621 3643 quod,

246 3644 299 3675 PE
309 3653 438 3675 TlMtis
449 3653 500 3682 Q!
511 3653 529 3674 E
550 3644 647 3672 omnia
663 3643 695 3673 &
711 3641 831 3678 lingula,
851 3642 878 3670 in
893 3642 995 3672 eodem
1009 3644 1144 3674 ‘fractam
1154 3667 1162 3681 ,
1179 3644 1272 3675 eidem
1349 3645 1534 3682 Quamquam
1551 3642 1645 3681 Reges
1653 3642 1778 3672 Franciae
1792 3642 1856 3672 dare
1874 3640 2079 3671 consueverunt
2094 3649 2202 3682 certam·
2223 3638 2370 3682 Summam

208 3693 299 3721 nuper
312 3686 377 3720 Regi
393 3682 536 3712 Edwardo
552 3681 708 3720 Affignata,
727 3678 961 3710 Metuendiffimo
976 3683 1091 3710 Domino
1100 3682 1186 3722 nostro
1201 3693 1272 3720 prae-
1313 3682 1428 3712 Auri&
1442 3682 1561 3717 Argenti
1577 3681 1758 3711 Dominabus
1773 3680 1891 3711 Filiabus
1914 3679 1965 3710 suis
1985 3680 2013 3708 in
2037 3679 2224 3709 Matrimonio
2236 3699 2247 3714 ,
2275 3686 2371 3708 mino—

208 3721 268 3751 fato
279 3721 460 3752 effectualiter
473 3720 598 3758 liberari,
619 3720 684 3755 sibi,
705 3719 736 3748 &
751 3717 919 3748 Haeredibus
937 3718 998 3756 suis,
1017 3719 1066 3749 sub
1081 3720 1182 3750 eisdem
1199 3721 1271 3751 Mo-
1312 3730 1372 3751 rem
1385 3720 1443 3749 satis
1455 3719 1611 3750 Oblatione
1625 3719 1758 3758 sequenti,
2236 3753 2241 3758 ‘

207 3758 250 3788 dis
266 3759 299 3789 ὃ(
312 3759 441 3798 Formis,
459 3759 490 3789 in
513 3758 616 3789 eodem
637 3757 775 3788 TraCtatu
797 3757 936 3787 contentis
950 3780 960 3794 ,
984 3757 1191 3797 imperpetuum
1211 3759 1272 3788 Re·
1351 3758 1384 3788 N
1388 3757 1568 3787 ichilominus
1585 3757 1711 3795 praefatus
1729 3760 1859 3786 Dominus
1872 3755 1957 3795 noster
1973 3758 2032 3784 Rex
2044 3778 2051 3791 ‚
2069 3764 2101 3783 ex
2116 3752 2263 3796 Desiderio
2288 3752 2369 3797 Pacis

206 3797 343 3827 mansura.
1313 3797 1347 3827 ὃς
1363 3794 1512 3826 Affinitatis
1527 3796 1747 3833 consequendae,
1763 3804 1791 3824 ut
1802 3796 1911 3824 dicium
1923 3794 1979 3830 est,
1994 3793 2026 3835 ad
2037 3802 2107 3835 opus
2123 3791 2190 3820 dicii
2212 3790 2367 3822 Matrimo-

246 3833 267 3865 S
279 3844 297 3864 E
308 3843 357 3865 cu
367 3844 435 3872 Do,
452 3834 476 3864 P
486 3844 504 3864 Ε
514 3843 536 3865 Τ
547 3844 559 3865 1
570 3843 627 3865 Mu
638 3843 650 3865 s
670 3833 738 3864 Nos
750 3855 760 3871 ,
788 3831 1008 3863 Ambaffiatores
1030 3834 1160 3871 praedieffi
1171 3857 1180 3872 ‚
1202 3833 1271 3865 Me-
1314 3835 1351 3864 nii
1371 3834 1505 3864 liberalius
1521 3835 1547 3864 se
1560 3835 1688 3864 extendet
1703 3842 1839 3871 quantum
1851 3832 1930 3861 fuerit
1946 3831 2093 3872 Rationis,
2110 3839 2147 3874 *ea
2170 3837 2283 3867 propter
2307 3830 2366 3874 fieri

207 3872 340 3902 dietatem
354 3872 518 3903 Comitatus
533 3873 694 3903 Provinciae
707 3882 774 3902 cum
789 3870 891 3901 Castris
905 3871 937 3901 ὃς
961 3870 1106 3902 Dominiis
1125 3873 1161 3902 de
1185 3872 1271 3902 Beau—
1312 3873 1378 3903 fecit
1394 3872 1578 3903 Oblationem
1591 3872 1627 3903 de
1647 3872 1766 3903 Summa
1781 3871 1834 3901 Sex
1854 3868 1980 3909 Centum
2001 3867 2082 3896 Mille
2100 3868 2253 3896 Scutorum
2279 3868 2371 3906 Auri;

207 3911 267 3942 fort
282 3910 316 3940 &
331 3909 476 3946 Nogent,
513 3911 609 3941 raefato
623 3914 740 3941 Domino
751 3909 837 3949 nostro
855 3911 919 3946 Regi
930 3908 999 3946 Jure
1018 3910 1193 3941 haereditario
1207 3921 1270 3949 per-
1311 3910 1348 3940 Et
1365 3910 1492 3948 ulterius,
1509 3911 1528 3940 si
1541 3912 1569 3941 in
1586 3909 1732 3947 praerniffis
1748 3907 1850 3946 aliquid
1867 3908 1895 3936 sit
1912 3905 2094 3949 supplendum
2116 3905 2159 3948 vel
2184 3914 2369 3948 augmentan-

209 3948 342 3986 tinentia,
361 3947 410 3977 sibi
426 3947 480 3978 effe
513 3949 608 3979 ualiter
619 3950 737 3979 liberari.
1311 3949 1398 3986 dum,
1425 3950 1644 3985 praenominatus
1667 3947 1807 3977 Dominus
1824 3948 1892 3974 Dux
1914 3941 2089 3985 Bituricenfis·
2113 3947 2127 3958 *
2149 3941 2264 3973 firmiter
2290 3953 2366 3976 tenet
2387 3954 2401 3969 ⁴*
2426 3953 2479 3982 lx.
