2562 4274
752 118 862 159 ET
944 119 1208 160 ACTA
1289 120 1754 164 Ponticis.
2267 139 2343 179 143

51 205 178 240 AnnD.
194 207 265 238 mini
280 209 362 237 Ducis
375 204 557 243 Burgundiae,
576 203 722 235 videbatur
737 206 799 235 fore
813 204 978 243 expediens,
997 204 1065 235 utile
1085 205 1117 234 ὅ(
1132 204 1254 235 necessa-
1292 205 1409 244 liorum,
1430 205 1571 245 Regimen
1589 207 1743 238 Civitatum
1755 232 1763 245 ,
1783 207 1937 246 Villarum,
1953 210 1986 240 ὃ(
2007 209 2153 240 Locorum
2175 210 2253 248 ipsius
2278 212 2343 241 Do·
2365 211 2490 241 AnnD.

81 255 162 285 1419.
194 248 269 277 rium
292 245 368 284 quod
390 245 513 283 Treugae
532 244 576 274 seu
598 242 784 273 Abstinentiae
809 243 982 273 Guerrarum
1005 242 1159 282 generales,
1178 245 1249 273 inter
1290 245 1359 285 mini
1378 245 1476 274 Karoli
1492 248 1611 275 Franciae
1633 247 1816 283 habentium,
1838 258 1852 277 a
1875 249 1974 285 quibus
1992 249 2077 279 iidem
2097 248 2206 279 Subditi
2227 252 2263 279 liii
2281 273 2289 287 ,
2308 259 2341 279 ex
2383 259 2466 288 1419,

51 292 112 316 Hm.
133 294 160 322 5.
196 285 291 315 Partes
306 283 455 314 antedictas
470 305 479 320 ,
505 282 563 311 Pro
579 281 686 320 Regnis
703 281 829 324 Franciae
846 282 879 312 &
893 282 1023 320 Angliae,
1039 291 1138 312 eorum
1152 281 1249 311 Terris
1286 285 1367 312 caula
1386 285 1535 320 praedicta,
1554 285 1682 314 recedere
1707 286 1826 322 habent,
1848 287 1946 323 quibus
1967 286 2080 317 Litteris
2104 287 2339 318 Certiorabuntur
2362 295 2424 317 Heu.
2444 305 2470 324 „

196 325 229 356 δε
254 322 421 359 Dominiis,
443 321 566 351 Subditis
589 321 622 350 &
649 320 771 350 Vassallis
794 319 1016 358 quibuscumque
1029 345 1039 359 ,
1064 328 1226 357 caperentur
1240 343 1250 358 ,
1287 329 1407 359 ornnes,
1426 321 1505 359 quod
1522 324 1569 361 ipli
1587 324 1646 352 sunt
1663 323 1772 354 Subditi
1800 323 1867 354 dieti
1892 324 2015 355 Domini
2037 325 2134 354 Karoli
2151 329 2285 362 Framiae,
2305 329 2338 357 δε

58 1550 79 1568 *
99 1551 152 1580 IX.

57 1588 123 1626 823.
153 1617 169 1624 η

194 363 349 398 mirentur,
366 361 399 390 &
415 359 530 389 finaliter
548 358 800 394 concluderentur,

234 399 348 437 Qibus
360 397 520 428 durantibus
534 397 647 427 liberius
662 397 694 427 &
709 396 830 427 securius
843 397 876 426 ad
892 396 995 427 Pacem
1005 421 1013 435 ,
1032 397 1102 427 inter
1118 395 1250 434 ipsaDuo

196 437 316 476 Regna,
334 447 349 466 a
369 436 475 467 Christi
490 435 615 465 fidelibus
631 434 680 465 diu
698 434 892 473 desideratam,
909 436 1047 474 perveniri
1065 435 1166 472 possit,

235 475 329 506 NoT
340 484 363 505 U
375 482 402 504 M
430 485 447 505 F
457 481 584 504 ΑεῐΜυ
597 483 609 503 s
630 473 708 511 quod
730 473 798 503 Nos
813 497 821 511 ,
848 475 1000 513 Philippus,
1015 473 1176 512 Johaaeznes,
1195 477 1253 503 Do-

197 517 282 544 minus
298 513 330 542 de
352 516 416 542 Fitz
437 512 518 550 Hugh
531 536 540 551 ,
560 511 715 549 VValterux,
733 513 765 542 &
778 512 940 551 Johannes,
958 513 1079 550 inperitis
1095 513 1253 550 nominati,

198 551 261 589 post
281 552 398 583 diversas
412 551 696 581 Communicationes
713 573 722 587 ,
744 551 772 579 in
789 553 846 582 vim
864 551 1010 582 Potestatis
1026 550 1123 580 Nobis
1138 552 1254 581 attribu-

198 599 251 626 tae,
271 590 369 620 IN1v
381 598 460 620 1MtJ
472 598 499 626 s,
518 589 668 626 Fecimus,
684 589 717 619 &
733 588 999 628 Concordavimus,

238 628 295 659 Pro
319 629 398 659 dieto
422 627 554 657 Domino
574 626 659 665 nostro
681 630 749 664 Rege
766 650 774 665 ,
802 628 908 668 Regnis
923 652 932 667 ‚
959 628 1073 665 Terris,
1092 626 1252 666 Dominiis,

200 666 323 698 Subditis
333 690 342 705 ,
361 668 392 697 ὃς
409 664 534 695 Vaffallis
548 665 600 695 suis
614 665 854 705 quibuscumque,

236 704 274 735 Et
291 715 340 742 per
357 703 510 734 Praesentes
537 702 561 732 F
570 713 613 733 ac
625 712 701 733 ῐΜυ
714 713 743 742 s,
762 704 886 743 Inimus,
905 705 938 735 ὃς
953 703 1171 734 Concordamus

237 742 310 773 Una
326 752 394 773 cum
409 742 526 779 praefatis
537 741 606 772 dieti
622 742 730 772 illustris
747 742 869 773 Domini
882 745 963 772 Ducix
976 742 1156 779 Burgundiae(
1185 743 1254 771 'om-

203 780 318 810 miffarii
341 783 384 819 (ut
405 781 560 818 praefertur)
581 780 649 810 dieti
671 780 839 811 Serenissimi
864 781 1000 818 Principis
1016 781 1141 811 Domini
1157 780 1254 810 Karoli

201 820 335 857 Franciae)
354 818 561 849 Commissariis
574 819 606 849 ὃ(
623 818 792 857 Deputatis,

240 858 301 896 Qii
318 860 402 888 etiam
419 857 601 894 Nobiscum,
618 867 669 894 pro
686 857 789 887 eodem
807 856 986 887 Sereniffimo
1002 857 1135 895 Principe
1149 855 1255 886 Domi—

198 905 239 926 no
253 897 355 926 Karolo
371 899 506 933 Franciae,
524 895 646 934 Regno,
665 895 780 933 Terris,
800 895 960 933 Dominiis,
979 896 1118 933 Subditis,
1136 896 1168 925 ὃς
1185 894 1254 925 Vas-

200 934 269 1002 {3²th
287 936 338 965 suis
356 935 580 972 quibuscumque
594 956 604 972 ,
630 933 674 963 IN
684 943 695 963 1
706 943 723 964 E
734 943 788 964 Ru
800 943 821 963 N
835 942 857 963 T
868 957 877 972 ,
896 935 1053 972 Fecerunt,
1071 934 1104 965 &
1121 933 1257 964 Concor-

223 982 302 1004 arunt

240 997 363 1049 Boulis,
381 1009 472 1040 firmas
483 1033 492 1048 ,
510 1010 543 1040 &
558 1009 730 1040 inviolabiles
744 1010 871 1047 Treugas
889 1021 937 1048 per
951 1011 1088 1048 Terram,
1106 1010 1121 1039 {1
1139 1009 1257 1040 XXIV.

202 1049 250 1080 die
271 1049 408 1087 praesentis
427 1048 534 1079 Mensis
557 1048 726 1079 Decembris
747 1049 830 1087 usque
854 1049 887 1078 ad
905 1049 1033 1080 Primum
1046 1050 1122 1079 diem
1139 1048 1257 1086 Martii,

203 1089 338 1126 proximo
352 1088 385 1118 δε
401 1087 533 1117 imediate
548 1096 625 1118 nunc
640 1087 725 1118 futuri
740 1087 893 1126 inclusive,
911 1088 960 1118 sub
984 1089 1086 1120 Forma
1101 1098 1155 1126 qua
1168 1087 1258 1126 sequi-

203 1136 264 1165 tur,

241 1202 285 1233 IN
311 1210 329 1231 Ρ
342 1210 365 1232 R
375 1209 441 1232 1M1
451 1211 463 1232 s
490 1201 546 1232 Co
557 1210 579 1232 N
591 1212 636 1233 co
647 1212 669 1233 R
680 1212 700 1233 D
710 1212 729 1233 A
739 1211 791 1233 τυ
801 1210 827 1233 Μ
846 1202 901 1240 est,
921 1202 999 1240 quod
1015 1202 1259 1239 praesentesTreu-

201 1250 250 1281 gae
263 1241 308 1271 seu
326 1240 510 1272 Abstinentiae
527 1241 702 1271 Guerrarum
717 1250 797 1272 erunt
810 1241 964 1271 Generales
978 1251 1024 1278 per
1039 1241 1163 1272 Terram
1174 1266 1182 1277 ,

241 1279 279 1310 Et
298 1279 347 1309 sub
362 1279 423 1317 ipsis
438 1280 713 1316 comprehendentur
723 1302 733 1318 ,
753 1290 804 1318 pro
821 1279 901 1310 Parte
915 1280 983 1309 dieti
999 1278 1259 1320 illustriffimiPrin—

203 1318 275 1356 cipis
289 1317 411 1348 Domini
424 1318 519 1348 Karola'
531 1321 666 1356 Franciae,
685 1329 786 1348 omnes
802 1319 834 1349 δε
859 1318 957 1354 singuli
971 1318 1132 1356 Homines,
1150 1318 1258 1348 Vastat-

203 1356 240 1394 li,
257 1358 289 1388 δε
309 1356 421 1387 Subditi
444 1357 482 1386 sui
501 1381 511 1395 ,
537 1366 651 1386 necnon
669 1357 781 1386 Omnes
805 1358 837 1387 &
859 1356 972 1394 singulae
988 1355 1137 1394 Civitates,
1157 1356 1258 1395 Villae,

204 1394 303 1425 Castra
318 1417 328 1433 ,
353 1395 494 1425 Fortalitia
510 1419 520 1432 ,
543 1395 643 1425 Terrae
660 1417 670 1432 ,
688 1395 786 1425 Patriae
799 1418 808 1432 ,
824 1395 855 1425 &
872 1394 1010 1425 Dominia
1026 1395 1069 1424 sua
1080 1417 1088 1432 ,
1111 1397 1138 1425 in
1156 1395 1260 1433 Regno

205 1433 331 1464 Franciae
353 1434 385 1464 ὃ(
408 1433 471 1463 alibi
492 1433 541 1463 fibi
562 1433 724 1464 obedientes
743 1435 776 1464 ὃς
797 1432 977 1470 obedientia,
1001 1434 1033 1462 ὃς
1047 1442 1110 1470 quae
1124 1434 1259 1471 imposte-

206 1481 289 1509 rum,
305 1480 435 1509 tempore
449 1472 608 1509 hujusmodi
617 1471 796 1511 Treugarurn
812 1472 843 1501 &
859 1471 1044 1501 Abstinentiae
1059 1472 1190 1510 durante,
1209 1472 1258 1502 sibi

205 1510 340 1541 obedient
349 1533 358 1548 ‚
377 1518 452 1540 eXtra
467 1510 614 1540 Ducatum
628 1509 662 1540 N
665 1511 821 1540 ormanniae
835 1510 998 1540 constituta:

242 1548 261 1567 ⁴*
281 1548 336 1587 Et,
354 1548 435 1578 simili
449 1547 557 1585 modo,
571 1559 624 1586 pro
639 1548 720 1578 Parte
740 1548 812 1578 dieti
836 1547 1005 1577 Sereniffimi
1027 1546 1148 1579 Domini
1171 1547 1260 1578 nostri

206 1584 311 1626 Regis,
329 1586 603 1626 comprehendentur
615 1596 715 1616 omnes
730 1587 763 1617 &
785 1585 881 1624 singuli
902 1585 1060 1623 Homines,
1080 1586 1189 1616 Vassalli
1200 1609 1209 1623 ,
1227 1587 1259 1617 &

205 1625 318 1655 Subditi
339 1626 394 1661 sui,
409 1634 522 1655 necnon
544 1634 643 1656 omnes
667 1626 701 1656 &
721 1624 834 1662 singulae
859 1623 1010 1662 Civitates,
1029 1624 1125 1661 Villae,
1144 1624 1260 1663 Castra,

207 1663 364 1700 Fortalitia,
380 1662 496 1700 Terrae,
512 1663 628 1701 Patriae,
645 1663 678 1694 ὅ(
695 1663 832 1693 Dominia
850 1662 912 1701 sua,
931 1672 987 1692 tam
1007 1665 1034 1692 in
1053 1663 1158 1701 Regnis
1178 1664 1199 1693 F
1202 1674 1262 1694 ran-

205 1703 259 1732 ciae
269 1702 303 1732 &
321 1701 452 1740 Angliae,
470 1702 558 1739 quam
574 1702 657 1738 alibi,
675 1701 725 1731 sibi
739 1702 901 1731 obedientes
917 1701 950 1731 &
965 1701 1140 1738 obedientia,
1156 1702 1188 1732 &
1199 1712 1262 1740 quae

203 1741 308 1778 etiarn,
325 1747 455 1776 tempore
469 1740 627 1777 hujusmodi
637 1740 814 1778 Treugarurn
828 1739 873 1769 seu
889 1739 1074 1770 Abstinentiae
1088 1738 1261 1771 Guerrarum

205 1779 340 1817 durante,
358 1778 409 1808 sibi
422 1778 570 1808 obedient:

242 1816 284 1847 Ita
309 1815 408 1854 quod,
427 1817 602 1853 praesentibus
623 1816 751 1853 Treugis
771 1816 932 1847 durantibus
946 1839 956 1855 ‚
972 1815 1085 1847 Neuter
1106 1817 1263 1847 Piaedieto-

204 1863 271 1885 rum
288 1854 469 1891 Principum,
486 1865 535 1892 per
547 1855 573 1885 se
607 1863 653 1884 aut
668 1855 734 1885 alios
747 1855 958 1893 quoscumque,
976 1856 1104 1886 movebit
1118 1865 1164 1886 aut
1180 1857 1263 1886 faciet

206 1891 352 1924 Guerram
365 1893 546 1931 hominibus,
562 1877 702 1931 vanains,
717 1902 766 1923 aut
783 1893 922 1932 Subditis,
940 1892 1040 1932 Villis,
1055 1893 1177 1932 Castris,
1193 1894 1263 1925 For-

207 1932 315 1970 talitiis,
334 1931 448 1968 Terris,
468 1931 582 1968 Patriis,
600 1941 633 1962 ac
648 1931 792 1961 Dominiis
806 1932 931 1969 alterius,

242 1969 356 2000 Neuter
376 1970 459 2000 etiam
478 1970 678 2007 praediecorum
698 1969 862 2008 Principum
882 1969 1030 2001 Obsidebit
1046 1993 1056 2008 ,
1075 1977 1121 2001 aut
1144 1969 1262 2010 Capiet,

207 2007 253 2039 seu
267 2009 303 2039 ab
316 2008 371 2038 aliis
386 2009 611 2046 quibuscumque
628 2006 700 2045 Capi
716 2010 871 2046 permittet,
890 2008 925 2038 de
940 2008 1015 2047 Die,
1034 2008 1091 2039 five
1101 2009 1137 2038 de
1151 2009 1263 2047 Noite,

208 2047 257 2078 via
277 2046 415 2084 Guerrae,
432 2045 598 2085 Transsatsw,
616 2046 794 2085 Emptionis,
810 2056 856 2077 aut
878 2047 933 2077 alio
955 2048 1056 2085 quovis
1078 2047 1184 2085 modo,
1202 2046 1264 2077 Vil-

208 2084 259 2123 las,
278 2084 428 2122 Civitates,
439 2083 537 2115 Castra
547 2107 557 2123 ,
568 2085 707 2115 Fortalitia
718 2107 727 2123 ,
746 2085 790 2115 seu
808 2085 930 2123 Pasiagia
945 2095 1136 2124 quaecumque
1155 2086 1264 2117 alterius

209 2122 315 2162 Partis,
334 2124 512 2161 praesentibus
524 2123 645 2162 Treugis
658 2124 866 2163 comprehensa.

247 2161 291 2192 Ιτ
301 2170 372 2200 EM,
388 2161 445 2192 Co
455 2170 476 2191 N
486 2171 528 2192 co
538 2171 561 2192 R
574 2171 595 2192 n
607 2170 686 2191 ATU
696 2170 723 2192 M
742 2162 799 2198 est,
820 2162 899 2200 quod
912 2162 963 2192 sub
976 2162 1154 2199 praesentibus
1168 2162 1265 2193 Treu-

208 2201 250 2239 gis
262 2200 308 2230 seu
324 2200 515 2238 Abstinentia,
531 2201 609 2237 (licet
623 2200 692 2238 sint,
709 2208 740 2231 ut
753 2201 896 2239 praefertur
906 2223 916 2238 ,
934 2201 1098 2237 Generales)
1115 2210 1174 2231 non
1182 2211 1265 2232 com-

207 2238 431 2277 prehendentur,
469 2249 518 2269 mo
535 2239 628 2276 potius
640 2240 672 2269 &
689 2239 813 2277 expresse
827 2240 1001 2276 excipiuntur
1023 2241 1055 2270 ὃ(
1079 2239 1264 2271 excluduntur

208 2279 279 2308 hinc
296 2278 328 2308 &
345 2277 431 2314 inde,
476 2277 581 2307 ersonae
600 2277 743 2316 foventes,
761 2279 795 2309 ὅ(
815 2287 941 2309 tenentes
960 2278 1037 2307 illam
1060 2277 1172 2309 Partem
1197 2288 1262 2317 quae

207 2315 312 2346 dicitur
327 2315 461 2354 Dalphini
477 2316 521 2345 seu
538 2319 719 2346 Armaniaci:

245 2353 331 2384 Villae
347 2356 449 2392 etiam,
467 2353 620 2392 Civitates,
637 2353 753 2392 Castra,
772 2354 930 2392 Fortalitia,
948 2353 1189 2392 Terrae‚Patriae,
1208 2354 1264 2385 five

208 2391 366 2430 Dominia,
384 2393 489 2423 dietam
510 2392 622 2423 Partem
643 2391 778 2431 Dalphim‘
797 2392 842 2423 seu
866 2396 1030 2423 Armaniaci
1052 2394 1172 2423 tenentia
1189 2415 1200 2430 ,
1217 2392 1266 2423 de-

208 2431 359 2500 gentesque
378 2433 411 2463 ὃς
433 2431 586 2462 habitantes
605 2432 633 2461 in
658 2433 778 2469 eisdem,
796 2441 811 2462 a
832 2432 1010 2471 ptaesentibus
1025 2431 1146 2469 Treugis
1169 2431 1265 2462 exclu-

231 2478 330 2500 untur:

246 2506 283 2537 Et
305 2507 402 2537 licebit
425 2507 505 2537 dieto
527 2511 642 2538 Domino
667 2506 752 2547 nostro
775 2510 863 2545 Regi,
880 2507 913 2538 ὃς
933 2507 1112 2538 illustrissimo
1138 2507 1265 2546 Principi

209 2545 345 2576 Domino
357 2545 460 2575 Καναῖα
479 2546 674 2585 Confiznguineo
681 2550 732 2585 suo
744 2549 882 2585 Franciae,
896 2545 942 2575 vel
957 2547 1077 2584 ipsorum
1100 2545 1266 2584 Deputatis,

208 2584 335 2621 transire,
354 2585 382 2613 in
409 2584 504 2615 Armis
526 2587 558 2615 δε
579 2585 660 2623 alias,
678 2595 725 2622 per
745 2584 864 2622 Terras,
885 2584 1036 2615 Distritftus
1051 2608 1060 2622 ,
1078 2593 1162 2622 atque
1185 2585 1264 2615 Loca

210 2633 269 2653 non
284 2622 409 2659 firmata,
426 2623 503 2652 alteri
517 2623 590 2653 Parti
613 2624 787 2661 obedientia,
806 2632 857 2660 pro
877 2623 1019 2653 inferenda
1044 2622 1155 2653 Guerra
1180 2623 1266 2653 Locis

209 2663 353 2697 occupatis
377 2662 410 2691 &
433 2662 592 2692 tenentibus
615 2662 720 2691 didam
740 2660 854 2691 Partem
877 2660 1012 2699 Dalphini
1024 2661 1068 2692 seu
1088 2664 1265 2699 Armaniaci,

210 2709 248 2730 eo
271 2699 345 2730 Casu
368 2709 443 2737 qu0,
466 2709 567 2730 contra
588 2700 661 2730 dieta
688 2700 782 2738 Loca,
800 2709 852 2737 pro
878 2698 989 2730 Guerra
1012 2700 1167 2738 hujusmodi
1195 2701 1267 2731 infe-

215 2737 317 2775 renda,
334 2747 383 2775 per
400 2737 503 2768 Terras
517 2738 642 2776 Propriae
660 2737 841 2768 Obedientiae
862 2737 1008 2769 Transitus
1024 2737 1083 2768 fieri
1098 2748 1155 2768 non
1172 2739 1265 2776 pOffit.

246 2775 300 2814 Et,
320 2785 371 2815 pro
394 2775 553 2813 hujusmodi
574 2776 688 2807 Guerra
710 2775 854 2807 inferenda
870 2798 879 2813 ,
897 2784 955 2806 tarn
979 2777 1093 2813 eundo,
1114 2777 1198 2815 quam
1223 2787 1267 2807 re-

210 2813 343 2853 deundo,
359 2823 472 2844 necnon
489 2816 516 2844 in
532 2814 690 2846 Obsidione
724 2816 741 2845 li
758 2824 841 2853 quam
858 2815 926 2852 poni
936 2823 981 2846 aut
1004 2815 1115 2845 stabiliri
1137 2817 1266 2852 contige-

211 2854 260 2890 rit)
279 2852 477 2888 immorando,
494 2851 603 2883 Gentes
617 2855 696 2883 unius
727 2853 803 2884 ’artis
819 2854 946 2890 accipere
961 2862 1111 2892 poterunt,
1127 2856 1155 2884 in
1179 2854 1266 2884 Locis

209 2892 287 2924 alteri
301 2891 375 2922 Parti
389 2891 533 2928 subjectis,
551 2892 747 2922 rationabiliter
765 2893 798 2921 &
819 2891 962 2922 moderate
987 2891 1123 2923 victualia
1145 2892 1189 2923 seu
1207 2893 1266 2922 Ali-

211 2938 306 2960 menta
320 2939 372 2968 pro
385 2929 411 2960 se
425 2930 458 2960 &
472 2929 649 2959 Animalibus
665 2930 734 2968 suis,
749 2929 926 2959 Dumtamen
942 2940 974 2960 ea
987 2931 1125 2961 violenter
1141 2940 1199 2960 non
1217 2940 1265 2961 ac—

210 2968 314 3004 cipiant
337 2969 374 2999 ab
401 2968 453 2998 hiis
467 2990 476 3006 ‚
504 2968 553 3006 qui
576 2967 735 3006 hujusmodi
758 2967 896 2998 victualia
920 2969 953 2998 ad
965 2969 1153 2999 Vendendum
1179 2978 1266 3000 trans—

213 3008 386 3074 Eortaverint
403 3029 412 3044 ,
438 3006 475 3036 de
498 3006 584 3037 Locis
605 3006 639 3037 ad
660 3006 740 3037 Loca
759 3028 768 3044 ,
792 3005 967 3043 praesentibus
988 3007 1108 3046 Treugis
1132 3017 1265 3047 compre-

235 3045 315 3081 ensa,
341 3054 374 3074 ac
391 3045 526 3075 solvendo
550 3044 652 3083 justum
674 3046 708 3076 ὃς
728 3045 889 3075 rationabile
908 3043 1034 3075 Pretium
1048 3068 1057 3083 ,
1082 3046 1117 3076 de
1160 3057 1197 3076 uo
1221 3048 1257 3076 iu-

211 3090 253 3151 [ἔγ
269 3083 334 3119 ipsas
351 3081 458 3114 Gentes
470 3084 503 3114 δε
517 3083 676 3114 Vendentes
691 3083 857 3114 eorumdem
872 3083 1020 3115 Bonorum
1034 3084 1117 3115 fuerit
1159 3094 1265 3115 oncor-

235 3128 321 3150 atum.

247 3157 372 3195 ITEM,
389 3157 724 3190 CONCORDATUM
743 3159 784 3190 est
798 3183 807 3197 ,
826 3159 906 3198 quod
930 3159 1026 3190 licebit
1049 3159 1172 3190 Subditis
1195 3160 1263 3191 dieti

210 3196 383 3228 serenissimi
397 3196 534 3234 Principis
549 3197 672 3228 Domini
687 3198 784 3228 Karoli
797 3202 916 3229 Franciae
926 3222 935 3237 ,
950 3198 1131 3236 Equestribus
1146 3198 1190 3229 vel
1206 3199 1262 3229 Pe-

210 3234 366 3272 destribus,
386 3244 402 3264 a
423 3233 539 3272 Terris,
562 3234 709 3266 Dominiis
723 3259 733 3274 ,
751 3238 784 3268 ὃς
805 3237 891 3267 Locis
911 3236 1151 3276 quibuscumque,
1169 3236 1261 3267 eidem

209 3273 346 3304 Domino
367 3271 477 3303 Karolo
498 3273 623 3303 Franciae
643 3273 794 3312 subjecitis,
817 3275 975 3314 Apportare
995 3285 1042 3313 per
1065 3276 1186 3305 Terram
1209 3276 1262 3306 Vi-

211 3312 312 3343 ‹Etualia
325 3334 335 3349 ,
354 3320 421 3342 cum
440 3311 613 3342 Animalibus
627 3334 636 3349 ,
654 3311 790 3342 Curribus
804 3337 813 3351 ,
833 3314 985 3351 Qadrigis
1000 3337 1009 3351 ,
1033 3314 1077 3344 vel
1099 3314 1239 3345 Vehiculis
1253 3337 1263 3353 ,

209 3350 374 3381 durantibus
389 3349 566 3386 praesentibus
580 3349 719 3389 Treugis,
738 3352 771 3382 &
785 3360 818 3381 ex
830 3351 875 3382 illa
889 3352 970 3382 causa
984 3353 1112 3390 ingredi,
1133 3353 1262 3390 transire,

210 3390 246 3422 &
262 3388 371 3426 redire,
388 3389 462 3417 bene
478 3388 511 3419 &
525 3388 634 3426 secure,
652 3398 699 3426 per
715 3388 865 3427 Civitates,
883 3390 983 3427 Villas,
1001 3390 1167 3429 Districuis,
1186 3391 1262 3422 Ter-

210 3438 268 3466 ras,
284 3429 317 3458 &
341 3425 479 3464 Passagia,
496 3426 603 3457 firmata
626 3427 658 3457 &
682 3436 740 3456 non
763 3427 887 3465 firmata,
905 3427 984 3458 dieto
1006 3428 1137 3459 Domino
1162 3430 1260 3460 nostro

208 3470 274 3505 Regi
292 3465 403 3502 Angliae
416 3464 592 3502 obedientia,
610 3465 642 3495 &
658 3465 795 3495 Vi&ualia
810 3475 878 3496 curn
896 3465 1073 3496 Animalibus
1088 3467 1260 3506 huJ'usmodi,

207 3513 241 3536 ut
260 3505 451 3543 praemittitur,
468 3503 646 3539 conducere,
672 3503 793 3541 vehere,
816 3505 850 3536 δε
868 3504 1066 3542 transportare,
1089 3506 1190 3543 absque
1213 3507 1262 3536 ali-

1286 369 1339 395 pro
1357 359 1529 390 victualibus
1548 362 1702 398 quierendis
1716 363 1747 392 &
1765 363 1996 401 transportandis,
2016 374 2081 393 cum
2097 364 2273 394 Animalibus
2281 365 2340 403 suis,

1287 398 1320 426 ὃς
1336 406 1365 427 ut
1385 399 1581 436 praemittitur,
1599 401 1724 430 itinerare
1739 401 1904 438 intendunt,
1925 403 1956 431 ὃς
1974 402 2050 438 quod
2065 403 2167 440 nichil,
2185 404 2211 432 in
2237 402 2341 440 Prieju-

1287 436 1392 465 dicium
1407 436 1453 466 seu
1471 435 1681 474 Contemptum
1708 438 1776 468 dieti
1799 438 1920 468 Domini
1943 440 2031 469 nostri
2056 443 2132 477 Regis
2149 440 2276 479 Angliae,
2293 450 2340 472 aut

1287 473 1474 505 Subditorum
1489 475 1619 513 suorum,
1635 477 1856 514 attemptabunt,
1874 478 1917 507 seu
1935 480 2089 516 attemptari
2105 479 2311 510 procurabunt.

1327 511 1370 541 IT
1380 522 1397 542 E
1410 521 1437 542 Μ
1447 536 1455 550 ,
1476 512 1533 542 Co
1546 523 1594 544 nc
1604 524 1623 543 o
1633 523 1655 544 R
1666 524 1686 543 D
1697 523 1714 543 A
1725 523 1776 543 TU
1788 522 1815 543 M
1833 515 1890 553 est,
1908 516 1984 552 quod
2008 517 2104 547 licebit
2123 518 2243 548 Subditis
2266 519 2337 549 dieti

1289 547 1411 581 Domini
1432 555 1543 581 Henrici
1564 555 1641 589 Regis
1661 551 1771 589 Angliae
1787 576 1795 589 ,
1822 553 2004 590 Equestribus
2031 556 2074 585 vel
2097 555 2272 587 Pedestribus
2286 581 2295 594 ,
2323 567 2338 587 a

1288 587 1402 627 Terris,
1422 589 1585 629 Dominiis,
1604 592 1636 621 &
1656 592 1742 620 Locis
1758 592 1997 629 quibuscumque,
2015 593 2106 623 eidem
2128 594 2201 633 Regi
2231 596 2339 633 Angliae

1288 626 1442 666 Subjeffis,
1463 629 1480 647 ²*
1500 630 1658 667 Apportare
1683 639 1730 666 per
1752 630 1870 658 Terram
1891 629 2040 668 Viciualia,
2059 642 2125 661 cum
2148 633 2339 671 Animalibus,
2360 629 2378 648 '¹‘
2401 628 2453 665 IX*

1465 668 1632 706 Qiadrigis,
1649 669 1695 698 vel
1710 667 1868 705 Vehiculis,
1886 667 2046 699 durantibus
2060 671 2339 707 praeseiitibusTieu-
2359 668 2425 703 324·

1292 664 1444 704 CurribuS,

1291 704 1351 743 gis·⁷
1367 705 1419 743 &,
1437 714 1471 734 ex
1485 706 1532 736 illa
1552 705 1649 742 causa,
1668 706 1797 743 ingredi,
1818 707 1873 743 ire,
1889 707 2017 744 transire,
2037 709 2069 738 δε
2091 709 2193 746 redire,
2212 712 2285 740 bene
2307 711 2341 741 δε

1292 742 1387 773 secure
1408 753 1455 780 per
1470 743 1622 782 Civitates,
1640 743 1726 774 Villas
1738 767 1746 781 ,
1762 744 1929 782 Districtus,
1949 745 2067 783 Terras,
2089 747 2121 777 &
2139 747 2277 785 Paffagia,
2297 748 2345 778 fir-

1290 789 1362 811 mata
1379 781 1413 811 &
1436 791 1494 811 non
1517 781 1644 819 firmata,
1663 782 1743 812 dieto
1759 782 1939 812 Sereniffimo
1954 783 2049 814 Princi
2072 785 2079 813 i
2094 784 2229 815 Domino
2242 787 2346 817 Karolo

1289 820 1411 848 Franciae
1424 819 1600 857 obedientia,
1619 822 1652 851 &
1675 819 1811 850 Viftualia
1833 830 1901 851 curn
1924 794 2099 852 Animalibus
2121 823 2295 862 hujusmodi,
2314 833 2345 856 ut

1290 858 1466 900 praemittitur
1482 882 1491 895 ,
1511 859 1673 889 conducere
1688 881 1698 896 ,
1718 860 1821 889 vehere
1835 882 1845 896 ,
1863 859 1895 889 &
1915 860 2112 898 transportare,
2129 861 2230 898 absque
2251 863 2347 900 aliquo

1291 895 1495 934 impedimento
1507 897 1649 928 Gentium
1665 897 1697 927 ὃς
1708 897 1907 927 Ministrorum
1925 897 1997 928 diCti
2012 898 2132 928 Domini
2146 899 2242 929 Karoli
2259 904 2347 931 Fran—

1292 936 1352 972 ciae,
1370 934 1403 964 ad
1424 934 1577 973 Civitates,
1594 935 1698 973 Villas,
1717 934 1831 973 Castra,
1851 935 1991 966 Fortalitia
2006 960 2015 973 ,
2035 937 2078 967 seu
2101 937 2182 967 Loca
2201 938 2250 968 alia
2270 949 2348 977 quae-

1293 982 1418 1011 cumque
1428 996 1437 1011 ,
1454 973 1588 1004 Domino
1602 973 1701 1004 nostro
1714 977 1778 1010 Regi
1793 973 1904 1011 Angliae
1917 974 2033 1004 Subdita
2048 978 2081 1007 ὃς
2096 976 2244 1014 Subjecta,
2262 986 2347 1015 prout

1292 1010 1372 1041 dietis
1390 1012 1512 1042 Subditis
1524 1012 1645 1051 ejusdem
1661 1011 1785 1042 Domini
1802 1015 1878 1050 Regis
1891 1012 2002 1050 Angliae
2019 1014 2119 1044 melius
2136 1015 2168 1046 δε
2184 1014 2304 1045 securius
2313 1016 2347 1046 ad

1293 1050 1301 1078 i
1323 1049 1416 1079 sorum
1439 1050 1641 1081 Commodum
1665 1050 1805 1081 videbitur
1831 1051 1978 1089 expedire,
1996 1051 2141 1083 Solvendo
2165 1053 2271 1091 semper
2288 1052 2351 1084 Cu-

1321 1097 1397 1118 umas
1418 1090 1451 1120 &
1472 1089 1612 1126 Devcria,
1628 1089 1781 1120 secundum
1803 1088 2046 1120 Consuetudinem
2069 1091 2218 1121 Locorum
2234 1092 2267 1121 ad
2288 1102 2352 1131 quae

1294 1126 1366 1164 ipsos
1382 1126 1519 1158 declinare
1535 1128 1702 1165 contigerit,

1330 1163 1446 1195 Proviso
1463 1174 1556 1195 tamen
1571 1166 1649 1203 quod
1671 1175 1730 1195 non
1751 1173 1883 1202 poterunt
1906 1166 2005 1197 intrare
2019 1165 2133 1205 Castra,
2151 1167 2238 1199 Villas
2258 1168 2353 1200 firma-

1295 1210 1352 1240 tas,
1368 1202 1411 1232 seu
1426 1204 1476 1233 alia
1489 1204 1647 1241 Fortalitia,
1665 1203 1767 1241 absque
1793 1204 1922 1235 Licentia
1943 1204 2160 1243 Dominorum,
2178 1206 2352 1245 Capiraneo-

1295 1250 1358 1308 {3¹⁰²
1367 1241 1441 1309 ,stseu
1459 1241 1621 1272 Custodum
1644 1242 1828 1280 eorumdem,
1844 1251 1890 1273 aut
1910 1243 2029 1274 aliorum
2053 1244 2216 1274 habentium
2237 1246 2271 1276 ad
2292 1247 2351 1278 hoc

1320 1287 1368 1309 ote
1395 1289 1484 1310 atem:

1331 1316 1450 1349 Proviso
1465 1319 1548 1348 etiarn
1583 1318 1642 1348 uod
1658 1317 1706 1356 ipsi
1723 1316 1823 1348 subditi
1836 1318 1902 1348 dicti
1926 1318 2050 1349 Domini
2071 1323 2148 1358 Regis
2167 1320 2280 1359 Angliae
2304 1321 2352 1352 ha-

1295 1355 1379 1387 beant
1394 1356 1498 1388 Literas
1515 1328 1732 1387 Teaitnoniales
1751 1355 1940 1394 Ballivorum,
1958 1357 2176 1395 Praepolitorum
2188 1383 2197 1397 ,
2213 1369 2260 1391 aut
2283 1361 2353 1391 alio-

1296 1403 1360 1424 rum
1376 1417 1385 1433 ,
1404 1395 1550 1432 Regimen
1573 1395 1731 1427 Civitatum
1747 1417 1757 1433 ,
1775 1392 1913 1424 Villatum
1928 1416 1937 1432 ,
1955 1396 1987 1425 &
2008 1396 2157 1427 Locorum
2179 1398 2260 1435 ipsius
2283 1398 2354 1429 Do-

1297 1433 1366 1462 mini
1380 1437 1456 1471 Regis
1469 1434 1581 1472 Angliae
1594 1434 1779 1470 habentium,
1795 1442 1811 1462 a
1828 1433 1930 1471 quibus
1946 1433 2031 1463 iidem
2045 1435 2154 1465 Subditi
2168 1435 2205 1466 sui
2225 1446 2258 1467 ex
2274 1436 2355 1468 causei⁴

1297 1471 1432 1508 praedidta
1449 1474 1578 1504 recedere
1592 1474 1714 1510 habent,
1729 1472 1829 1509 quibus
1852 1471 1953 1501 Literis
1974 1471 2205 1504 Certiorabuntur
2225 1475 2356 1514 Omnes,

1297 1510 1375 1546 quod
1389 1511 1438 1548 ipsi
1456 1511 1516 1542 sunt
1531 1511 1640 1542 Subditi
1651 1512 1721 1542 dieti
1736 1510 1860 1540 Domini
1877 1512 1954 1547 Regis
1970 1509 2100 1548 Angliae‚
2118 1511 2152 1541 δε
2169 1521 2221 1549 pro
2237 1513 2355 1544 Vidiua-

1297 1548 1369 1578 libus
1393 1550 1548 1587 quaerendis
1570 1551 1604 1582 δι’,
1624 1547 1855 1587 transportandis,
1873 1558 1941 1579 cum
1966 1548 2141 1579 Animalibus
2160 1550 2212 1579 suis
2225 1575 2234 1588 ,
2249 1552 2284 1581 &
2297 1574 2307 1589 ,
2325 1560 2356 1584 ut

1298 1588 1493 1626 praemittitur,
1511 1589 1638 1619 itinerare
1650 1587 1819 1625 intendunt,
1839 1587 1871 1616 &
1889 1586 1967 1624 quod
1994 1587 2082 1618 nichil
2100 1588 2130 1617 in
2152 1587 2357 1624 Praejudicium

1298 1625 1343 1655 seu
1364 1624 1576 1664 Contemptum
1598 1627 1667 1657 dieti
1689 1629 1800 1656 Domini
1819 1625 1918 1654 Karoli
1938 1628 2079 1664 Framiae,
2096 1633 2143 1657 aut
2165 1625 2357 1659 subditorum

1299 1663 1412 1693 suorum
1422 1687 1431 1702 ,
1447 1666 1669 1705 attemptabunt,
1686 1665 1731 1694 seu
1744 1665 1898 1701 attemptari
1914 1664 2114 1700 procurabunt.

1336 1700 1448 1733 ITEM
1465 1727 1474 1741 ,
1500 1702 1797 1734 CoNcoRDATo
1810 1710 1837 1732 Μ
1865 1701 1906 1732 est
1920 1723 1930 1739 ,
1965 1703 2043 1739 quod
2068 1702 2213 1740 praesentes
2239 1703 2356 1735 Litterae

1299 1739 1478 1777 Treugarum
1486 1741 1672 1773 Generalium
1687 1751 1734 1780 per
1749 1740 1903 1778 quemlibet
1917 1741 2062 1771 diitorum
2070 1741 2252 1781 Principum,
2271 1751 2357 1780 prout

1300 1780 1456 1815 quemlibet
1475 1782 1640 1818 concernit,
1659 1780 1787 1817 quotiens
1800 1779 1883 1809 fuerit
1896 1779 2057 1816 requisitus,
2074 1781 2106 1812 δε
2124 1789 2171 1817 per
2186 1780 2243 1811 suas
2265 1781 2360 1812 Litte-

1301 1826 1359 1854 ras,
1376 1818 1428 1848 suis
1444 1817 1496 1848 Ma
1517 1821 1558 1849 nis
1573 1819 1678 1857 Sigillis
1693 1818 1840 1857 sigillatas,
1855 1817 2118 1848 Confirmabuntur.

1336 1854 1380 1885 1⁷1·
1391 1866 1408 1886 E
1421 1865 1448 1888 M
1458 1880 1468 1896 ,
1523 1868 1543 1887 ο
1553 1866 1574 1887 N
1585 1867 1601 1888 c
1614 1868 1633 1887 o
1645 1867 1666 1887 R
1677 1866 1697 1886 D
1707 1867 1725 1887 A
1737 1864 1759 1885 T
1769 1864 1790 1885 u
1801 1864 1826 1886 M
1843 1855 1900 1893 est,
1916 1856 1997 1893 quod
2019 1856 2165 1893 Capitanei
2182 1856 2358 1897 Civitaturn,

1300 1892 1456 1933 Vsslarum,
1475 1896 1509 1927 &
1523 1896 1692 1927 Castrorum
1709 1895 1848 1932 utriusque
1867 1893 1971 1931 Partis,
2011 1895 2134 1925 otiffime
2150 1896 2178 1924 in
2199 1897 2249 1925 suis
2266 1897 2360 1927 Fron-

1299 1934 1371 1962 tariis
1387 1933 1551 1973 existentes,
1569 1935 1738 1965 tenebuntur
1758 1932 1927 1963 Promittere
1941 1933 1974 1963 &
2009 1943 2085 1963 urare
2099 1933 2245 1971 praedic'tas
2265 1935 2361 1966 Treu-

1299 1978 1345 2008 gas
1360 1972 1393 2002 ὃς
1412 1972 1600 2004 Abstinentias
1615 1972 1754 2009 Guerrae,
1773 1979 1906 2008 quantum
1928 1972 1956 2000 in
1980 1974 2018 2002 eis
2036 1972 2094 2009 est,
2113 1971 2228 2003 fideliter
2244 1972 2360 2004 Tenere

1301 2009 1333 2039 &
1348 2008 1519 2048 Observare,
1541 2012 1574 2043 &
1592 2012 1628 2042 ab
1647 2011 1679 2040 iis
1691 2012 1767 2048 quta
1782 2009 1867 2039 Posse
1882 2010 1974 2039 facere
1986 2011 2132 2041 observari.

1336 2047 1411 2079 ΙΤΕ
1423 2056 1466 2088 Μ,
1486 2049 1631 2080 Conco
1645 2058 1725 2079 RDA
1738 2056 1760 2078 T
1772 2056 1833 2079 UM
1849 2048 1909 2084 est,
1929 2049 2007 2085 quod
2024 2059 2073 2086 per
2094 2049 2203 2079 nullum
2225 2049 2360 2088 Atternp-

1300 2093 1389 2116 tatum
1409 2087 1454 2118 seu
1479 2087 1653 2126 Interprisam
1664 2111 1673 2125 ,
1691 2087 1795 2117 factam
1815 2095 1860 2117 aut
1875 2085 2048 2126 faciendam,
2067 2097 2116 2124 per
2132 2087 2266 2118 Subditos
2279 2090 2362 2119 unius

1301 2123 1390 2155 Partis
1411 2126 1533 2158 Subditis
1555 2126 1663 2157 alterius
1685 2125 1789 2162 Partis,
1807 2133 1907 2156 contra
1927 2124 2047 2162 superius
2062 2125 2238 2165 Expressata,
2256 2126 2363 2158 debent

1301 2164 1448 2201 praesentes
1461 2165 1586 2204 Treugae
1606 2166 1639 2196 δε
1655 2164 1831 2194 Abstinentia
1846 2162 1967 2193 Guerrae
1988 2163 2093 2202 Ruptae
2108 2165 2226 2202 censeri;
2245 2165 2283 2196 set
2303 2174 2363 2197 rna-

1303 2202 1411 2232 nebunt
1426 2203 1627 2233 nichilominus
1640 2204 1668 2232 in
1684 2202 1734 2232 suis
1748 2202 1853 2232 robore
1865 2202 1898 2232 δε
1915 2202 2024 2238 vigore.

1339 2239 1376 2270 Et
1389 2240 1493 2271 debent
1508 2241 1616 2271 Omnia
1632 2241 1801 2277 Attemptata
1816 2241 1850 2271 &
1863 2238 2018 2270 Malefac‘ta
2028 2239 2189 2278 hujusmodi
2207 2250 2258 2279 per
2278 2241 2363 2272 Con-

1302 2276 1451 2309 servatores
1473 2279 1506 2310 &
1529 2278 1768 2315 Commiss'arios,
1787 2288 1836 2315 per
1857 2286 2005 2315 utramque
2024 2277 2137 2308 Partem
2159 2279 2306 2316 deputatos
2327 2281 2361 2311 δε

1302 2316 1478 2354 deputandos
1489 2340 1499 2355 ,
1517 2325 1601 2355 prout
1619 2317 1740 2354 singulos
1754 2325 1855 2346 eorum
1867 2325 2022 2347 concernet
2041 2317 2074 2347 &
2092 2326 2263 2348 concernere
2280 2326 2363 2357 pote-

1303 2355 1354 2392 rit,
1371 2355 1483 2395 Corrigi
1517 2354 1687 2393 Emendari,
1703 2356 1736 2386 &
1754 2354 1904 2393 Reparari,
1921 2365 1953 2385 ac
1967 2355 2062 2385 debite
2076 2354 2251 2386 Reformari.

1303 2393 1376 2462 GEt
1388 2404 1469 2425 erunt
1484 2379 1704 2426 Conservatores
1718 2393 1896 2431 praesentium
1917 2394 2098 2431 Treugarum
2118 2394 2151 2424 ὅ(
2174 2393 2364 2426 Abstinentiae

1337 2443 1422 2463 uerrae

1339 2470 1397 2510 Pro
1414 2456 1496 2502 P'arte
1512 2471 1582 2501 dieti
1594 2470 1720 2502 Domini
1733 2469 1822 2500 nostri
1834 2468 1941 2509 Regis,
1961 2471 1989 2499 in
2005 2470 2133 2500 Partibus
2153 2469 2290 2501 Picardiae
2308 2475 2364 2501 Ca-

1295 2511 1420 2546 pitaneus
1435 2510 1498 2540 Cale
1510 2513 1528 2538 ιι·
1539 2511 1572 2541 &
1590 2510 1647 2547 ejus
1663 2509 1895 2546 Locumtenens,
1913 2509 1945 2539 &
1961 2510 1988 2538 in
2007 2509 2063 2538 aliis
2078 2508 2203 2539 Partibus
2217 2513 2362 2547 Capitanei

1302 2550 1378 2585 Augi
1392 2548 1430 2583 ὠ·
1444 2552 1479 2578 Gi
1493 2552 1555 2578 ortii
1565 2547 1728 2584 ,Dominus
1741 2546 1887 2586 Johannes
1903 2550 1978 2586 Gray
1994 2546 2163 2583 Capiraneus
2176 2547 2358 2577 Sanc'tiGer-

1304 2588 1379 2616 mani
1396 2588 1422 2616 in
1438 2586 1531 2628 Laya,
1550 2586 1696 2616 Dominus
1713 2585 1865 2624 Radulphtes
1880 2584 2026 2614 Cromwell
2040 2584 2141 2623 Miles,
2159 2589 2300 2624 capitanei
2315 2588 2357 2615 E-

1302 2624 1436 2666 hroicenfir
1450 2628 1482 2657 &
1499 2625 1531 2655 de
1547 2624 1681 2661 Vernolio,
1699 2626 1731 2655 ὃς
1747 2634 1847 2654 eorum
1865 2623 2082 2662 Locatenentes,

1340 2663 1394 2700 Et,
1415 2674 1466 2701 pro
1482 2662 1565 2694 Parte
1580 2663 1649 2694 dieti
1663 2661 1831 2693 Serenissimi
1854 2663 1991 2698 Principis
2014 2661 2139 2692 Domini
2158 2661 2256 2691 Karoli
2273 2665 2360 2692 Fran-

1303 2704 1364 2739 ciae,
1383 2703 1412 2732 in
1431 2703 1556 2733 Partibus
1574 2701 1698 2732 Franciae
1713 2700 1879 2738 Praepofitus
1901 2700 2070 2738 Parifiensis,
2092 2699 2199 2729 Ballivi
2224 2699 2261 2734 &
2281 2704 2361 2737 Capi·-

1303 2744 1378 2770 tanei
1392 2739 1607 2781 Salvanec‘lenfis
1626 2738 1663 2774 (φ
1682 2738 1865 2778 Carnutenfis,
1883 2739 1916 2770 &
1933 2748 2031 2769 eorum
2049 2738 2269 2776 Locatenentes,
2290 2740 2361 2769 &in

1304 2778 1430 2809 Partibus
1445 2779 1583 2809 Picardiae
1599 2779 1632 2810 ὃς
1646 2778 1760 2809 Pontivi
1775 2777 1921 2808 Dominus
1933 2776 2053 2815 Jacohus
2068 2777 2099 2806 de
2114 2779 2275 2806 Henricuria
2301 2777 2361 2807 Ca-

1304 2818 1427 2854 pitaneus
1440 2817 1474 2848 de
1491 2818 1516 2848 la
1530 2817 1659 2855 Crotoy,
1669 2816 1813 2847 Dominus
1823 2815 1858 2846 de
1875 2815 1904 2845 la
1918 2819 1990 2845 Viez
2008 2814 2081 2844 Ville
2098 2814 2361 2852 Capitaneusd’Ar-

1303 2855 1370 2892 dre,
1389 2856 1557 2887 Senescallus
1580 2855 1712 2893 Pontivi,
1727 2856 1760 2885 δε
1784 2854 1928 2884 Dominus
1950 2854 1982 2883 de
2001 2852 2083 2894 Beloy
2105 2853 2275 2891 Capitaneus
2289 2855 2360 2884 Arn-

1304 2894 1454 2932 bianeniis,
1472 2896 1504 2925 ὅτ.
1519 2904 1621 2924 eorum
1640 2894 1860 2929 Locatenentes,

1341 2932 1402 2970 Qii
1423 2932 1539 2971 quidem
1562 2930 1791 2968 Conservatores,
1813 2931 1846 2960 ὃς
1865 2939 1968 2960 eorum
1987 2928 2102 2967 quilibet
2121 2930 2150 2959 in
2166 2929 2212 2960 sua
2229 2930 2360 2961 Marchia

1304 2978 1350 3000 aut
1366 2971 1535 3008 Provincia,
1554 2979 1668 3000 necnon
1685 2970 1721 3000 ab
1736 2970 1773 2999 eis
1786 2969 1830 2999 vel
1845 2978 1945 2999 eorum
1969 2968 2054 2998 altero
2076 2967 2256 3006 Deputandi,
2275 2970 2360 2999 habe-

1303 3007 1375 3038 bunt
1390 3008 1561 3040 Potestatem
1577 3007 1780 3046 Cognoscendi
1793 3008 1825 3037 &
1841 3006 2060 3037 Determinandi
2075 3005 2111 3035 de
2120 3007 2359 3044 Attemptatishu-

1297 3046 1438 3084 jusmodi,
1457 3046 1698 3085 Corrigendique,
1716 3045 1763 3076 Re
1783 3045 1892 3083 arandi,
1908 3045 1940 3075 &
1964 3043 2139 3074 Emendandi
2154 3045 2288 3083 quicquid
2305 3046 2357 3077 At-

1301 3093 1468 3124 temptatum
1489 3094 1536 3116 aut
1558 3085 1741 3115 Forisfac‘tum
1766 3085 1853 3121 uerit,
1873 3093 1921 3121 per
1947 3083 2156 3120 quoscumque,
2176 3093 2275 3113 contra
2294 3084 2355 3113 Te-

1301 3132 1401 3153 norem
1425 3124 1601 3161 praesentium
1616 3123 1793 3161 Treugarum
1818 3123 1850 3152 ὃ(
1869 3120 2070 3159 Abstinentiae,
2088 3130 2120 3150 ac
2136 3120 2274 3151 Puniendi
2289 3131 2357 3151 om-

1300 3171 1349 3204 nes
1365 3161 1563 3193 Maiefastores
1581 3163 1614 3193 &
1628 3160 1871 3201 Transgrelsores,
1887 3169 1968 3198 prout
1985 3159 2070 3190 Casus
2092 3160 2233 3196 exegerint
2257 3160 2289 3190 ὃς
2312 3170 2357 3190 re·

1323 3209 1421 3230 uirent-

1301 3210 1320 3238 ς
1337 3237 1369 3267 ln
1382 3240 1461 3276 qu'us
1476 3239 1515 3268 rei
1529 3237 1744 3269 Testimonium
1760 3237 1847 3276 Nos,
1867 3235 2062 3266 Commissarii
2079 3236 2111 3266 &
2128 3234 2264 3272 Deputati
2276 3235 2356 3274 supe-

1299 3277 1353 3306 rius
1368 3278 1522 3315 nominati,
1540 3277 1717 3315 praesentibus
1731 3276 1844 3307 Litteris
1857 3275 1951 3306 nostra
1968 3275 2143 3312 apposuimus
2154 3273 2258 3312 Sigilla.

1334 3352 1442 3384 Datum
1458 3353 1491 3384 &
1507 3353 1613 3384 Adtum
1630 3352 1787 3390 Rothomagi
1802 3352 1926 3392 vicesima
1945 3357 2044 3390 quarta
2062 3349 2104 3379 die
2123 3350 2224 3391 Menfis
2241 3353 2352 3380 Decem-

1297 3390 1395 3460 Ιὶζῖτὲἇο
1403 3392 1492 3423 Anno
1515 3392 1638 3422 Domini
1663 3391 1817 3422 Millesimo
1831 3413 1842 3428 ,
1877 3389 2165 3428 Qadringentesimo
2184 3412 2193 3427 ,
2226 3388 2353 3419 Decimo

2368 3555 2384 3572 ⁴*
2404 3558 2457 3586 IX.

205 3552 266 3615 {uo
294 3542 500 3580 impedimento
522 3541 663 3572 Gentium
688 3542 721 3572 &
746 3541 944 3572 Ministrorum
965 3543 1031 3573 dien
1056 3543 1177 3573 Domini
1208 3555 1261 3574 no·
2368 3592 2384 3620 8

2390 3604 2436 3630 25.

235 3582 256 3611 ri
279 3580 381 3621 Regis,
399 3580 434 3612 ad
454 3580 605 3618 Civitates,
625 3579 724 3617 Villas,
743 3579 856 3617 Castra,
871 3580 1030 3618 Fortalitia,
1049 3581 1094 3612 seu
1115 3582 1194 3611 Loca
1209 3583 1258 3613 alia
1545 3566 1572 3592 ᾖ
1598 3569 1655 3599 Pro
1675 3568 1838 3600 secretari⁰
1856 3567 1941 3612 Regis
1957 3566 2100 3598 franca·

208 3629 419 3658 quaecumque,
437 3619 517 3649 dieto
535 3619 667 3649 Domino
690 3618 793 3648 Karolo
810 3622 930 3649 Franciae
945 3620 1049 3649 subdita
1072 3621 1104 3651 δε
1119 3621 1258 3659 subjecta,

206 3666 293 3695 prout
305 3657 386 3688 dietis
403 3658 527 3689 Subditis
551 3657 672 3694 ejusdem
696 3656 820 3687 Domini
841 3657 930 3687 Caroli
953 3660 1073 3687 Franciae
1102 3659 1200 3689 melius
1222 3661 1256 3691 &

205 3697 324 3727 secui-ius
347 3695 382 3727 ad
403 3697 526 3734 ipsorum
556 3695 755 3726 Commodum
783 3695 923 3726 videbitur
944 3697 1092 3733 expedire:
1121 3697 1256 3728 solvendo

205 3733 312 3772 semper
329 3733 480 3765 Custumas
494 3735 528 3765 &
543 3734 666 3765 Deveria
675 3734 843 3772 ,secundum
853 3733 1092 3765 Consuetudinem
1106 3734 1255 3766 Locorum

205 3770 240 3802 ad
255 3781 319 3809 quae
334 3773 405 3810 ipsos
420 3774 559 3804 declinare
574 3774 742 3812 contigerit,

239 3808 358 3840 Proviso
379 3818 472 3841 tamen
492 3811 574 3849 quod
589 3821 649 3842 non
665 3818 793 3849 poterunt
812 3810 914 3840 intrare
934 3809 1044 3848 Castra,
1061 3811 1146 3842 Villas
1160 3811 1254 3843 firma-

203 3855 259 3886 tas,
277 3847 322 3878 seu
338 3848 386 3877 alia
401 3849 557 3888 Fortalitia,
574 3850 677 3887 absque
695 3848 823 3880 Licentia
846 3848 1064 3888 Dominorum,
1082 3848 1254 3888 Capitaneo-

202 3895 267 3955 PH?
277 3886 348 3953 hseu
370 3884 533 3918 Custodum
553 3888 740 3926 eorumdem,
755 3896 801 3918 aut
823 3887 942 3917 aliorum
966 3887 1132 3919 habentium
1150 3890 1183 3920 ad
1196 3890 1253 3921 hoc

228 3933 248 3953 o
262 3934 276 3953 e
303 3933 392 3954 atem:

236 3961 354 3992 Proviso
379 3962 462 3992 etiam
483 3964 562 4000 quod
584 3965 634 4002 ipsi
656 3964 765 3995 Subditi
788 3963 858 3994 dieti
874 3963 996 3994 Domini
1019 3965 1251 3997 KaroliFranciae

197 3999 317 4034 habeant
331 3999 448 4032 Litteras
460 4001 674 4035 Testimoniales
691 4003 882 4042 Ballivorum,
899 4002 1136 4044 Praepositorum,
1154 4014 1203 4038 aut
1223 4016 1253 4038 a-

1299 3658 1434 3716 REX,
1454 3670 1499 3698 per
1513 3660 1617 3690 Literas
1632 3660 1689 3690 suas
1705 3660 1849 3696 Parentes,
1865 3669 1916 3697 per
1929 3658 2037 3697 Viginti
2060 3658 2129 3688 Dies
2151 3658 2283 3695 proximo
2301 3656 2347 3687 fu-
2363 3657 2439 3690 Ann.
2453 3661 2495 3693 D.

1313 3704 1315 3708 ·
1377 3707 1453 3729 turos
1467 3700 1624 3737 duraturas,
1642 3698 1758 3735 suscepit
1774 3699 1801 3728 in
1815 3698 1938 3735 salvum,
1955 3699 2015 3728 &c.
2031 3696 2188 3734 Johannem
2207 3696 2244 3739 de·
2255 3695 2344 3734 Rinel,
2386 3707 2424 3737 14
2430 3710 2473 3738 ¹9·

1295 3733 1507 3773 Consanguinei
1523 3737 1611 3777 Regis
1627 3737 1651 3767 F
1653 3739 1753 3767 ranciae
1769 3737 1973 3772 Secretarium‚
1992 3736 2020 3764 in
2034 3734 2155 3763 Civitate
2168 3733 2258 3769 Regffi
2278 3733 2343 3764 RO-
2358 3740 2408 3765 An.
2425 3747 2452 3773 7.

1293 3774 1419 3813 thomagi
1435 3776 1468 3804 ad
1485 3776 1600 3812 praesens
1611 3775 1792 3812 existentem,
1809 3775 1911 3805 abinde
1930 3773 2025 3815 usque·
2036 3772 2188 3802 Civitatem
2209 3771 2343 3811 Parilius,
2359 3779 2391 3804 Η,
2414 3786 2440 3811 5.

1293 3822 1361 3843 curn
1376 3814 1429 3843 Sex
1442 3813 1570 3845 Personis
1582 3825 1614 3845 ac
1629 3814 1750 3845 totidem
1766 3813 1854 3850 Equis
1869 3814 1896 3841 in
1914 3810 2062 3840 Comitiva
2081 3810 2141 3846 sua,
2160 3810 2342 3850 transeundo,
2357 3818 2446 3842 Norm.
2465 3823 2491 3848 7,

1293 3852 1327 3882 ὅ(
1343 3852 1443 3882 deinde
1460 3853 1493 3882 ad
1511 3852 1689 3884 Praesentiam
1702 3851 1809 3888 Regis,
1828 3851 2000 3886 ubicumque
2018 3846 2107 3892 ipsum
2126 3849 2187 3878 fore
2211 3850 2343 3887 contige-
2356 3856 2391 3881 H.
2401 3864 2427 3889 5.
2434 3860 2491 3891 pn,

1291 3890 1342 3927 rit,
1360 3891 1549 3929 reveniendo,
1568 3892 1673 3921 ibidem
1696 3889 1833 3920 morando
1853 3890 1887 3918 &
1913 3886 2140 3924 perhendinando
2154 3909 2164 3924 ‚
2184 3888 2218 3919 δε
2242 3887 2342 3918 exinde
2355 3902 2391 3921 m.
2411 3901 2457 3928 5²--

1290 3938 1391 3966 penes,
1411 3927 1658 3969 Consanguineum
1673 3928 1778 3965 Regis,
1795 3930 1895 3956 Ducem
1909 3924 2088 3962 Burgundiae,
2106 3925 2181 3955 salvo
2195 3927 2227 3956 &
2238 3926 2345 3966 secure,

1312 3966 1515 4006 roficiscendo,
1531 3978 1644 3998 necnon
1670 3967 1788 4004 Libros,
1810 3965 1915 3993 Literas
1929 3986 1939 4000 ,
1956 3962 2116 4002 Manticas,
2132 3962 2232 4004 Bagas,
2247 3965 2345 4004 Bona,

1325 4015 1367 4043 eS,
1386 4004 1530 4045 Cariagia,
1545 4008 1578 4038 ὅ(
1592 4004 1727 4036 Hei-nesia
1739 4004 1783 4034 sua
1799 4010 1995 4040 quaecunque,
2274 4038 2297 4069 P

2299 4048 2347 4069 ro-
