2562 4274
788 183 909 223 ET
992 182 1255 224 ACTA

38 267 113 300 Ann.
131 265 315 307 D.C2mpo‚
349 266 456 298 ibidem
471 266 638 297 unanimiter
660 269 852 299 convenirent
868 290 878 306 ,
905 268 938 299 &
958 266 1066 299 infimul
1089 268 1258 306 obviarent,

57 313 146 344 1414-
185 317 240 346 pro
256 305 408 345 nephando
431 304 578 344 propolito
590 304 640 335 suo
656 306 684 335 in
698 306 843 343 praemissis
857 307 1069 344 pcrimplendo,

36 350 98 373 Heu.
115 354 143 380 5.
225 346 298 384 Qio
313 344 430 382 quidem
445 343 505 373 Die
519 341 676 382 Mercurii,
694 344 766 382 apud
784 343 888 374 Villam
913 346 946 375 ὃς
970 344 1136 375 Parochiam
1159 344 1260 383 praedi-

183 382 258 421 (stas,
272 383 418 421 johannes
433 381 604 412 Oldecastell
620 382 653 413 δε
666 381 857 420 aliipraediffi,
870 382 1062 421 subsequenter
1077 385 1106 414 in
1116 383 1258 419 hujusmo-

185 420 212 449 di
224 420 367 459 propofito
374 419 530 457 proditorie
546 419 759 458 perseverantes,
768 421 847 459 Nos,
855 421 959 452 Fiatres
974 421 1084 452 nostros
1097 427 1105 457 (
1116 421 1258 458 videlicet)

181 457 330 489 Thomam
350 457 469 488 Ducem
486 458 661 496 Chrenriae,
676 459 839 498 johannem
858 461 893 489 de
913 459 1088 497 Lancastria‚
1108 461 1142 490 δε
1156 460 1256 490 Hum-

178 496 285 526 fridum
299 497 334 527 de
348 496 527 535 Lancastria,
545 507 660 527 necnon
682 497 819 529 Praelaros
834 499 867 528 ὃς
884 498 1030 537 Magnates
1046 498 1196 536 praedie'cos
1211 499 1253 528 in-

187 534 333 573 terficere,
351 546 384 566 ac
397 545 450 565 nos
471 537 504 566 &
524 535 661 566 Haeredes
678 535 789 567 nostros
811 536 847 566 de
871 535 976 575 Regno
998 537 1096 567 nostro
1118 537 1256 576 praedieto

185 573 378 611 exhaeredare,
394 575 427 605 &
443 573 584 610 praemiffii
598 575 695 605 onmia
709 575 760 605 alia
775 576 806 605 &
821 576 927 611 lingula
938 598 947 613 ,
966 585 1079 605 necnon
1094 575 1256 614 quamplura

183 611 234 642 alia
253 612 326 642 mala
341 614 374 643 δε
388 611 599 649 intollerabilia,
619 613 710 643 facere
724 615 757 644 δε
774 614 941 651 perimplere
955 613 1026 644 falso
1042 614 1075 644 &
1097 613 1256 652 proditorie

182 650 390 689 proposuerunt
405 651 438 681 ὃς
454 651 687 689 imaginaverunt,

219 688 254 718 Et
269 688 377 719 ibidem
387 712 396 726 ,
415 688 505 718 versus
520 688 666 726 Campum
684 690 869 728 praedifflun,
890 690 979 720 modo
991 691 1124 727 guerrino
1138 691 1254 728 arraiari,

182 727 358 766 proditorie,
377 726 469 756 modo
485 727 711 766 insurrectionis,
737 738 834 759 contra
857 729 1014 767 Ligeantias
1035 729 1092 758 suas
1112 730 1254 766 equitave-

182 765 299 833 [[1ῃᾶεά
316 775 370 795 nos
384 764 600 804 debellandum,
618 767 667 797 nili
682 777 731 807 per
745 777 796 797 nos
812 777 898 798 manu
913 766 979 797 forti
994 767 1113 806 gratiose
1126 766 1255 804 impediti

185 805 225 836 rui
251 812 300 834 ent

220 826 471 880 Postn’riodumque
485 842 635 883 prtedielus
644 843 790 882 johannes
804 843 962 882 Langacre,
988 842 1025 872 de
1046 842 1255 881 proditionibus

182 882 215 912 &
235 879 356 911 Feloniis
371 881 512 919 praediclis
532 891 632 913 coram
655 883 774 920 praeratis
793 881 958 920 justiciariis
978 880 1114 911 allocutus
1129 903 1138 917 ,
1155 882 1255 911 dixerit

182 919 263 957 quod
279 919 333 956 ipse
349 920 378 949 in
396 920 475 950 nullo
488 921 539 951 fuit
553 921 619 951 inde
632 921 795 960 culpabilis,
820 920 853 950 &c
878 919 943 949 inde
961 918 998 948 de
1019 919 1098 949 bono
1120 920 1153 950 ἃ
1178 920 1254 949 malo

182 957 301 995 posuerit
315 958 340 988 se
354 957 433 996 super
448 958 568 989 Patriam
581 982 590 997 ,

220 996 265 1026 Ac
287 1006 337 1034 per
351 996 578 1034 inquisitionem,
602 1006 700 1026 coram
723 995 843 1033 praefatis
862 994 1026 1034 justiciariis
1047 996 1076 1025 in
1099 995 1153 1026 hac
1178 1005 1253 1033 parte

181 1043 309 1073 captam,
325 1044 508 1073 compertum
524 1034 614 1064 fuiffet
626 1033 706 1072 quod
721 1034 871 1071 praedietus
878 1033 1023 1071 johannes
1039 1034 1182 1074 Langacre
1190 1035 1251 1066 cul·

182 1073 279 1111 pabilis
293 1074 344 1104 fuit
358 1074 393 1103 de
410 1073 614 1110 proditionibus
629 1074 663 1103 &
678 1072 801 1102 Feloniis
819 1072 990 1110 supradietis,

222 1111 276 1142 Pet
289 1111 367 1150 quod
383 1110 586 1142 consideratum
602 1111 655 1141 fuit
670 1112 750 1149 qubd
766 1111 917 1149 praedictus
937 1110 1082 1149 Johannes
1108 1110 1252 1151 Langacre

182 1150 269 1188 usque
282 1150 402 1180 Turrim
426 1149 548 1179 nostram
570 1149 788 1180 Londoniarum
809 1150 959 1180 duceretur
974 1173 983 1187 ,
1007 1151 1040 1180 &
1059 1150 1178 1187 abinde,
1203 1159 1251 1189 per

181 1189 311 1219 medium
325 1187 455 1218 Civitatis
471 1187 708 1226 Londoniarum,
725 1189 809 1228 usque
824 1187 990 1219 Parochiam
1011 1188 1106 1218 Saneti
1136 1188 1249 1227 Egidii,

177 1228 253 1266 juxra
269 1225 413 1264 Campum
428 1227 613 1266 praedietum,
630 1227 664 1257 ad
678 1237 763 1257 novas
779 1227 886 1265 furcas,
905 1227 1012 1257 ibidem
1033 1226 1251 1265 suspenderetur,

221 1264 307 1302 Nos,
325 1265 360 1295 de
374 1264 461 1304 gratia
478 1264 574 1295 nostra
589 1265 699 1303 speciali
713 1288 723 1303 ,
750 1265 972 1296 Pardonavimus
993 1266 1111 1304 praefato
1126 1264 1251 1302 johanni

183 1303 346 1342 Langacre,
363 1311 422 1334 tam
437 1303 550 1334 Sedlam
572 1303 653 1334 Pacis
667 1304 789 1341 nostrae,
813 1313 878 1342 quse
897 1303 930 1333 ad
954 1303 1023 1333 Nos
1045 1302 1139 1333 versus
1158 1303 1250 1344 ipsum

181 1343 301 1379 pertinet
314 1351 367 1381 pro
377 1342 555 1372 omnimodis
568 1341 781 1372 Proditionibus
796 1343 829 1373 &
843 1341 965 1372 Feloniis
974 1364 984 1379 ,
1006 1351 1055 1379 per
1076 1341 1165 1380 ipsum
1185 1349 1251 1372 ante

184 1381 248 1412 haec
271 1389 400 1418 tempora
419 1380 498 1410 saeris
512 1403 522 1419 ,
547 1382 636 1419 quam
657 1381 853 1411 executionem
879 1379 984 1417 judicii
1012 1380 1156 1418 praedieti,
1188 1389 1252 1419 erga

184 1419 274 1456 ipsum
289 1419 327 1449 sic
343 1419 458 1457 redditi,
477 1420 509 1449 ὃς
525 1418 637 1448 firmam
652 1418 755 1449 Pacem
777 1417 900 1448 nostram
922 1419 947 1448 ei
970 1419 1036 1448 inde
1060 1422 1076 1436 '⁶‘
1101 1417 1251 1449 Concedi—

183 1467 261 1495 mus,
279 1467 312 1488 ac
329 1457 420 1495 ipsum
433 1457 467 1488 ad
483 1457 573 1496 Leges
585 1457 619 1488 ὃς
632 1456 855 1489 Consuetudines
872 1456 967 1496 Regni
979 1457 1068 1487 nostri
1080 1455 1192 1496 Angliae
1207 1468 1252 1489 re-

182 1495 323 1526 stituimus
335 1505 383 1533 per
398 1494 557 1526 Praesenres.

218 1534 250 1565 ln
266 1535 360 1571 cujus,
379 1535 440 1565 &o

238 1572 326 1603 Teste
341 1572 424 1612 Rege
438 1571 510 1610 apud
521 1571 779 1612 Wstmonasterium
793 1572 910 1604 decimo
925 1571 1002 1602 sexto
1015 1571 1060 1602 die
1070 1571 1253 1604 Decembris.

36 1426 55 1446 a
77 1427 131 1456 υς.

41 1474 104 1501 ¹94n

812 1651 866 1679 fer
884 1647 967 1688 iffim
986 1651 1091 1686 Regem.

202 1724 375 1757 Confimiies
389 1725 498 1756 Literas
514 1724 604 1766 Regis
620 1726 655 1757 de
671 1725 878 1757 Pardonatione
893 1726 999 1756 habent
1019 1724 1180 1764 subscripti,
1197 1726 1255 1756 viz.

223 1802 370 1841 Johannes
385 1802 579 1844 Parrhemyner
595 1803 631 1833 de
644 1801 816 1841 Hamborgh
832 1802 867 1832 de
882 1801 1033 1833 Comitatu
1053 1801 1152 1832 Oxon.

221 1840 371 1871 Nicholaus
382 1841 475 1881 Selby,
493 1841 659 1880 Iremonger
674 1841 703 1870 in
723 1841 812 1871 Com.
833 1842 910 1871 Leic.

219 1880 352 1909 Ricardus
368 1878 512 1918 Sprotford
520 1879 556 1910 de
571 1878 784 1909 Amondesham
799 1880 826 1908 in
844 1878 933 1909 Com.
943 1878 1014 1909 Buk.
1033 1877 1199 1918 Carpenter.

219 1918 334 1948 Thomas
349 1921 427 1957 Gray
440 1918 476 1948 de
491 1917 640 1948 Comitatu
657 1916 767 1947 North.
785 1918 849 1948 alias
871 1918 962 1948 dietus
987 1916 1103 1947 Thomas
1123 1921 1200 1957 Gray
1220 1917 1255 1949 de

181 1956 350 1993 Oxenford,
368 1955 504 1986 Clericus.

218 1994 364 2034 Johannes
380 1997 483 2033 Grene,
502 1994 538 2024 de
550 1993 727 2025 Chateseone
742 1995 771 2024 in
783 1993 876 2024 Derb.
893 1994 1021 2024 Webbe.

217 2033 361 2072 Johannes
373 2035 488 2071 Donne,
505 2032 541 2062 de
555 2032 660 2063 Frome
674 2034 704 2063 in
717 2033 862 2064 Selewode
876 2033 906 2063 in
920 2032 1011 2063 Com.
1029 2031 1152 2065 Somerc

220 2071 352 2101 Robertus
364 2072 466 2100 Hierne
500 2071 537 2101 de
553 2070 705 2101 Knoshale.

220 2110 337 2141 Thomas
354 2109 443 2148 Pelle,
462 2094 498 2140 de
511 2109 672 2140 Colchestr.
689 2111 718 2139 in
734 2109 825 2140 Com.
843 2109 937 2141 Essex.
965 2108 1124 2140 Cordener.

219 2148 336 2179 &thomas
350 2147 438 2177 Blake
450 2147 558 2179 Wever
574 2148 609 2179 de
622 2147 742 2179 Cestria.

218 2186 364 2225 Johannes
377 2185 534 2225 Garthorp,
553 2186 590 2216 de
604 2186 754 2217 Oxenford
771 2186 878 2217 Scoler.

219 2225 383 2255 Willielmus
403 2225 506 2262 Wrd,
524 2225 559 2255 de
577 2225 677 2256 Belton
693 2227 723 2256 in
739 2225 830 2255 Com.
853 2226 939 2264 Leyc.
962 2225 1123 2256 Plowman.

218 2263 333 2293 Thomas
351 2263 452 2302 Ydeoz,
469 2264 531 2294 alias
541 2263 632 2295 dietus
646 2264 732 2304 Idyoz
744 2265 781 2294 de
795 2264 932 2294 London.
952 2263 1118 2302 Carpenter.

562 2391 612 2422 De
630 2390 757 2437 Treugis
772 2391 883 2423 Scotiae.

251 2473 316 2504 EX
333 2472 496 2511 Omnibus,
512 2472 546 2503 ad
560 2483 641 2513 qu03,
659 2475 721 2506 &o
740 2473 873 2506 Salutem.

306 2513 405 2542 Sciatis
418 2512 497 2550 quod
512 2511 582 2542 Nos
592 2536 603 2551 ,

131 2585 138 2592 ⁸
226 2550 274 2582 De
289 2550 418 2580 fidelitate
432 2552 465 2580 δε
479 2551 733 2591 circumspectione
745 2575 755 2589 ,
781 2548 914 2581 carissimi
935 2548 1145 2588 Consanguinei
1169 2549 1260 2581 nostri
1275 2585 1278 2589 ⁴

187 2589 326 2619 Edwardi
339 2591 424 2618 Ducis
440 2588 561 2618 Eburum
577 2613 586 2628 ,
612 2589 748 2620 Custodis
770 2588 966 2620 Marchiarum
995 2588 1156 2619 nostrarum
1176 2589 1213 2620 de
1234 2589 1261 2620 la

148 2660 154 2668 ι
187 2625 353 2659 Estmarche
371 2625 462 2657 versus
473 2626 616 2667 Scotiam,
636 2629 746 2666 plenius
761 2627 947 2665 confidentes,

225 2666 272 2697 De
285 2666 456 2697 avisamento
472 2664 598 2697 Concilii
614 2666 719 2704 nostri,
738 2667 871 2697 volumus
883 2689 894 2703 ,
918 2666 970 2703 &‚
995 2664 1114 2696 Tenore
1137 2665 1260 2697 Praesen-

132 2738 140 2746 ·
189 2706 280 2744 tium,
295 2703 491 2735 Concedimus
507 2705 587 2742 quod
602 2705 679 2736 idem
693 2704 800 2735 Custos
822 2715 870 2744 per
893 2703 939 2742 se,
966 2703 1012 2735 vel
1031 2713 1081 2740 per
1101 2703 1263 2743 Deputatos

191 2744 271 2781 suOS,
290 2753 338 2782 per
355 2742 446 2782 ipsum
460 2743 489 2772 in
505 2742 558 2773 hac
576 2753 652 2782 parte
667 2743 827 2781 faciendos,
846 2742 984 2782 Treugas,
992 2742 1132 2781 generales
1147 2743 1191 2773 vel
1199 2754 1260 2782 par-

189 2782 330 2819 ticulares,
351 2791 398 2817 per
417 2781 555 2819 Terram,
573 2793 642 2813 cum
658 2782 805 2820 Deputatis
826 2781 979 2820 Regenris,
1004 2780 1052 2811 seu
1078 2779 1262 2822 Custodum,

188 2830 234 2851 aut
249 2819 448 2887 eorumffLoca
460 2821 616 2852 tenentium
632 2821 666 2852 &
680 2820 910 2862 Deputatoruru,
936 2819 972 2851 de
991 2819 1114 2857 partibus
1133 2819 1240 2853 Scotiae
1251 2844 1261 2859 ,

186 2869 219 2890 ca
241 2869 286 2888 ere
320 2869 339 2888 o
362 2866 395 2895 it,

222 2869 264 2928 Fita
279 2869 388 2934 selinper
410 2894 489 2932 quod
511 2895 637 2937 Treugae
658 2897 800 2935 praedietae
813 2920 823 2936 ,
848 2896 969 2935 qualibet
992 2897 1073 2934 vice,
1096 2897 1152 2935 qua
1171 2906 1261 2937 captae

190 2935 310 2974 fuerint,
328 2936 396 2966 ultra
411 2933 588 2966 Terminum
605 2937 685 2966 unius
701 2935 847 3004 Qimterfi
860 2936 924 2966 anni
941 2945 1001 2965 non
1021 2935 1133 2966 durent.

228 2973 261 3003 In
276 2976 370 3013 cujus,
388 2972 448 3003 &c¹
468 2975 601 3012 quamdiu
615 2975 700 3005 nobis
712 2985 731 3015 p
741 2975 845 3005 acuerit
859 2973 1008 3004 duraturas.

190 3049 209 3079 b
227 3011 321 3054 Teste
334 3012 416 3049 Rege
431 3010 504 3050 apud
520 3014 779 3055 Wstmonasterium
793 3013 927 3044 vicesimo
943 3012 1064 3050 septimo
1075 3011 1120 3043 die
1134 3012 1263 3044 Decem-

212 3059 254 3079 ris.

869 3092 922 3120 Per
941 3087 1097 3118 Concilium.

191 3214 466 3261 Apfmnflmzmenti
481 3214 517 3247 de
532 3216 680 3248 Solutione
704 3228 858 3249 certarum
883 3220 1103 3259 Summarum,
1129 3228 1148 3250 a
1174 3219 1261 3250 Duce

449 3265 587 3296 Britaniae
610 3264 767 3311 extgenda,
791 3265 994 3310 Confirmatio.

48 3355 125 3387 Αῃῃ,
135 3355 180 3386 D,
253 3347 279 3378 E
290 3347 320 3378 X
334 3347 496 3386 Omnibus,
514 3347 548 3378 ad
563 3359 651 3387 quos,
666 3349 728 3381 &c.
747 3349 880 3380 Salutem.

71 3403 158 3434 1414,
308 3386 408 3417 Sciatis
424 3386 503 3425 quod
513 3386 526 3416 I
536 3393 558 3415 N
570 3396 582 3417 s
592 3397 610 3417 P
620 3396 638 3417 ε
648 3397 665 3417 x
674 3396 685 3417 1
694 3396 719 3417 M
730 3396 752 3417 u
764 3397 776 3418 s
790 3388 933 3426 quoddam
942 3388 1259 3427 Appunetuamentum‚

46 3438 100 3461 Aa.
118 3444 143 3460 2,
192 3424 283 3463 inter,
298 3425 416 3455 dilee'ros
431 3427 464 3456 δε
481 3424 574 3456 fideles
589 3425 716 3463 nostros,
733 3425 891 3463 Johannem
913 3426 945 3455 de
968 3425 1092 3466 Colevyle
1114 3426 1259 3465 Militem,

47 3476 82 3502 Η,
101 3482 126 3506 ς,
191 3462 225 3492 &
238 3464 384 3494 Ricardum
398 3463 471 3493 Hals
487 3464 516 3493 in
533 3463 657 3502 Legibus
672 3463 879 3502 Licentiatum,
899 3463 1096 3495 Procuratores
1112 3466 1145 3496 δε
1168 3466 1202 3496 N
1206 3476 1257 3495 un-

48 3514 137 3538 franc.
149 3522 164 3538 2
192 3501 252 3532 cios
265 3502 395 3540 nostros,
413 3512 446 3533 ex
462 3512 517 3533 una
532 3510 626 3540 parte,
644 3503 677 3533 &
693 3505 839 3532 Henricum
853 3503 885 3532 de
902 3505 973 3532 Parc
986 3502 1130 3542 Militem,
1148 3503 1258 3535 &Ma-

49 3552 85 3576 H.
104 3558 133 3584 5,
192 3539 309 3608 {istrum
321 3541 482 3586 Jolaqnnem
500 3540 532 3570 de
547 3543 636 3586 thaec,
649 3540 837 3586 ‘consiliarios
850 3541 883 3572 &
896 3541 1110 3579 Procuratores,
1128 3541 1258 3573 cariffimi

47 3596 84 3614 m,
98 3596 126 3623 4,
218 3590 293 3610 ratris
308 3580 413 3617 nostri,
432 3579 568 3618 Johasznn
583 3583 666 3609 Duczs
682 3582 853 3609 Brittanniae
867 3602 877 3619 ,
894 3589 929 3610 ex
950 3580 1032 3611 altera
1052 3589 1148 3619 parte,
1170 3590 1260 3620 nuper

192 3617 300 3648 fastum
313 3619 346 3650 δε
360 3620 554 3656 indentatum,
574 3619 603 3648 in
618 3618 681 3649 haec
699 3618 796 3655 verba,

226 3696 367 3728 CasTa
387 3698 668 3736 tunsarum,

226 3736 319 3774 Faite,
336 3737 442 3769 lexvii.
464 3739 527 3774 jour
546 3737 724 3773 d’Odtobre,
749 3734 814 3766 l’An
839 3734 923 3780 Mille
936 3758 946 3775 ,
971 3736 1080 3777 Qiatre
1105 3736 1170 3768 Cen
1177 3748 1199 3775 s,
1223 3738 1258 3769 &

188 3772 353 3840 {Qiatoi-jze,
368 3784 496 3815 parentre
509 3775 607 3813 Johan
622 3776 654 3805 de
667 3773 791 3842 COlfflKle
800 3773 941 3843 bClfflvialer
956 3777 1026 3843 ,ἃδε
1048 3775 1164 3805 Richart
1185 3776 1259 3806 Hals

186 3821 378 3887 leissssleffffi
388 3813 847 3896 }3{{z‚?20233⁶222{552.2¹3.5‚
860 3822 957 3881 31³3?ss
966 3824 1027 3889 pai}
1043 3814 1257 3891 ,ΤὲἓἯὲῗῃῗὲ

185 3889 280 3928 Henry
295 3888 330 3917 du
347 3891 435 3928 Parc,
452 3890 604 3928 Chivaler,
622 3891 656 3922 δε
671 3889 790 3920 Maistre
803 3888 901 3927 Jehan
920 3890 951 3918 de
965 3892 1057 3929 Bruc,
1083 3889 1257 3922 Conseillers

182 3926 216 3955 ὃς
231 3925 399 3956 Procureurs
413 3938 448 3958 en
463 3929 522 3959 cest
532 3932 621 3967 partie
637 3930 690 3967 de,
708 3928 863 3959 Tressiault
880 3928 914 3958 &
931 3928 1057 3960 Puissant
1084 3928 1189 3961 Ptince
1202 3953 1212 3968 2
1230 3929 1255 3961 le

182 3966 242 3993 Duc
257 3964 289 3993 de
304 3967 464 4003 Bretaigne,
481 3967 606 4007 d'autre,

216 4003 272 4033 Ta
284 4011 359 4033 sMo
370 4012 381 4034 1
392 4013 413 4034 o
424 4012 446 4034 n
459 4013 499 4043 Ε,
516 4005 577 4041 &a
597 4013 629 4038 ut
645 4006 678 4037 de
695 4009 768 4037 Dat.
788 4008 862 4036 xvii.
882 4003 1020 4036 Ouobrix.

210 4079 289 4117 Nos,

1340 184 1372 224 P
1408 185 1453 225 U
1491 185 1523 224 B
1562 185 1595 225 L
1630 186 1649 225 I
1689 186 1727 226 C
1766 187 1821 226 A.
2282 199 2357 228 101

1332 267 1383 299 De
1394 269 1522 301 fidelitate
1535 270 1568 301 &
1587 270 1853 311 Circumspeeuone
1868 272 1902 303 ὃς
1921 268 2107 309 discretione,
2131 270 2228 303 dilecti
2249 271 2359 306 Clerici
2375 268 2454 303 Ann.
2470 270 2511 303 D.

1295 307 1400 345 nostri,
1417 307 1561 346 Johannis
1576 308 1776 339 Clyamberleine
1790 311 1897 348 plenius
1910 310 2101 348 confidentes,
2398 316 2485 348 1414.

1332 345 1536 376 Ordinavimus
1551 347 1583 376 δε
1602 346 1808 386 Affignavimus
1820 349 1910 385 ipsum
1934 349 1969 379 ad
1984 350 2010 378 ie
2029 350 2120 378 versus
2144 355 2232 386 partes
2252 347 2360 379 Britan-
2378 353 2441 376 Hen.
2456 358 2484 384 5.

1296 383 1368 451 niced,
1387 395 1453 414 cum
1469 386 1551 414 ornni
1564 384 1740 416 testinatione
1752 397 1807 424 qua
1822 387 1981 418 commode
1996 386 2055 417 fieri
2078 388 2197 425 poterit,
2223 386 2360 417 Transfe-

1296 431 1344 451 rel]
1366 432 1413 452 um

1331 458 1368 489 Et
1382 460 1413 490 ad
1422 445 1642 491 'Liberanonem
1665 463 1698 491 &
1721 461 1898 492 Solutionem
1919 463 2103 493 Summarum
2117 485 2127 499 ,
2152 463 2188 493 de
2209 463 2310 501 quibus
2332 464 2361 493 in
2446 494 2456 499 ,

1293 497 1397 528 eodem
1414 501 1427 515 ᾗ
1448 499 1718 536 Αρρυηέὶυαῑηοηῑο
1735 499 1765 529 fit
1782 502 1906 539 mentio,
1933 501 2092 534 Petendum
2112 504 2145 533 δε
2168 501 2362 540 Exigendum,
2377 491 2395 509 '¹‘
2416 494 2467 520 IX·

1293 545 1326 566 ac
1339 536 1470 567 Summas
1486 537 1543 567 illas
1558 537 1775 575 Recipiendum‚
2375 539 2427 565 195
2433 552 2438 557 ²
2458 544 2469 555 *

1331 573 1369 604 Et
1383 575 1418 605 ad
1431 575 1598 606 sufficientes
1615 576 1823 616 Acquietantias
1839 576 1904 606 inde
1919 577 1973 615 illi,
1991 578 2024 608 ad
2039 587 2142 616 quem,
2160 578 2205 609 vel
2221 579 2256 609 ad
2272 587 2355 617 quos,

1292 613 1431 651 pertinere
1444 614 1545 651 debet,
1565 614 1698 644 Nomine
1710 614 1807 644 nostro
1820 615 1979 645 faciendum
1990 638 1999 653 ,
2017 618 2050 646 δε
2070 617 2252 654 liberandum,

1330 650 1376 682 Ac
1394 653 1478 694 etiam
1492 654 1588 682 omnia
1612 653 1662 682 alia
1681 655 1714 684 &
1737 653 1838 691 singula
1862 653 2035 684 Faciendum
2064 655 2097 684 ὃς
2121 654 2357 691 Excercendum,

1293 697 1376 726 prout
1404 690 1558 720 secundum
1588 691 1712 722 formam
1731 692 1764 722 &
1787 691 1923 722 effectum
1948 691 2209 730 Appuntstuamenti
2228 694 2357 731 praedic’ti

1291 727 1374 757 fuerit
1386 728 1557 765 faciendum,

1327 764 1529 796 Promitrentes
1544 766 1612 796 Nos
1628 766 1735 797 Rarum
1772 766 1914 805 Gratum,
1931 768 1963 798 ὃς
1980 767 2110 798 Firmum
2126 769 2264 800 habituros
2276 773 2359 809 quic-

1291 803 1359 839 quid
1383 804 1458 833 idem
1480 803 1625 842 Johannes
1653 805 1738 834 cham
1757 805 1859 835 erlaine
1872 828 1882 844 ,
1906 806 2043 836 Nomine
2067 806 2183 845 nostro,
2208 808 2306 840 fecerit
2328 811 2356 839 in

1290 840 1459 879 Praemiffis,
1478 842 1520 872 vel
1533 842 1627 880 aliquo
1644 843 1868 874 Praemissorum.

1327 879 1360 909 In
1377 881 1455 918 cujus
1465 903 1473 916 ,
1489 882 1551 912 &c.

1290 955 1310 986 b
1328 957 1333 961 -
1346 917 1435 952 Teste
1452 918 1532 958 Rege
1546 918 1621 957 apud
1635 919 1893 961 westmonasterium
1908 919 2048 951 tricesimo
2062 922 2158 960 primo
2173 920 2218 951 die
2232 921 2358 953 Deccm-

1312 966 1355 986 ris.

1739 998 1792 1026 Per
1811 996 1915 1026 Billam
1932 998 1965 1027 de
1983 1000 2102 1028 Privato
2121 997 2220 1036 sigillo.

1403 1122 1451 1152 De
1467 1119 1662 1153 Traducendo
1677 1120 1722 1153 ad
1737 1122 1946 1167 Portugaliam
1963 1119 2073 1168 absque
2092 1121 2245 1166 Custuma.

1294 1201 1447 1255 REX&
1457 1202 1635 1248 Custodibus
1649 1205 1766 1245 Parsagii
1783 1208 1812 1236 in
1828 1205 1918 1237 Portu
1928 1205 2057 1237 Civitatis
2066 1208 2170 1238 nostra:
2182 1209 2357 1249 Londoniae,
2373 1214 2448 1245 Ann,
2463 1215 2506 1246 D,

1288 1274 1298 1304 l
1320 1283 1331 1305 t
1370 1249 1403 1271 ac
1418 1241 1606 1273 Lustumai‘iis
1625 1244 1658 1274 &
1675 1244 1883 1276 Scrutatoribus
1900 1245 2002 1276 nostris
2015 1248 2046 1276 in
2062 1247 2167 1277 eodem
2191 1248 2291 1288 Portu,
2306 1250 2354 1280 Sa·
2404 1263 2489 1293 1415.

1301 1286 1317 1305 u
1332 1285 1386 1308 em.
2373 1296 2424 1321 An.
2444 1304 2470 1321 2.

1292 1352 1297 1357 η
1327 1315 1503 1348 Mandamus
1517 1319 1600 1349 vobis
1613 1320 1691 1358 quod
1707 1320 1798 1357 Algor
1816 1325 1903 1351 Vacez
1920 1321 1955 1352 de
1972 1321 2132 1362 Portugalia
2148 1323 2202 1354 Sex
2221 1324 2358 1356 Hernesia
2379 1336 2411 1358 H.
2427 1341 2455 1366 5.

1290 1361 1396 1398 Integra
1413 1367 1466 1393 pro
1479 1357 1533 1388 Sex
1548 1357 1726 1388 Hominibus
1739 1359 1773 1388 ad
1791 1359 1896 1397 Arma,
1914 1370 1948 1390 ac
1964 1361 2130 1392 Trescentas
2144 1363 2178 1393 &
2204 1363 2357 1402 Quinqua-
2374 1370 2440 1397 Ibid.
2454 1379 2491 1398 m.

1289 1399 1366 1429 ginta
1384 1394 1528 1433 Lanceas,
1544 1397 1572 1425 in
1588 1396 1694 1435 Regno
1712 1396 1812 1426 nostro
1830 1397 1959 1436 Angiiae,
1976 1399 2009 1428 ad
2026 1400 2116 1436 usum,
2134 1401 2265 1432 carissimi
2275 1402 2359 1433 Con·
2373 1409 2400 1437 6.

1290 1431 1431 1471 sanguinei
1445 1434 1550 1472 nostri,
1568 1438 1647 1472 Regis
1667 1434 1831 1472 Portugaliae
1854 1443 1950 1473 empta
1970 1437 2003 1467 &
2030 1437 2136 1474 provisa
2151 1462 2160 1476 ,
2186 1442 2215 1469 in
2240 1442 2360 1480 quadam

1292 1470 1391 1509 Navi,
1411 1473 1440 1501 in
1457 1471 1546 1503 Portu
1563 1473 1718 1511 praediolo,
1736 1473 1903 1512 Eskippare,
1924 1475 1956 1504 ὃ(
1979 1484 2028 1513 ea,
2054 1476 2090 1505 sic
2111 1476 2277 1517 Eskippata,
2296 1490 2361 1510 vet-

1292 1509 1335 1539 sus
1352 1518 1440 1547 partes
1456 1510 1643 1550 Portugaiiae,
1660 1513 1762 1550 absque
1778 1511 1919 1542 Custuma
1932 1513 1977 1543 seu
2000 1514 2150 1552 Subfidio,
2178 1517 2243 1546 inde
2267 1519 2300 1547 ad
2324 1527 2358 1547 o-

1291 1558 1343 1585 pus
1361 1549 1489 1579 nostium
1503 1550 1663 1588 capiendis,
1679 1550 1825 1581 traducere
1839 1551 2024 1590 permittatis,
2041 1552 2134 1589 aliquo
2150 1552 2290 1585 ixlaiidato
2304 1566 2357 1586 no-

1291 1588 1366 1623 stro,
1382 1589 1466 1618 vobis
1480 1590 1554 1626 prius
1571 1590 1600 1618 in
1614 1591 1790 1619 contrarium
1805 1589 1934 1628 diret‘to,
1949 1599 2009 1619 non
2026 1591 2161 1620 obstante.

1328 1625 1417 1656 Teste
1434 1626 1515 1666 Rege
1531 1627 1605 1667 apud
1625 1627 1882 1668 Wstmonasterium
1898 1629 2036 1659 vicelimo
2049 1628 2096 1659 die
2108 1630 2242 1667 Januarii.

1928 1707 1982 1734 Per
1997 1704 2079 1744 ipstcm
2097 1708 2202 1744 Regem.

1678 1832 1728 1864 Dc
1753 1830 1982 1864 Pardonatione.

1545 1917 1597 1945 Au
1614 1916 1669 1954 Roy
1686 1914 1771 1956 nostre
1790 1918 1951 1955 Savera‘gne
1967 1919 2101 1954 Seigneur.

1676 1994 1720 2022 Le
1738 1994 1794 2030 Roy
1811 1991 1840 2021 la
1859 1996 1977 2023 Grante.

1292 2067 1442 2136 St’sJlelie
1460 2067 1744 2108 Treshumblement,
1761 2069 1857 2102 vostre
1873 2078 1963 2107 poure
1987 2069 2096 2108 Liege,
2123 2069 2256 2102 Edmund
2276 2073 2360 2102 Corn·
2374 2069 2451 2101 Ann.
2467 2069 2511 2108 D,

1331 2117 1488 2177 Cssnieqiilg
1497 2130 1627 2176 'William
1640 2145 1704 2177 cole
1737 2146 1775 2177 de
1789 2146 1963 2186 Wyncestre
1975 2169 1984 2184 ‚
2001 2147 2134 2186 n'adgairs
2145 2147 2358 2178 Felonusement
2376 2118 2477 2177 ΛΞῙῨΙΞ.

1294 2181 1452 2227 Murdirast
1467 2194 1505 2215 un
1521 2183 1655 2216 Homme
1669 2194 1698 2216 es
1710 2169 1816 2216 Parties
1830 2186 1867 2216 de
1885 2184 1979 2216 Caleis
1995 2208 2005 2225 ,
2031 2186 2065 2217 ὃς
2087 2186 2127 2218 lui
2147 2185 2254 2219 Robist
2272 2187 2308 2218 de
2326 2186 2364 2217 ses
2379 2192 2411 2215 H.
2427 2196 2457 2223 5.

1294 2221 1413 2291 Blelffgt'ir
1427 2260 1518 2301 quelle
1534 2261 1655 2293 Murdre
1667 2261 1692 2292 le
1704 2262 1745 2292 dit
1759 2261 1888 2292 William
1902 2262 1986 2294 estoit
2009 2261 2140 2302 forsjugie
2153 2285 2163 2301 ,
2189 2272 2237 2302 par
2257 2263 2282 2293 la
2304 2263 2365 2304 Ley
2378 2224 2511 2293 {ysam

1294 2298 1331 2329 de
1347 2298 1441 2330 vostre
1457 2297 1532 2330 Ville
1543 2299 1578 2330 de
1590 2299 1698 2339 Calais,
1716 2301 1822 2331 devant
1835 2301 1872 2331 les
1885 2299 1964 2331 Mair
1979 2301 2013 2332 δε
2029 2301 2194 2332 Aldermans
2214 2302 2364 2342 illoeques,

1294 2337 1395 2368 d'estre
1406 2338 1511 2369 Treiez
1528 2339 1561 2369 δε
1580 2337 1680 2369 Pendu
1700 2338 1834 2378 Jeusques
1854 2349 1890 2369 au
1907 2338 2024 2377 Morte,
2051 2341 2084 2371 ὃς
2105 2339 2141 2371 de
2165 2339 2275 2371 Pendre
2298 2344 2363 2374 auxi

1295 2376 1345 2407 lon
1366 2385 1462 2420 ement
1476 2386 1595 2407 comme
1606 2377 1631 2407 la
1646 2376 1728 2408 Cord
1743 2378 1886 2415 dureroir,
1897 2378 1981 2423 'selon
1996 2378 2035 2424 les
2047 2378 2122 2417 Leys
2134 2377 2281 2431 illoeques,

1296 2415 1531 2497 dufgssasssgillss
1562 2415 2281 2498 ffiffissssssffietsssffieciffssssss‘ssss‚Ffsseire‘ffizfiss
2291 2418 2366 2489 {3232

1297 2501 1335 2522 en
1351 2490 1446 2529 Dieu,
1463 2491 1610 2532 l’Evesque
1626 2493 1659 2522 de
1673 2493 1810 2522 Norwicz
1822 2503 1837 2522 a
1849 2492 1953 2530 Galen,

1335 2529 1380 2560 Le
1395 2529 1460 2568 quel
1477 2529 1605 2569 Evesque
1619 2529 1684 2561 Pria
1700 2541 1728 2562 as
1739 2531 1799 2562 ditz
1815 2530 1891 2562 Mair
1903 2531 1937 2562 &
1960 2530 2127 2563 Aldermans
2145 2531 2182 2564 de
2202 2532 2321 2565 souffrer
2339 2534 2366 2565 le

1299 2566 1394 2608 Corps
1407 2568 1444 2599 du
1458 2568 1500 2599 dit
1514 2569 1537 2598 F
1538 2569 1602 2599 elon
1620 2568 1721 2600 d'estre
1733 2569 1866 2608 Sepules‚

1333 2606 1372 2637 Et
1387 2607 1482 2638 vostre
1492 2606 1535 2638 dit
1547 2607 1606 2646 Sup
1627 2607 1706 2646 liant,
1724 2608 1874 2648 supposant
1887 2617 1942 2647 que
1955 2607 1994 2639 les
2006 2607 2082 2639 Mair
2096 2608 2129 2639 &
2144 2608 2314 2641 Aldermans
2336 2621 2365 2641 a-

1300 2646 1398 2676 voient
1410 2645 1558 2678 Grauntez
1571 2646 1595 2677 la
1635 2647 1736 2678 etition
1750 2648 1783 2678 &
1796 2646 1892 2678 Priere
1906 2647 1946 2678 du
1960 2647 2002 2677 dit
2014 2646 2157 2685 Evesque‚
2180 2647 2216 2678 de
2239 2648 2264 2678 sa
2285 2648 2364 2679 Folie

1299 2685 1334 2716 &
1350 2683 1528 2723 Ignorance,
1544 2685 1600 2715 s’en
1613 2685 1671 2724 ala,
1690 2685 1723 2716 δε
1737 2684 1894 2716 Trenchist
1907 2686 1934 2716 la
1947 2684 2063 2723 Corde,
2083 2695 2132 2723 par
2148 2696 2205 2724 que
2217 2685 2242 2716 Ie
2262 2686 2302 2717 dit
2311 2686 2334 2717 F
2336 2697 2366 2718 e-

1300 2722 1351 2754 lon
1366 2722 1449 2754 estoit
1463 2722 1580 2762 Pendu,
1598 2724 1632 2755 &
1648 2725 1717 2754 soun
1733 2723 1828 2762 Corps
1842 2723 1887 2754 fist
1900 2722 2017 2760 Sepuler
2170 2757 2171 2760 Ἰ

1336 2760 1374 2806 Et
1389 2771 1462 2800 pour
1473 2762 1554 2792 icelle
1568 2762 1665 2793 Chose
1678 2762 1771 2794 vostre
1785 2764 1826 2794 dit
1841 2762 1986 2802 Suppliant
1997 2746 2038 2793 esc
2053 2761 2184 2801 Arreste,
2203 2763 2237 2795 &
2252 2773 2314 2804 mys
2331 2774 2369 2797 en

1300 2800 1433 2839 Prisone,
1451 2801 1485 2831 &
1496 2800 1552 2831 sera
1567 2811 1597 2831 m
1616 2811 1628 2831 s
1640 2811 1674 2831 au
1690 2800 1790 2839 Mort,
1808 2801 1847 2831 s'il
1863 2802 1932 2832 n'ait
1945 2800 2040 2831 vostre
2051 2801 2127 2831 hault
2145 2801 2257 2839 Gracc,

1333 2838 1420 2870 Plaise
1440 2849 1455 2870 a
1469 2839 1563 2870 vostre
1611 2839 1787 2879 resgracieuse
1808 2839 1968 2879 Seigneurie
1981 2838 2138 2870 considerer
2154 2850 2208 2878 que
2215 2839 2310 2870 vostre
2323 2841 2368 2872 dir

1302 2876 1447 2922 Suppliant
1461 2888 1497 2908 ne
1513 2878 1558 2922 fist
1572 2879 1596 2910 le
1609 2878 1652 2910 dir
1667 2877 1763 2909 Chose
1777 2887 1829 2918 pur
1844 2879 1920 2909 nulle
1933 2885 2010 2908 autre
2027 2877 2118 2908 Cause
2139 2901 2149 2917 ,
2175 2879 2195 2909 fi
2217 2888 2297 2910 noun
2315 2889 2365 2917 pat

1301 2925 1372 2986 voIliet
1381 2915 1706 2987 sitirggalliiiePardonner
1721 2955 1747 2986 le
1760 2954 1802 2986 dit
1817 2954 1922 2985 Offens
1934 2955 1968 2986 ὃς
1982 2953 2128 2994 Trespasse
2137 2977 2147 2993 ,
2166 2955 2234 2994 qu'il
2255 2966 2292 2987 ne
2316 2955 2369 2988 soit

1302 2993 1536 3079 mygtafflaegtteer,
1543 3032 1610 3071 qu'il
1626 3041 1707 3070 purra
1720 3031 1791 3063 estre
1803 3031 1962 3070 deliverez,
1977 3041 2052 3070 pour
2067 3030 2146 3062 Dieu
2164 3031 2197 3062 ὃ(
2212 3041 2249 3063 en
2270 3031 2366 3063 Oeve-

1299 3080 1330 3101 re
1344 3070 1380 3101 de
1393 3069 1534 3102 Chamee·
1636 3110 1675 3137 H.
1696 3108 1872 3139 Chambelain
1885 3107 2084 3145 d’Engleterre.

1335 3185 1418 3216 Don.
1435 3195 1451 3216 a
1468 3185 1574 3226 Wstun.
1593 3185 1619 3216 le
1632 3186 1687 3215 xxi.
1701 3185 1767 3222 jour
1781 3183 1891 3221 dejan.
1906 3184 1976 3215 l’An
1989 3184 2117 3215 secunde.

1300 3333 1352 3365 De
1370 3328 1533 3369 Articulo‚
1557 3330 1678 3360 Statum·
1695 3324 1847 3359 Edwardi
1864 3327 1976 3366 Tertii,
1997 3325 2089 3371 fhper
2097 3324 2187 3369 ῥίζῃ,
2204 3326 2367 3372 Accusym„
2383 3319 2403 3340 ῡ
2423 3320 2476 3348 ix.

1643 3373 1749 3417 ribus,
1774 3372 2027 3421 exemplificando-
2389 3360 2454 3394 ¹9⁶⁸

1301 3462 1421 3519 REX
1438 3461 1599 3499 Omnibus,
1616 3460 1651 3491 ad
1665 3469 1753 3498 quOS,
1771 3460 1831 3490 &c.
1850 3458 1986 3490 Salutem.

1414 3501 1511 3532 Sciatis
1523 3500 1602 3540 quod
1616 3498 1661 3529 IN
1671 3508 1683 3529 s
1693 3507 1711 3528 Ρ
1721 3507 1739 3528 E
1750 3507 1765 3528 x
1774 3507 1785 3527 1
1795 3506 1822 3527 M
1830 3505 1854 3527 u
1862 3507 1875 3528 s
1891 3497 2034 3535 quendam
2047 3496 2210 3528 Articulum
2223 3496 2362 3536 cujusdam
2380 3506 2457 3537 Arm⁴
2471 3505 2513 3539 D*

1299 3537 1416 3578 Statuti,
1438 3540 1467 3568 in
1489 3539 1677 3569 parliamento
1698 3536 1822 3567 Domini
1841 3536 1996 3577 Edwardiq,
2023 3545 2110 3573 nuper
2136 3539 2213 3573 Regis
2234 3535 2362 3572 Angliae,
2401 3554 2488 3584 1415·

1300 3575 1404 3608 Proavi
1418 3577 1524 3615 nostri,
1544 3576 1633 3607 Anno
1647 3574 1748 3613 Regni
1761 3575 1801 3605 sui
1816 3574 2042 3613 Qadi‘agelimo
2057 3574 2199 3611 secundo,
2218 3574 2295 3611 faeti,
2313 3573 2362 3605 ha-
2377 3587 2431 3611 An.
2453 3594 2479 3612 2,

1299 3616 1392 3647 bitum
1408 3616 1436 3646 in
1449 3616 1513 3646 haec
1528 3615 1631 3652 verba,
2379 3626 2415 3650 H.
2434 3632 2462 3657 5,

1336 3692 1408 3722 ITE
1419 3700 1463 3730 M,
1482 3702 1500 3720 a
1519 3690 1548 3721 Ια
1564 3693 1602 3720 Re
1621 3689 1688 3730 ueste
1706 3690 1738 3720 de
1754 3689 1783 3719 la
1798 3692 1953 3727 Commune,
1967 3697 2020 3728 par
2043 3689 2102 3719 laur
2127 3690 2260 3718 Petitiom
2277 3709 2287 3725 ,
2306 3697 2362 3727 mys
2378 3664 2488 3734 2⁴53?

1298 3737 1408 3762 avaunt
1424 3741 1457 3760 en
1472 3729 1522 3770 cest
1536 3732 1595 3759 Par
1607 3735 1707 3766 ement,
2379 3743 2405 3774 p·
2427 3746 2453 3774 3·

1335 3772 1393 3798 Pur
1409 3768 1493 3809 auster
1503 3766 1647 3807 Mefihxess
1661 3765 1699 3802 ὦ*
1715 3769 1867 3804 Damages,
1877 3764 1961 3805 faitz
1974 3777 1992 3794 a
2002 3763 2124 3802 plusburs
2138 3763 2169 3808 de
2177 3763 2213 3802 fi:
2237 3768 2361 3794 Commu·
2379 3785 2417 3803 m,
2437 3775 2480 3802 13,

1299 3807 1466 3847 nesbisdicle
1477 3831 1485 3844 ,
1501 3814 1553 3844 par
1573 3810 1652 3836 Fasex
1670 3805 1822 3843 Accufimrs·
1834 3827 1843 3842 ,
1861 3808 1909 3844 qni
1917 3804 2022 3842 fovent
2039 3808 2104 3831 ount
2118 3800 2174 3838 fmt
2191 3800 2250 3830 laur
2266 3806 2361 3832 Accu—

1292 3846 1419 3886 fi’mentz
1449 3845 1488 3888 lui·
1498 3853 1551 3912 ptg·
1565 3847 1732 3913 Wlngeaunce
1748 3842 1787 3878 ὠ
1799 3842 1920 3884 finguler
1940 3840 2044 3882 Profit,
2068 3850 2118 3880 que
2130 3847 2183 3877 pur
2208 3839 2306 3879 Proffit
2325 3842 2362 3872 du

1382 3895 1399 3911 lb
1434 3895 1447 3912 θ
1490 3895 1508 3912 n
1602 3895 1616 3912 θ

1297 3889 1440 3962 ΕἙισιικ
1457 3885 1591 3961 ζὲιιιψῖῗ
1597 3906 1664 3951 ou’nt
1676 3919 1726 3959 este
1741 3918 1833 3958 afiuns
1841 3921 1908 3955 pris,
1917 3915 1954 3951 ὠ
1970 3923 2062 3945 autres
2069 3913 2151 3954 faitz
2164 3920 2245 3946 venir
2253 3918 2361 3948 devant

1297 3962 1320 3991 le
1333 3959 1448 3999 Conseill
1459 3960 1484 3990 le
1498 3963 1570 4001 Ray,
1582 3968 1638 3998 par
1651 3956 1746 3997 Brief,
1762 3968 1794 3987 ou
1808 3961 1961 3985 autrement
1971 3952 2022 3992 fiaer
2034 3953 2122 3993 Grnf
2129 3956 2210 3984 Peine
2220 3977 2230 3993 ‚
2247 3967 2359 3986 encoun-

1357 3999 1385 4028 la
1403 4001 1445 4028 Le

1297 4008 1387 4075 treEst
1401 4008 1527 4076 αβὲνῖῐιιπ,
1542 4035 1581 4072 &
1597 4035 1742 4072 accorcb’z,
1756 4041 1809 4071 pur
1829 4031 1853 4061 le
1867 4031 1949 4061 bonne
1962 4032 2163 4061 Governement
2178 4031 2209 4060 de
2235 4031 2263 4061 la
2285 4036 2361 4062 Com-

1298 4088 1374 4109 mune
1386 4098 1395 4115 ,
1414 4086 1464 4114 que
1477 4074 1539 4108 null
1553 4077 1667 4106 Homnae
1676 4073 1735 4112 soit
1748 4082 1803 4111 mys
1820 4069 2041 4139 aNRespoundre2
2052 4068 2145 4109 saunz
2164 4069 2362 4109 presentemem

1889 4117 1904 4147 3
2321 4109 2367 4138 dc-
