2562 4274
670 194 781 234 ET
861 195 1130 235 ACTA

0 295 39 314 in.
47 283 88 314 D.
108 293 158 314 nes
172 282 205 314 &
220 280 408 318 Magistrum,
428 278 559 310 Armatos
573 277 606 309 &
621 278 694 308 bene
708 279 860 317 ArraiatOS,
878 279 911 309 ad
928 279 1087 310 faciendum
1102 279 1165 310 Ser-

0 332 65 361 412.
109 322 211 353 vitium
223 320 369 357 nostrum,
671 351 675 361 λ
881 356 885 361 ,
1082 357 1086 361 -

1 373 26 391 n.
43 372 71 397 4.
148 360 224 398 Qae
243 358 357 396 quidem
382 355 499 393 Naves,
521 354 555 385 ad
582 364 710 394 proprios
731 354 836 397 Castus
859 355 1003 387 didiorum
1026 357 1165 396 Quique

110 396 267 434 Portuurn,
285 396 332 425 ubi
347 394 529 424 summonitae
543 393 644 423 fuerint
654 416 663 431 ,
678 393 904 433 proficiscentur,

147 435 199 473 Et,
218 433 332 472 quando
350 432 434 463 diestae
456 432 554 462 Naves
568 431 673 461 ibidem
694 433 835 470 venerint,
854 433 1033 469 Quindecim
1054 432 1165 462 Diebus

109 475 139 504 in
153 474 271 503 Servitio
287 471 402 509 nostro,
417 471 451 501 ad
468 471 595 511 proprios
617 469 721 500 Custus
743 471 881 509 Qinque
904 471 1045 502 Portuum
1063 470 1165 511 praedi-

109 513 240 548 (storum,
258 509 459 547 morabuntur,

147 546 182 579 Et
197 572 207 588 ,
230 549 407 585 Quindecim
431 546 540 578 Diebus
560 546 669 586 elapfis,
688 546 787 577 Naves
806 545 876 586 illae,
895 558 963 579 cum
985 547 1164 578 Hominibus

109 589 139 618 in
154 588 204 618 illis
217 587 413 624 existentibus,
431 587 614 616 morabuntur
635 586 668 615 ad
684 584 790 616 Custus
806 586 932 625 nostros,
951 587 970 618 si
991 586 1027 617 de
1041 586 1163 617 Servitio

109 627 160 657 illo
174 626 395 661 indiguerimus,
410 624 542 662 quamdiu
559 623 641 653 nobis
655 623 805 661 placuerit,
823 625 969 663 videlicet,

149 664 285 704 Magister
299 663 392 694 Navis
406 663 538 700 percipiet
553 671 599 700 per
614 661 703 692 Diem
718 663 771 693 Sex
791 663 947 701 Denarios,

151 702 380 733 Constabularius
403 701 457 732 Sex
469 700 627 738 Denarios‚
643 701 676 732 &
697 702 814 740 quilibet
837 702 955 732 aliorum
976 701 1051 732 Tres
1065 700 1159 730 Dena-

112 751 167 773 rios

151 765 230 811 Sicut
244 788 291 817 per
305 779 453 809 Tenorem
467 777 616 809 Cartarum
637 777 672 808 de
689 778 892 817 Libertatibus,
908 778 991 808 dietis
1012 777 1166 807 Batonibus

116 818 253 857 Qiinque
266 817 405 847 Portuum
421 826 470 856 per
488 816 683 855 progenitores
699 818 810 847 nostros
829 816 967 847 conceffis
984 817 1064 853 (quas
1082 815 1166 859 Con-

113 857 296 892 firmavimus)
323 857 352 886 in
379 855 494 886 Rotulis
514 854 696 886 Cancellariae
717 856 820 885 nostrae
842 854 1062 891 irrotulatarum,
1084 854 1167 883 nobis

113 895 240 932 constat,

152 933 191 963 Et
211 934 274 971 quia
294 932 362 963 Nos
377 933 452 971 jam,
469 933 552 963 certis
571 932 607 962 de
630 931 743 968 Cauiis,
760 941 810 961 nos
833 931 1031 968 moventibus,
1053 929 1168 960 firmum

116 973 244 1011 cepimus
257 971 432 1009 Propositum
453 970 486 1000 ad
510 970 611 1007 Mare,
631 979 696 999 curn
715 968 856 999 Potestate
879 970 990 1007 nostra,
1008 970 1036 998 in
1058 968 1184 1006 propria'

116 1010 237 1041 Persona
248 1010 356 1048 nostra,
373 1009 440 1039 Deo
455 1009 553 1046 dante,
571 1008 603 1037 ad
618 1006 761 1045 quoddam
780 1006 912 1047 Viagium
936 1009 1015 1046 super
1036 1006 1172 1037 Inimicos

115 1049 227 1079 nostros
238 1048 413 1083 faciendum,
432 1047 541 1077 transire
554 1046 625 1075 infra
639 1045 743 1084 breve,

157 1086 297 1118 Volumus
310 1095 341 1116 ut
362 1086 430 1115 dieti
453 1084 573 1114 Barones
595 1082 748 1114 Servitium
768 1083 848 1113 suum
871 1084 1003 1115 Navium
1026 1084 1174 1123 praedicta-

117 1135 199 1163 rum,
218 1126 246 1155 in
259 1123 496 1154 Fortificationem
508 1122 635 1152 Armatae
651 1121 740 1162 Viagii
755 1123 896 1161 praedicti,
914 1123 1016 1154 faciant
1031 1125 1059 1153 in
1080 1122 1173 1153 forma

117 1162 269 1202 praedidta}

88 1210 89 1213 ’
157 1202 194 1232 Et
210 1202 276 1232 ideo
297 1199 379 1230 vobis
404 1197 576 1229 Mandamus
597 1199 676 1238 quod
697 1198 817 1230 Barones
838 1199 1011 1239 singulorum
1033 1198 1174 1230 Portuum

118 1240 338 1279 praedictorum,
355 1247 389 1268 ac
413 1237 615 1268 Membrorum
635 1238 820 1275 eorumdem,
838 1248 871 1268 ex
893 1246 968 1276 parte
991 1238 1102 1275 nostra,
1120 1237 1176 1267 fine

118 1279 266 1313 dilatione,
284 1277 456 1307 summoneri
469 1277 573 1306 faciatis
588 1276 667 1314 quod
682 1276 746 1314 ipsi,
764 1286 831 1305 cum
848 1276 980 1306 Navibus
1002 1277 1034 1307 &
1049 1275 1176 1306 Marina-

122 1318 167 1346 riis
181 1315 358 1353 hujusmodi,
377 1314 546 1345 sufficienter
566 1314 710 1352 Arraiatis,
726 1315 852 1352 prompti
875 1315 943 1352 sint,
960 1315 1034 1353 apud
1054 1313 1176 1344 Portum

119 1354 202 1385 Villae
216 1354 321 1384 nostrae
333 1353 571 1390 Suthamptoniae,
589 1353 657 1382 citra
671 1351 835 1382 Crastinum
848 1352 942 1382 Sanffi
953 1352 1089 1390 Johannis
1104 1351 1176 1389 Bap-

120 1392 210 1430 tistae,
229 1393 365 1430 proximo
377 1391 517 1428 futurum,
534 1391 567 1420 ad
582 1390 822 1421 Proficiscendum
839 1389 917 1427 supra
940 1391 1022 1421 Mare
1038 1399 1107 1420 cum
1122 1391 1176 1420 Ar-

122 1439 196 1461 mata
209 1429 302 1460 nostra
315 1429 466 1469 supradicta
475 1452 483 1467 ,
502 1430 536 1459 δε
549 1429 701 1459 Servitium
714 1429 795 1459 suurn
814 1428 875 1465 (sub
888 1428 978 1459 Poena
999 1430 1031 1460 &
1046 1428 1177 1460 Periculo

123 1468 317 1501 iminentibus)
337 1469 365 1497 in
380 1467 471 1497 forma
485 1466 617 1503 praedieia
632 1467 748 1497 fideliter
762 1468 865 1497 faciant
876 1476 907 1498 ut
923 1475 1054 1498 tenentur
1064 1492 1073 1505 ,

163 1507 201 1538 Et
215 1506 282 1537 Nos
302 1506 338 1536 de
357 1505 587 1535 Summonitione
603 1504 663 1543 illa,
683 1506 750 1535 cum
767 1505 804 1536 iic
826 1506 897 1536 faeta
918 1506 1016 1544 fuerit,
1036 1506 1132 1537 Nobis
1150 1507 1180 1535 in

125 1544 298 1576 Cancellaria
318 1541 428 1582 nostra,
443 1543 494 1574 sub
516 1543 612 1583 Sigillo
631 1542 741 1583 vestro,
758 1543 890 1575 distincte
910 1545 943 1575 &
965 1546 1075 1584 aperte,
1098 1545 1182 1576 certi-

125 1584 223 1614 ficetis.

161 1620 252 1653 Teste
269 1620 354 1660 Rege
372 1620 445 1660 apud
464 1619 740 1661 Wfi‘monasterium,
756 1622 851 1662 primo
863 1621 908 1652 die
924 1621 1005 1652 Maii.

771 1702 825 1730 Per
842 1698 923 1739 szt'tm
942 1702 1046 1738 Regem.

303 1835 352 1871 De
373 1834 523 1883 Processu,
541 1831 632 1882 fhper
656 1832 766 1868 Literis
791 1831 826 1868 de
849 1837 1004 1882 Marqua.

0 1935 52 1957 nn.
66 1923 110 1955 D.
130 1922 274 1980 REX,
291 1923 423 1954 universis
439 1923 471 1954 &
489 1922 597 1962 lingulis
619 1921 792 1961 Admirallis,
810 1922 843 1953 ὃς
859 1932 959 1954 eorum
983 1922 1064 1954 Loca
1087 1930 1185 1967 tenen-

0 1973 83 2003 r412.
209 1963 300 2001 tibus,
319 1960 524 2000 Custumariis,
542 1959 717 1992 Custodibus
730 1959 871 2005 Portuum
888 1960 996 2000 Maris,
1014 1963 1046 1992 ὃς
1063 1962 1183 2006 aliorum

0 2007 29 2032 fn.
47 2014 89 2040 ¹3·
130 1998 280 2030 Locorum
315 1999 530 2031 Maritimorum
586 2009 700 2029 necnon
733 2000 957 2032 Vicecomitibus
972 2023 981 2038 ,
1010 2000 1184 2038 Majoribus,

4 2062 10 2068 .
27 2053 55 2078 4.
131 2036 365 2076 Constabulariis,
393 2037 518 2076 Ballivis,
542 2022 698 2075 lVlinistris,
715 2047 748 2068 ac
771 2039 828 2068 aliis
849 2039 990 2069 Fidelibus
1004 2061 1013 2076 ,
1035 2041 1094 2068 tam
1115 2039 1184 2069 infra

0 2088 32 2108 u.
54 2089 96 2117 ¹3·
131 2075 303 2115 Libertates,
321 2078 405 2115 quam
421 2085 512 2113 extra,
527 2076 701 2114 constitutis,
715 2076 749 2106 ad
763 2086 850 2114 quos,
868 2078 928 2108 &c.
947 2077 1080 2108 Salutem.

0 2123 11 2146 '.
29 2129 57 2155 4.
129 2152 151 2184 B
169 2115 339 2185 Sutiplicavit
352 2115 449 2154 nobis,
466 2114 581 2146 dilectus
601 2114 704 2154 Ligeus
718 2115 830 2154 noster,
846 2115 991 2155 Johannes
1012 2114 1133 2155 Wghen
1149 2116 1185 2147 de

13 2167 40 2185 2.
58 2167 96 2186 m.
153 2164 216 2185 ever
229 2165 282 2185 aco
298 2162 328 2185 ut

0 2205 23 2230 ᾳ.
160 2193 244 2224 Cum
258 2193 325 2224 Nos
334 2179 445 2232 ²nuper,
462 2192 497 2223 ad
511 2193 672 2225 instantiam
685 2193 717 2224 δε
726 2193 969 2233 Supplicationem
983 2194 1063 2233 ipsius
1073 2193 1182 2232 Johan·

126 2231 188 2270 nis,
207 2232 306 2263 Nobis
320 2231 487 2271 suggerentis
498 2232 587 2269 ipsum
600 2232 715 2270 aliquod
730 2232 850 2271 Justitiae
867 2232 1121 2272 Complementum
1135 2234 1185 2263 ha-

129 2271 197 2302 bere
217 2280 274 2300 non
292 2270 431 2309 potuisse,
447 2271 478 2300 in
499 2270 716 2309 prosecutione,
735 2281 784 2309 per
804 2271 894 2310 ipsum
916 2272 948 2302 &
968 2271 1184 2311 Procuratores,

133 2309 310 2348 suos,faepius
323 2308 398 2339 faeta
410 2310 439 2338 in
455 2308 542 2339 Curia
556 2308 671 2339 Alberti
690 2309 933 2345 ComitinPalatini
946 2313 1029 2340 Ducis
1037 2314 1167 2341 Baveriae
1178 2333 1189 2350 ,

128 2346 253 2378 Comitis
266 2347 417 2377 I-lolandiae
429 2347 462 2377 &
476 2346 628 2385 Selandiae,
642 2349 697 2386 jam
710 2348 865 2386 Desunffi,

166 2386 241 2424 Cui,
255 2385 406 2417 cariffimus
418 2385 628 2424 Consaguineus
642 2386 754 2424 noster,
773 2388 918 2426 Ricardus,
937 2397 1026 2426 nuper
1045 2390 1105 2418 Rex
1118 2390 1185 2418 An-

125 2424 205 2463 gliae,
222 2424 389 2462 defimetus,
408 2423 568 2454 multotiens
583 2433 631 2463 pei·
645 2425 751 2455 Literas
766 2425 823 2455 suas
839 2425 1042 2464 Requifitorias
1063 2427 1184 2466 scripsit,

128 2474 182 2503 pro
196 2463 332 2494 solutione
346 2462 584 2500 eidemjohanni,
599 2463 636 2493 de
650 2463 770 2494 Summa
789 2464 1033 2503 Oc‘tingenrorum
1050 2466 1068 2485 ²*
1088 2465 1185 2503 Qiri-

126 2503 259 2542 quaginta
273 2503 307 2533 &
320 2501 456 2531 Duorum
473 2500 629 2531 Nobilium
644 2503 676 2532 &
693 2500 856 2532 Dimidium
867 2526 874 2539 ,
893 2503 1043 2542 &Viginti
1059 2504 1091 2534 δε
1101 2504 1185 2534 Duo-

126 2551 190 2573 rum
201 2540 390 2570 Denariorum
398 2538 579 2577 ,tdeiMoneta
588 2539 680 2570 nostra
690 2541 799 2579 Angliae
807 2541 883 2579 ‚fibi,
895 2551 943 2580 per
952 2542 1116 2580 Pelegrinum
1125 2542 1186 2572 Flo-

129 2578 214 2620 renfi,
233 2577 429 2608 Mercatorem
444 2578 477 2608 &
491 2577 658 2616 Burgensem
673 2577 758 2609 Villae
774 2579 810 2609 de
826 2579 913 2618 Leyd.
928 2580 957 2610 in
970 2580 1114 2612 Holandia
1123 2605 1133 2620 ,
1150 2582 1184 2613 &

131 2618 289 2649 Dedericum
306 2615 442 2655 Jacohfim
461 2616 496 2645 de
509 2616 583 2646 Delf
596 2617 625 2646 in
644 2616 801 2656 Holandia,
817 2617 923 2655 debita,
945 2619 1088 2657 facienda,

165 2654 393 2687 Conceflerimus
403 2654 496 2684 eidem
507 2654 632 2692 Johanni
649 2655 751 2686 Literas
764 2654 872 2686 nostras
885 2657 921 2687 de
936 2656 1075 2696 Marqua,
1094 2658 1186 2688 versus

128 2695 297 2734 praedffium
312 2693 427 2723 Ducem
441 2694 474 2724 &
489 2692 622 2723 Subditos
635 2693 714 2732 suos,
732 2695 880 2733 quousque
896 2696 1016 2733 plenaria
1028 2696 1187 2728 satisfactio

130 2733 224 2764 eidem
236 2731 359 2771 Johanni
375 2732 410 2762 de
423 2731 542 2762 Summa
557 2731 691 2769 praedicta
709 2733 780 2763 facta
796 2733 906 2769 fuisset,
923 2736 978 2764 una
990 2744 1058 2765 cum
1080 2735 1186 2766 Custu-

131 2773 185 2803 bus
198 2772 230 2801 &
245 2770 391 2808 Expenfis,
408 2780 456 2808 per
468 2770 558 2809 ipsum
575 2770 708 2801 &dictos
723 2770 922 2802 Procuratores
935 2772 1014 2811 suos,
1031 2775 1104 2804 circa
1114 2774 1186 2804 Pro-

130 2811 304 2842 secutionem
327 2808 491 2846 praedifftam
509 2809 638 2846 appositis
659 2811 689 2840 ὃ(
714 2810 903 2849 apponendis,
927 2819 1012 2849 prout
1032 2822 1080 2851 per
1100 2812 1188 2844 dietas

132 2850 241 2882 Literas
255 2846 360 2877 nostras
372 2846 406 2876 de
422 2845 542 2884 Marqua
556 2847 666 2883 plenius
678 2850 780 2885 poterit
792 2858 937 2888 apparere,

170 2887 250 2926 Qas
265 2885 379 2923 quidem
394 2884 497 2914 Literas
508 2884 629 2924 nostras,
648 2896 684 2916 eo
698 2887 777 2924 quod
791 2887 900 2917 nullum
919 2888 1102 2920 sortiebantur
1117 2889 1189 2921 effe-

133 2926 231 2963 ctum,
249 2925 362 2955 vivente
375 2922 492 2963 praefato
505 2922 608 2961 Duce,
628 2923 798 2955 Executioni
817 2925 978 2956 demandari
998 2938 1056 2957 non
1079 2930 1189 2959 curavi-

135 2963 322 3002 mus,quous
337 2973 371 2993 ue
393 2972 444 2991 rios
467 2960 640 2991 Willielmum
661 2972 739 2992 nunc
763 2966 864 2992 Ducem
884 2964 1189 3000 BavariaeComitem

135 3002 305 3039 l-lolandiae,
343 3000 516 3031 uccefforem
536 3001 642 3039 praefati
661 3010 750 3040 nuper
772 3001 883 3040 Ducis,
908 3004 936 3032 in
952 3002 1009 3033 hoc
1025 3006 1085 3035 casu
1098 3029 1108 3042 ,
1134 3006 1190 3044 pri-

138 3040 224 3071 mittis
232 3040 475 3107 ltlequisiverimus,
489 3039 599 3077 qualem
610 3038 751 3078 justitiam
765 3040 883 3080 praefato
893 3040 1019 3080 Johanni
1034 3043 1124 3074 facere
1132 3045 1191 3076 vel-

138 3080 175 3110 let
190 3079 218 3107 in
252 3087 285 3107 ac
317 3087 373 3108 arte

149 3119 152 3121 ’
171 3087 342 3156 jamquelita
355 3101 450 3146 eiiistat
462 3115 541 3155 quod
554 3115 645 3146 dietus
658 3114 850 3155 Willielmus,
867 3127 945 3148 nunc
968 3117 1037 3150 Dux
1051 3119 1191 3160 Bavariae,

137 3164 172 3187 eir
186 3162 262 3194 parte
275 3153 385 3190 nostra,
402 3155 501 3184 virture
517 3154 673 3185 Literarum
687 3155 862 3193 nostrarum,
880 3157 929 3186 fibi
943 3156 1061 3188 diversis
1082 3159 1192 3190 vicibus

140 3193 326 3229 directarum,
344 3193 377 3223 &
399 3191 491 3221 debite
514 3193 737 3229 praesentatarum
748 3217 757 3231 ,
774 3204 822 3234 per
841 3195 1008 3234 praeditfitum
1019 3196 1194 3237 Johannem,

139 3243 193 3272 pro
204 3230 314 3270 Justitia
325 3230 373 3259 libi
388 3232 418 3259 iri
431 3229 578 3261 Praemiffis
591 3231 716 3262 celeriter
730 3232 903 3270 adhibenda,
923 3234 1018 3271 faepius
1031 3237 1193 3275 requisitus,

142 3271 263 3302 eundem
281 3267 460 3306 johannem,
476 3277 524 3305 per
545 3269 635 3306 plures
655 3270 764 3300 subtiles
786 3270 1006 3311 ResponfioneS,
1029 3274 1061 3303 ὃ(
1082 3275 1192 3306 frivolas

143 3309 318 3344 Dilariones,
336 3307 499 3345 inquietavit
515 3307 890 3348 multipliciter&fatigavit,
907 3312 987 3348 quod
1000 3312 1055 3348 ipse
1070 3312 1192 3351 aliquem

144 3347 280 3381 effectum
296 3345 331 3375 de
347 3344 545 3375 prosecutione
557 3345 601 3375 sua
621 3346 754 3384 praedidia
775 3348 904 3378 nondum
927 3349 969 3380 est
990 3351 1121 3389 adeptus,
1139 3363 1194 3383 nec

141 3393 282 3425 reportare
301 3382 394 3423 potest
414 3383 443 3412 in
464 3383 606 3420 praesenti,
628 3385 658 3414 in
684 3385 765 3421 iplius
788 3386 923 3422 Johannis
941 3387 1106 3426 Dampnum
1133 3400 1193 3421 non

141 3425 291 3456 modicum
308 3423 342 3453 &
365 3420 546 3459 Gravamen,
570 3422 655 3460 ficuts,
675 3432 725 3459 per
746 3423 934 3455 Instrumenta
955 3426 1089 3465 Publica,
1115 3428 1194 3467 super

142 3465 201 3495 hoc
216 3461 366 3498 confecta,
385 3461 418 3491 δε
435 3461 463 3489 in
479 3459 650 3490 Cancellaria
668 3461 760 3490 nostra
774 3462 895 3492 exhibita
907 3485 917 3501 ,
936 3464 1018 3502 plene
1032 3465 1132 3505 liquet,

179 3502 323 3537 Velimus,
339 3498 560 3529 consideratione
575 3498 805 3537 Praemissorum,
822 3501 938 3539 praefato
945 3501 1070 3540 johanni
1086 3504 1194 3536 Literas

142 3540 251 3572 nostras
269 3539 304 3569 de
321 3538 456 3577 Marqua,
474 3537 565 3567 versus
583 3536 727 3574 praefatum
750 3548 828 3569 nunc
858 3539 974 3570 Ducem
1005 3543 1037 3572 &
1058 3543 1193 3574 Subditos

142 3580 219 3617 suos,
237 3577 380 3616 quousque
402 3577 494 3606 eidem
527 3575 673 3618 Johanni,
690 3576 725 3605 de
744 3576 862 3607 Summa
883 3579 1031 3618 praedidia,
1049 3582 1103 3611 unffi
1124 3593 1193 3613 cum

141 3617 304 3656 Sumptibus
329 3617 363 3647 ὃς
388 3613 531 3654 Expensis,
556 3624 605 3651 per
628 3614 716 3653 iplum
741 3615 774 3645 ὃ(
800 3615 996 3647 Procuratores
1020 3619 1099 3658 suos,
1118 3622 1193 3651 circa

142 3657 373 3688 Prosecutionem
386 3654 530 3693 appositis,
548 3653 580 3683 δε
596 3652 632 3696 de
654 3661 758 3682 caetero
777 3655 967 3694 apponendis,
988 3657 1097 3695 integre
1121 3659 1193 3690 satis-

143 3696 250 3726 faefflm
263 3693 363 3731 fuerit,
376 3692 534 3723 concedere
547 3693 684 3731 gratiose,

179 3733 244 3763 Nos
268 3731 483 3770 (Supplicationi
503 3730 645 3768 praedietae
667 3730 829 3765 annuentes)
847 3731 929 3761 vobis
953 3732 986 3763 δε
1011 3734 1128 3765 cuilibet
1145 3746 1194 3766 ve-

144 3770 233 3801 stri'im
250 3769 419 3800 Mandamus
436 3770 515 3808 quod
530 3768 664 3798 universas
691 3769 724 3799 &
747 3769 861 3807 lingulas
880 3769 996 3808 Naves,
1014 3771 1050 3801 de
1075 3774 1194 3809 partibus

144 3808 297 3839 Holandiae
311 3809 344 3838 &
360 3808 495 3838 Selandiae
504 3831 514 3846 ,
532 3809 560 3837 in
573 3807 710 3845 aliquibus
724 3807 862 3837 Portubus
876 3809 907 3837 ὃς
932 3808 1018 3839 Locis
1030 3810 1099 3841 infra
1116 3811 1195 3851 Reg—

147 3855 238 3884 gnum
250 3846 376 3876 nostrum
391 3847 504 3882 Angliae
526 3848 580 3882 jam
602 3845 762 3882 existentes,
783 3847 816 3877 &
836 3855 947 3877 exnunc
970 3857 1111 3886 venturaS,
1139 3854 1195 3882 una

148 3894 216 3915 curri
239 3883 396 3922 Magistris,
419 3883 594 3921 MarinariiS,
620 3883 720 3921 Bonis,
745 3884 944 3923 Mercandilis,
967 3887 1000 3916 ὃ(
1027 3886 1124 3918 Rebus
1146 3890 1195 3919 suis

147 3921 386 3961 quibuscumque,
406 3932 470 3960 quae
493 3924 523 3952 in
542 3922 673 3952 Navibus
697 3923 747 3952 illis
768 3924 893 3952 invenire
912 3925 1053 3963 poteritis,
1078 3928 1196 3958 nomine

149 3960 279 3998 Marquae
294 3961 327 3991 &
340 3959 520 3999 Reprisaliae,
536 3960 571 3991 de
585 3969 712 3998 tempore
727 3962 756 3990 in
772 3970 899 3998 tenipus,
917 3961 990 4001 Capi
1007 3963 1039 3992 &
1056 3964 1195 4004 Arestari,

147 4001 180 4031 ὃς
195 4009 225 4028 ea
236 3998 285 4027 sub
298 3997 384 4035 salva,
398 3998 507 4037 secura,
525 3999 558 4029 &
573 3998 690 4028 honesta
706 3998 843 4029 Custodia
857 4001 924 4037 poni
939 3999 1057 4039 faciatis,

186 4036 305 4079 Nosque
327 4035 363 4065 de
385 4034 526 4073 Captione
544 4038 578 4068 ὃ(
598 4036 774 4067 Arestatione
794 4037 925 4068 Navium
941 4061 951 4076 ,
975 4038 1198 4080 Magistrorum,

145 4075 379 4145 Mgrinanlcssurrlij,
397 4072 561 4141 ljpnorum,
578 4074 835 4114 Mercandisarurn,
860 4077 893 4108 ὃς
913 4076 1026 4109 Rerum
1045 4080 1197 4118 praedicto-

203 4124 252 4145 om.
314 4136 320 4143 .
374 4135 380 4141 ·
434 4134 441 4142 ι

7 2464 92 2492 VIII.

1 2511 44 2540 34·

1213 194 1682 243 PUBLICA.
2213 220 2259 250 11

1212 289 1295 319 rum,
1314 291 1346 311 ac
1360 281 1395 325 de
1409 289 1472 313 toto
1487 282 1575 313 Facto
1586 285 1681 329 vestro
1699 285 1728 316 in
1744 287 1797 319 hac
1818 298 1912 329 parte,
1929 294 1959 321 in
1981 291 2185 324 cancellariam
2208 305 2264 325 no-
2285 291 2358 322 Ann-
2376 292 2416 324 D-

1210 317 1294 361 stram
1309 319 1436 363 Angliae,
1454 320 1490 363 de
1504 330 1675 366 temporem
1690 334 1815 364 tempuS,
1834 328 1965 360 distinele
1980 331 2014 360 ὃς
2027 333 2136 369 aperte,
2156 333 2205 362 sub
2221 333 2264 363 Si·
2311 341 2395 369 1412·

1208 356 1277 399 gillis
1292 358 1387 387 vestris
1400 362 1574 403 certificet-15,
1592 362 1700 403 utinde
1711 386 1718 399 ,
1736 364 1768 393 ad
1786 365 2018 398 Prosecutionem
2038 370 2144 408 praefari
2161 370 2266 410 Johan-
2288 376 2350 397 Hm.
2369 381 2397 405 4-

1210 405 1267 436 rns,
1286 405 1353 439 cum
1365 396 1463 438 saniori
1480 396 1686 439 Deuberatione
1696 423 1704 437 ,
1722 400 1811 433 facere
1824 405 1963 436 valeamm
1978 410 2054 444 quod
2067 409 2171 446 justum
2184 409 2265 441 fuerit

1210 442 1238 462 in
1246 433 1469 503 Il’raemillis,&&
1484 438 1545 464 tore
1560 436 1711 467 viderimus
1731 441 1890 472 consonum
1909 443 2035 475 Rationi.

1263 481 1280 500 n
1299 482 1393 509 quuS,
1451 483 1476 503 c.

1264 509 1352 540 Teste
1366 510 1451 548 Rege
1463 511 1536 551 apud
1552 512 1825 555 PWstmonasteriuaett,
1844 518 1961 557 septimo
1973 521 2018 552 die
2032 521 2114 554 Maii.

1730 593 1784 620 Per
1797 593 1878 631 z'psicm
1894 598 1996 634 Regem.

1502 719 1560 748 Pro
1583 716 1761 763 quibusdam
1787 718 1822 752 de
1846 724 1955 757 Scotin-

1215 797 1358 851 ΒΗΚ,
1377 807 1427 843 per
1444 799 1549 830 Literas
1565 801 1622 830 suas
1634 802 1778 842 Parentes,
1795 816 1843 843 per
1866 814 1954 838 unum
1971 809 2089 841 Annum
2113 808 2250 845 duraturas
2291 808 2366 841 Ant'a-
2381 806 2428 844 D.

1291 836 1405 875 suscepit
1420 848 1448 867 iri
1465 838 1570 868 salvum
1589 841 1620 870 &
1635 842 1762 873 securum
1781 845 1967 877 Coniue‘ium
1982 849 2080 887 suum,
2098 861 2130 881 ac
2153 853 2181 881 in
2199 836 2269 884 Pro3
2320 858 2405 886 1412.

1212 871 1385 918 tectionem,
1403 875 1589 916 Tuitionem,
1608 879 1640 909 &
1659 879 1860 913 Defensionem
1877 885 1932 914 suas
1952 886 2096 925 speciales,
2119 890 2270 921 lelterum
2290 892 2342 915 An.
2364 898 2406 925 ¹3-

1214 912 1368 950 Episcopum
1396 914 1617 955 Brechenenfem,
1644 919 1819 950 Willielmum
1840 925 1987 953 Dominam]
2007 926 2039 954 de
2060 929 2179 965 Grame,
2198 929 2269 958 Ale·
2291 930 2324 953 H·
2339 937 2368 962 4·

1215 953 1351 981 xandrum
1365 953 1395 982 de
1410 953 1504 998 Ogilby
1520 954 1726 987 Vicecoinitem
1742 958 1777 989 de
1793 960 1903 1000 Angus,
1921 964 1953 993 &
1973 963 2133 1001 Jolmnnem
2146 966 2177 995 de
2193 969 2271 997 Wr-
2292 968 2358 991 scoc.
2382 973 2423 1000 ¹3³

1215 999 1278 1034 nys,
1303 990 1339 1020 de
1362 991 1474 1030 Scotia,
1493 995 1690 1039 cptijunctim,
1709 997 1742 1026 &c
1767 998 1896 1038 divisim,
1920 1011 1989 1031 cum
2015 1002 2124 1042 Viginti
2145 1003 2274 1038 Personis
2293 1010 2331 1032 H·
2347 1012 2375 1037 4·

1217 1028 1429 1074 (cujuscumque
1443 1030 1551 1070 Status,
1570 1032 1701 1077 Ordinis,
1720 1034 1850 1075 Gradus,
1868 1038 1923 1070 sive
1944 1039 2126 1072 Conditionis
2146 1043 2274 1082 existant)
2291 1049 2327 1067 m·
2346 1050 2374 1071 4*

1219 1077 1287 1110 cum
1316 1068 1555 1112 Equis,¹Rebus,
1582 1072 1615 1102 δε
1639 1073 1696 1103 aliis
1721 1074 1891 1107 Neceffariis
1912 1079 2153 1119 quibuscumque,
2171 1083 2273 1122 absque

1218 1105 1312 1149 aliquo
1326 1108 1530 1152 impedimento
1541 1132 1549 1146 ,
1563 1110 1639 1141 salvo
1653 1112 1685 1141 δε
1701 1111 1811 1152 secure,
1830 1126 1878 1151 per
1890 1116 2027 1157 Terram,
2046 1121 2089 1150 vel
2104 1130 2154 1156 per
2172 1120 2273 1162 Mare,

1221 1153 1250 1173 in
1266 1144 1403 1184 Regnum
1419 1146 1506 1184 Regis
1523 1148 1633 1191 Angliae
1647 1152 1802 1190 veniendo,
1821 1154 1925 1184 ibidem
1949 1158 2087 1188 morando
2103 1158 2136 1188 ὃ(
2156 1160 2259 1191 exinde

1220 1182 1254 1212 ad
1266 1193 1371 1226 ‘eorum
1387 1185 1611 1230 beneplacnum,
1628 1188 1683 1231 sine
1697 1190 1782 1229 aliqua
1797 1191 2001 1225 Molestatione
2024 1196 2067 1227 vel
2087 1185 2278 1238 Arestatione:

1222 1229 1330 1265 ratione
1343 1221 1493 1261 Marquae,
1514 1223 1691 1267 Reprisaliae,
1709 1227 1825 1267 Debiti,
1843 1231 2002 1271 Compod,
2021 1235 2076 1265 sive
2098 1235 2279 1267 Conventio-

1221 1269 1264 1303 nis
1276 1260 1491 1327 συμᾏῶυηέςωε,
1510 1270 1611 1293 totiens
1626 1266 1754 1302 quotiens
1767 1267 1817 1298 sibi
1831 1270 1981 1310 placuerit,
1998 1273 2032 1303 ad
2049 1283 2136 1313 partes
2150 1279 2206 1306 luas
2214 1286 2281 1313 pro-

1222 1307 1292 1335 prias
1306 1308 1335 1327 re
1356 1308 1409 1328 eun
1431 1309 1467 1338 o,

1260 1335 1375 1380 Proviso
1396 1337 1506 1375 semper
1522 1339 1601 1377 quod
1622 1341 1744 1380 praefati,
1764 1342 1935 1385 Episcopus,
1953 1348 2140 1390 Willielmus,
2156 1351 2279 1383 Alexan—

1222 1373 1289 1412 der,
1310 1374 1496 1420 Yicecomes,
1514 1377 1547 1407 <Sc
1560 1377 1720 1422 johannes,
1739 1382 1771 1411 ὃς
1793 1381 1920 1414 Person-<e
1944 1388 2084 1423 przedic‘lae
2109 1390 2262 1428 quicquam

1223 1412 1300 1452 quod
1323 1423 1352 1442 in
1368 1413 1457 1451 Regis
1476 1415 1518 1446 seu
1538 1415 1642 1460 Populi
1660 1419 1699 1449 sui
1723 1420 1917 1458 praejudicium
1940 1425 2040 1456 cedere
2062 1429 2165 1466 valeat,
2183 1431 2201 1448 ’¹‘
2218 1414 2279 1460 non'
2298 1424 2318 1443 ²*
2338 1421 2430 1453 VHV

1224 1460 1391 1496 attemptent
1408 1452 1453 1484 seu
1467 1462 1623 1492 attemptari
1639 1456 1730 1487 facere
1742 1459 1925 1498 praesumant,
2298 1471 2362 1500 735-

1263 1491 1396 1529 {equod
1412 1493 1460 1531 ipsi
1473 1494 1507 1523 &
1522 1503 1622 1523 eorum
1636 1495 1752 1533 quilibet
1769 1507 1836 1533 erga
1853 1496 1969 1535 Regem
1986 1501 2018 1531 &
2035 1501 2177 1541 Populum
2199 1505 2280 1537 suum

1226 1530 1346 1571 benet&
1361 1529 1481 1575 honeste
1492 1531 1627 1574 se-gerant
1643 1534 1674 1564 &
1691 1534 1825 1572 habeant,
1843 1537 1876 1566 δε
1895 1539 1971 1577 quod
1986 1539 2116 1571 Personae
2137 1544 2280 1580 praedistae

1226 1568 1387 1599 Proditores
1406 1569 1495 1606 Regis
1507 1573 1550 1600 leu
1566 1570 1676 1603 Gentes
1689 1574 1853 1611 abjudicatae
1866 1585 1912 1607 aut
1927 1586 2002 1608 extra
2017 1579 2126 1609 dierum
2147 1581 2282 1621 Regnum

1226 1607 1306 1638 suurn
1323 1607 1446 1638 bannitae
1461 1618 1520 1638 non
1535 1609 1671 1648 existant,

1265 1645 1392 1683 thuod
1408 1647 1455 1690 ipsi
1473 1648 1615 1684 praesentes
1636 1649 1741 1680 Literas
1764 1649 1851 1690 Regis
1871 1652 1907 1684 de
1930 1654 2005 1685 fiilvo
2026 1654 2199 1696 conductu,
2218 1668 2283 1690 ante

1228 1685 1381 1723 ingressum
1401 1685 1551 1728 ‘cujussibet
1571 1685 1736 1718 Castrorum
1752 1713 1762 1727 ,
1786 1690 1921 1722 Villarum
1941 1692 2129 1733 firmatarum,
2154 1697 2197 1726 seu
2214 1698 2283 1728 alio-

1229 1733 1292 1767 rum
1305 1723 1512 1754 Fortaliriorum
1534 1724 1621 1768 Regis
1639 1736 1907 1769 quorumcumque,
1926 1730 2085 1770 Majoribus
2103 1734 2160 1765 five
2177 1734 2286 1766 Custo-

1228 1763 1310 1793 dibus
1321 1762 1486 1792 eorumdem
1501 1764 1630 1800 primitiis
1646 1765 1839 1799 demonstrent

1265 1800 1354 1832 Teste
1367 1800 1449 1840 Rege
1463 1801 1536 1842 apud
1551 1801 1825 1845 Wstmonasterium,
1843 1807 1958 1838 decimo
1973 1810 2074 1847 quinto
2089 1810 2133 1841 die
2148 1811 2230 1844 Maii.

1859 1888 1913 1916 Per
1924 1885 2006 1926 ipfiem
2021 1891 2127 1926 Regem.

1232 1958 1380 2014 REX,
1396 1956 1456 1996 &a
1479 1966 1511 1990 ut
1530 1957 1618 2000 stapra
1636 1959 1715 2000 usque
1734 1962 1786 2001 ibi,
1814 1963 1956 2010 speciales,
1981 1964 2019 1999 ὠ*
2038 1972 2103 1995 tunc
2117 1966 2168 2005 fic,
2187 1966 2293 1999 David
2335 1968 2401 2000 ibid,

1310 2001 1449 2036 Bemngne
1475 1999 1618 2030 Abbatem
1630 2000 1665 2030 de
1693 2000 1822 2040 Meiros,
1848 2002 2026 2034 Wzllzelmum
2048 2005 2080 2034 de
2108 2006 2225 2044 Douglas
2250 2008 2287 2038 de

1228 2033 1453 2080 Drumlangrig,
1471 2038 1504 2068 &
1522 2038 1684 2076 Johannem
1703 2040 1735 2069 de
1753 2043 1852 2070 Sandlo
1867 2041 1963 2080 Claro,
1983 2043 2178 2083 conjunrfflim,
2197 2046 2230 2075 &
2242 2046 2286 2077 di-

1229 2075 1414 2145 vil'iIrqnstcum
1422 2076 1537 2144 sViginti
1549 2076 1694 2116 Personis,
1709 2077 1769 2113 &a
1787 2087 1819 2109 ut
1830 2079 1933 2119 Jispra,
1952 2086 2066 2111 mutatis
2082 2084 2230 2115 mutandis,

1297 2124 1312 2145 e
1340 2125 1355 2145 e
1373 2123 1404 2145 ut
1433 2124 1509 2152 upra.

1895 2159 1949 2187 Per
1966 2156 2049 2198 ipftm
2066 2162 2171 2198 Regem.

1232 2229 1316 2285 RE
1326 2230 1356 2262 X
1366 2254 1374 2269 ,
1393 2229 1454 2266 &a
1473 2238 1505 2262 ut
1519 2232 1599 2271 supra
1618 2232 1698 2274 usque
1716 2232 1771 2273 ibi,
1787 2235 1928 2274 speciales,
1949 2234 1986 2271 &¹
2001 2244 2065 2267 tunc
2080 2237 2128 2277 fic,
2143 2238 2288 2269 Rohertum

1310 2271 1341 2299 de
1361 2272 1485 2309 Erskyn,
1504 2273 1652 2301 Patricium
1665 2272 1697 2301 de
1711 2273 1858 2302 Dunbarre
1877 2275 2002 2306 Fratrem
2019 2276 2140 2307 Comitis
2154 2277 2190 2307 de
2205 2279 2289 2309 Duri·

1229 2305 1324 2347 barre,
1349 2309 1383 2339 &
1403 2308 1597 2339 Alexandrum
1621 2311 1653 2340 de
1674 2310 1876 2350 Halybourton,
1900 2313 1936 2344 de
1956 2313 2070 2353 Scotia,
2094 2317 2288 2354 conjunctim,

1228 2345 1261 2376 &
1275 2347 1402 2384 divisim,
1418 2347 1478 2380 dyc.
1499 2355 1530 2378 ut
1540 2347 1633 2387 fiepra.

1260 2384 1350 2416 Teste
1367 2395 1396 2417 ut
1411 2386 1497 2426 supra.

2333 2238 2400 2269 ibid.

1881 2428 1934 2460 Per
1948 2429 2031 2470 ipsimi
2051 2434 2154 2470 Regem.

1230 2499 1364 2555 REX,
1382 2500 1442 2537 &a
1459 2509 1490 2532 ut
1508 2502 1586 2541 ſs'aepra
1605 2502 1683 2551 '‘sq'fie
1702 2503 1754 2548 ibi,
1772 2505 1914 2544 speciales,
1941 2505 1979 2542 ὠ·
1998 2516 2062 2538 tunc
2074 2509 2130 2553 fic,
2149 2509 2287 2549 Jacobum
2337 2514 2408 2544 thid,

1300 2541 1331 2569 de
1350 2540 1487 2579 Douglas,
1504 2542 1625 2572 Fratrem
1643 2543 1764 2573 Comitis
1780 2546 1816 2574 de
1837 2544 1979 2583 Douglas,
1997 2548 2161 2579 Dominum
2175 2549 2290 2587 Johan-

1229 2585 1288 2620 myst
1307 2578 1339 2608 de
1358 2583 1575 2622 Mouiztgoilzery,
1601 2582 1633 2612 ὃς
1651 2581 1827 2612 lVillielmum
1847 2582 1941 2614 Wlas
1951 2608 1960 2622 ,
1978 2587 2174 2626 conjuncstim,
2191 2590 2225 2620 &
2246 2587 2291 2624 di:

1230 2618 1330 2653 vilim,
1349 2616 1408 2651 &a
1429 2626 1459 2647 ut
1472 2619 1565 2657 supra.

1263 2655 1352 2686 Teste
1370 2665 1400 2687 ut
1416 2657 1502 2695 supra.

1858 2701 1912 2729 Per
1926 2702 1951 2739 ip
1947 2699 2010 2740 fiam
2027 2704 2132 2740 Regem.

1428 2844 1477 2875 De
1501 2839 1657 2885 Olastdzbue
1676 2852 1730 2888 pro
1754 2840 1907 2875 Marciaco
1930 2842 2082 2878 Stewrzrd.

1236 2923 1380 2980 REX,
1398 2936 1446 2964 per
1462 2925 1566 2971 Literas
1588 2927 1645 2957 suas
1665 2926 1808 2965 Parentes,
1826 2927 2043 2972 usque-Festum
2059 2929 2203 2972 Omnium
2224 2932 2293 2962 San·
2312 2945 2388 2975 Αῃῃ.
2400 2944 2435 2975 D

1313 2964 1426 2995 &orum
1443 2968 1576 3002 proximo
1593 2966 1719 2995 futurum
1733 2965 1890 3004 duraturas,
1907 2969 2020 3004 suscepit
2036 2971 2063 2998 in
2082 2970 2185 2999 {alvum
2207 2971 2240 3000 3<
2253 2972 2293 3001 se-
2434 2968 2441 2975 ‘

1234 3009 1334 3032 curum
1357 3002 1548 3033 Conductum
1571 3004 1668 3042 suurn,
1692 3014 1723 3033 ac
1741 3005 1770 3034 in
1794 3004 2005 3036 Protec‘lionem
2022 3031 2030 3043 7
2055 3007 2242 3045 Tuitioneni‚
2260 3013 2293 3040 ὄζ

1234 3037 1442 3072 Defenfionem
1458 3043 1515 3072 suas
1534 3042 1677 3082 speciales,
1694 3041 1853 3080 Jolmnnem
1873 3044 2003 3073 Ste‘ward
2019 3044 2168 3076 Comitem
2188 3048 2223 3078 de
2239 3047 2294 3078 Bo-

1235 3077 1328 3118 ghari,
1349 3079 1500 3110 Wlterum
1520 3082 1651 3110 Stewara'
1673 3079 1707 3110 de
1728 3081 1861 3112 Levenax
1880 3082 1984 3112 Filium
2004 3084 2129 3113 Mordaci
2148 3088 2292 3125 Steuard,

1234 3119 1384 3148 Patricium
1407 3120 1438 3148 de
1464 3123 1551 3148 Gram
1577 3118 1724 3149 Comitem
1748 3119 1782 3149 de
1801 3119 1947 3151 Straderne
1966 3121 2068 3152 Filium
2087 3123 2119 3152 &
2138 3123 2293 3155 Haeredem

1237 3154 1360 3187 Domini
1375 3157 1409 3187 de
1430 3157 1495 3196 Hay
1512 3157 1720 3188 Constabularii
1735 3157 1858 3196 Scotiae,
1876 3160 1909 3189 &
1931 3159 2126 3190 Alexandrum
2140 3165 2226 3191 Gram
2247 3164 2293 3193 Fi-

1236 3194 1306 3225 lium
1328 3196 1361 3226 &
1378 3195 1532 3227 Haeredem
1558 3194 1680 3226 Domini
1702 3196 1738 3226 de
1758 3196 1870 3234 Gram,
1894 3207 1950 3228 con
1962 3199 2088 3238 une'tim,
2108 3201 2140 3230 ὃς
2162 3201 2292 3240 divilim,

1237 3243 1304 3263 cum
1329 3234 1519 3273 Quadraginta
1540 3234 1667 3265 Personis
1686 3234 1902 3273 (cujuscumque
1922 3235 2022 3267 'Status
2042 3237 2088 3267 seii
2111 3238 2294 3271 Condirionis

1237 3271 1350 3308 fuerint)
1368 3273 1397 3302 in
1414 3271 1561 3303 Comitiva
1577 3273 1638 3310 sua,
1658 3273 1686 3302 in
1704 3272 1750 3303 Re
1770 3283 1839 3303 num
1865 3275 1950 3313 Regis
1970 3276 2092 3313 Angliae,
2113 3286 2195 3316 penes
2214 3277 2293 3309 Prae-

1237 3310 1350 3340 sentiam
1366 3310 1468 3350 Regis,
1484 3312 1566 3342 certis
1579 3312 1615 3341 de
1629 3310 1739 3349 Canus,
1781 3311 1899 3342 edestres
1913 3314 1955 3342 vel
1974 3314 2137 3353 Equestres,
2154 3325 2203 3352 per
2218 3316 2294 3348 Ter-

1238 3358 1297 3378 ram
1314 3349 1357 3379 vel
1380 3359 1429 3387 per
1442 3350 1571 3388 Aquam,
1590 3349 1692 3381 Νοᾶὶε
1710 3350 1836 3388 Dieque,
1852 3361 1900 3390 per
1918 3351 2034 3389 Castra,
2055 3352 2138 3383 Villas
2159 3354 2296 3395 firmatas,

1237 3388 1271 3418 &
1286 3387 1336 3416 alia
1351 3386 1488 3418 Dominia
1506 3388 1591 3427 Regis
1604 3397 1809 3427 quaecumque,
1829 3390 1988 3430 veniendo,
2005 3391 2110 3421 ibidem
2135 3394 2274 3425 morando
2282 3417 2299 3433 ‚.

1238 3426 1270 3455 ὅ(
1283 3425 1384 3456 exinde
1397 3426 1429 3456 ad
1445 3428 1555 3465 propria
1568 3426 1728 3465 redeundO,
1743 3437 1775 3458 ac
1792 3427 1903 3466 Equos,
1922 3428 1999 3467 Res,
2014 3429 2113 3469 Bona,
2128 3432 2162 3463 &
2179 3431 2294 3463 Heme-

1236 3463 1270 3494 fia
1286 3465 1329 3494 sua
1343 3475 1550 3503 quaecumque,

1272 3502 1387 3534 Nolens
1401 3503 1475 3534 idem
1483 3504 1547 3534 Rex
1561 3503 1640 3542 quod
1653 3503 1720 3542 ipfi,
1739 3505 1845 3536 ratione
1854 3506 2007 3544 aliquarum
2018 3506 2194 3547 Afflonm,
2212 3510 2293 3549 Qe==

1237 3540 1357 3572 relatum
1370 3564 1381 3580 ,
1406 3541 1448 3572 seu
1471 3542 1705 3579 Demandarum,
1729 3553 1793 3573 ante
1814 3544 1876 3574 haec
1903 3554 2030 3582 tempora
2053 3546 2226 3585 habitarum,
2245 3558 2292 3578 ca—

1236 3581 1359 3618 piantur,
1383 3580 1551 3618 aresteiitur,
1575 3580 1805 3619 imprisonentur,
1830 3583 2035 3622 inquietentur,
2053 3585 2242 3622 {molestentur
2260 3587 2290 3616 in

1236 3618 1346 3656 aliquo,
1364 3618 1409 3648 seu
1423 3627 1584 3657 graventur,

1275 3657 1392 3687 Proviso
1406 3657 1485 3696 quod
1499 3657 1640 3695 praedieti,
1653 3656 1812 3695 johannes,
1826 3658 1986 3698 walterus,
2005 3660 2139 3692 Patricius
2158 3661 2241 3691 Filius
2254 3662 2288 3692 &

1237 3693 1336 3725 Haeres
1350 3694 1471 3725 Domini
1481 3696 1516 3725 de
1529 3695 1575 3726 Ha
1599 3718 1608 3732 ,
1627 3696 1660 3726 &
1673 3696 1848 3735 Alexander,
1864 3706 1913 3728 aut
1923 3699 2051 3729 Personae
2065 3700 2223 3738 predictae,
2241 3700 2294 3730 ali<

1237 3743 1288 3771 qua
1305 3733 1379 3771 Regi
1393 3733 1436 3764 seu
1449 3733 1554 3772 Regno
1597 3735 1653 3772 egis
1666 3733 1775 3773 Angliae
1789 3737 1982 3774 praejudicialia
1994 3748 2054 3767 non
2068 3738 2171 3768 faciant
2185 3747 2230 3768 aur
2246 3737 2288 3769 fa-

1237 3782 1299 3802 cere
1313 3772 1356 3801 vel
1370 3781 1532 3809 attemptare
1543 3773 1721 3812 praesumant,

1275 3810 1311 3839 Et
1324 3810 1403 3848 quod
1419 3810 1549 3841 Personae
1562 3811 1705 3850 praedietae
1727 3811 1890 3842 Proditores
1908 3812 1995 3851 Regis
2013 3813 2058 3843 seu
2073 3812 2182 3843 Gentes
2199 3815 2289 3853 Abju-

1236 3848 1353 3886 dicatae,
1371 3856 1415 3878 aut
1430 3857 1503 3879 extra
1524 3850 1658 3888 Regnum
1674 3849 1761 3889 Regis
1775 3851 1943 3889 pri-edietum
1961 3852 2084 3881 Bannitae
2099 3862 2157 3881 non
2172 3854 2289 3885 existant

1237 3887 1336 3927 quovis
1350 3886 1457 3925 modo,

1275 3924 1388 3954 Nolens
1403 3926 1479 3955 idern
1492 3925 1557 3957 Rex
1572 3926 1683 3956 ulterius
1702 3926 1780 3962 quiid
1794 3926 1937 3963 praesentes
1953 3927 2057 3958 Literae
2074 3928 2175 3967 Regk,
2192 3931 2289 3968 quoad

1236 3962 1496 4003 ipsosjohannem,
1511 3964 1671 3994 Walterum
1683 3988 1691 4002 ,
1710 3964 1862 3994 Patricium
1879 3965 1982 3994 Filium
2002 3967 2033 3996 ὃς
2053 3966 2206 3998 fimetis-*ii
2226 3969 2289 3999 Do-

1238 4003 1307 4032 mini
1322 4001 1358 4030 de
1377 4001 1457 4041 Hay,
1478 4004 1510 4032 &
1531 4003 1737 4039 Alexandrum,
1754 4002 1902 4041 postquam
1924 4003 2042 4033 Obside<
2063 4015 2160 4035 corani
2185 4007 2288 4046 Reae,

1237 4051 1290 4078 pro
1314 4040 1444 4070 Mordaco
1464 4043 1595 4070 Steward
1613 4040 1754 4079 Magistro
1774 4040 1809 4069 de
1832 4039 1902 4069 Frffe
1921 4041 2083 4072 devenerint
2105 4045 2136 4079 (ii
2157 4046 2228 4082 ipsos
2251 4056 2286 4075 ‚ic

1239 4077 1359 4110 Obsides
1373 4077 1436 4108 fore
1458 4081 1608 4119 contigerit
1627 4088 1678 4118 pro
1696 4079 1810 4114 eodem)
1830 4079 1945 4117 alicujus
1961 4080 2011 4111 sint
2032 4083 2137 4120 vigoris
2156 4088 2201 4114 leu
2216 4083 2288 4113 effe-

1713 4115 1734 4146 Β
1753 4125 1769 4145 2
2213 4120 2295 4161 Cius,

2333 2994 2417 3022 ¹412-

2313 3028 2363 3051 Aa.
2383 3033 2425 3060 ¹3·

2313 3067 2345 3089 Hi
2362 3072 2390 3097 4.

2341 3100 2408 3128 ibid.
