2562 4274
0 255 63 288 hin.
79 252 118 284 D·

10 301 94 333 1414,

0 338 52 367 ‘iem
66 341 94 367 5·

13 651 33 669 ὥ
60 646 111 673 ΙΧ.

2 693 64 719 104.

13 1717 88 1747 Ann.
106 1714 145 1745 D.

35 1763 123 1793 1414.

16 1798 69 1821 An.
88 1803 110 1821 1.

16 1837 49 1859 Η·
65 1841 81 1867 5

13 1871 76 1898 lbid.

16 1918 60 1937 ιο.

90 1879 127 1899 m.

33 2963 111 2993 Arm.
122 2960 162 2992 D.

54 3009 140 3039 1414.

34 3045 86 3068 Asi.
109 3049 132 3066 1.

33 3083 69 3106 H.
89 3087 116 3113 5,

34 3121 129 3145 Pam.

37 3160 73 3183 H.
88 3163 114 3189 5.

35 3200 62 3231 p.
82 3201 108 3228 5.

38 3241 75 3260 m.
89 3227 170 3265 24.d.

65 3578 80 3594 ⁰
99 3577 151 3604 lx.

51 3623 112 3650 105.

738 171 839 214 ET
936 172 1204 215 ACTA

137 257 246 288 minam
260 280 269 296 ,
293 258 443 327 ffiominam
461 257 645 295 Katerinam,
669 256 745 296 ipfius
768 256 958 296 Confinguinei
979 258 1061 297 nqllri
1083 260 1198 299 Filiam,

137 298 292 327 contrahen
314 305 364 326 um

176 335 275 373 Qum
290 319 405 372 quide’m
419 332 505 363 Viam
527 332 575 371 ips1
598 331 817 363 Ambasliatores
836 334 921 364 etiam
941 335 976 366 &
998 336 1085 366 nostri
1102 336 1197 367 Com-

139 373 252 404 miss'arii
266 373 362 402 utilem
380 373 414 401 ὃς
430 369 626 409 expedientem
641 372 806 414 reputabant
824 372 856 401 &
875 372 1040 411 honestam,
1058 374 1128 405 ficut
1148 385 1195 413 per

138 413 251 442 eosdem
273 408 488 440 Commiss'arios
514 409 625 439 nostros
647 408 747 440 Nobis
771 409 887 440 relatum
911 410 1000 443 fuerat
1023 414 1057 444 &
1080 413 1196 444 fideliter

139 457 329 487 reportatum,

178 487 263 524 Nos,

177 525 224 556 Ad
239 534 285 563 ea,
300 533 364 563 quae
377 523 490 555 Bonum
504 523 674 563 Publicum‚
693 523 728 555 &
741 533 807 562 quae
826 523 999 557 Comodum
1019 534 1201 566 utrorumque

142 563 314 603 Regnorum
327 586 336 602 ,
361 563 498 601 respicere
516 562 644 600 poffent,
659 562 778 593 oculum
801 563 949 604 habentes,
968 566 1002 596 &
1024 575 1124 597 omnes
1145 568 1201 598 vias

143 601 224 633 Pacis
239 603 377 641 inquirere
389 602 423 632 &
437 601 542 631 realiter
558 599 690 638 prosequi
707 601 896 639 intendentes,

181 641 200 661 ¹*
215 639 306 680 Ipsam
318 641 394 672 viam
409 638 586 669 Matrimonii
600 638 655 668 five
669 637 876 677 Sponsaliorum
894 639 1040 671 honestam
1061 641 1094 672 &
1114 641 1203 672 leviti-

144 688 239 718 mam,
260 679 328 709 Deo
340 679 374 710 δε
389 676 564 720 Hominibus
577 677 828 721 complacentem,
845 681 1050 719 reputavimus,
1069 680 1102 710 ὅτ
1115 667 1158 710 ad’
1162 680 1206 719 ip-

146 719 204 749 sam
218 716 419 748 intendendam
432 716 526 746 sumus
539 715 683 753 inclinati,

185 756 222 787 Et
235 764 269 786 ex
284 755 336 786 hac
350 753 461 792 Causfi,
479 754 535 784 una
556 762 623 784 cum
646 754 703 784 aliis
721 754 755 785 ad
776 754 888 787 Bonum
909 754 991 786 Pacis
1011 754 1207 793 tendentibus,

147 793 259 825 nostros
270 793 405 824 Nuncios
418 792 452 823 ad
465 792 575 823 dietum
590 792 819 832 consanguineum
839 794 957 834 nestrum
972 793 1093 831 dirigere
1115 794 1207 824 inten-

147 833 241 864 dimus
255 831 326 863 infra
338 833 441 869 breve,
1120 870 1126 875 ι

187 870 241 909 Et,
261 879 293 901 ut
312 880 348 901 eo
370 869 516 907 libentius,
533 868 709 907 diligentins,
726 869 759 900 &
781 868 919 906 securius,
935 868 1039 907 absque
1059 868 1207 907 suspitione

148 910 253 949 aliqua,
271 909 335 940 haec
350 908 471 940 Materia
484 909 597 939 interim
613 908 791 938 comunicari
807 908 840 938 &
854 907 958 937 realiter
972 908 1130 944 pertractari
1145 907 1208 946 pos-

150 949 201 986 sit,
222 948 438 985 Promittimus,
463 946 540 976 bona
561 945 639 983 fide,
662 945 807 982 verboque
824 944 919 984 Regio
938 944 1081 976 firmamus
1094 968 1104 984 ‚
1148 945 1207 976 uod

151 996 220 1018 cum
243 987 318 1017 nulla
339 986 390 1017 alia
405 984 529 1016 Muliere
550 983 765 1022 (cujuscumque
787 982 896 1022 StatfiS,
915 982 1047 1021 Gradus,
1065 993 1111 1015 aut
1155 994 1211 1014 on-

150 1025 264 1056 ditionis
276 1024 383 1062 existat)
402 1023 543 1064 Sponsalia
565 1021 623 1052 five
646 1020 883 1060 Matrimonium,
903 1020 1004 1051 Verbo
1017 1022 1061 1052 vel
1076 1022 1209 1061 scripto,

151 1063 371 1102 quomodolibet
387 1061 611 1096 contrahemus,
638 1067 685 1089 aut
708 1059 786 1099 super
803 1060 854 1090 hiis
872 1060 1024 1099 aliqualiter
1043 1059 1210 1092 Conclude-

152 1112 231 1140 muS,
247 1101 331 1140 usque
345 1101 380 1131 ad
394 1101 524 1130 Primum
540 1097 628 1127 Diem
643 1096 752 1127 Menfis
768 1097 839 1128 Maii
852 1100 985 1138 proximo
1000 1099 1148 1137 futurum,

189 1141 251 1171 Sub
274 1141 327 1170 hac
342 1147 438 1170 tamen
451 1136 649 1174 Conditione,
665 1136 746 1174 quod
768 1136 860 1167 dietus
875 1137 1086 1177 Consanguineus
1106 1148 1140 1167 no
1163 1147 1211 1176 er,

153 1180 188 1210 ὃ(
212 1181 332 1209 Domina
353 1179 491 1207 Katerina
505 1173 637 1215 praefata,
654 1174 851 1213 consimilem,
867 1185 919 1215 pro
941 1184 1016 1213 parte
1035 1176 1096 1213 sua,
1149 1177 1212 1205 obis

154 1216 377 1248 Promiffionem
389 1215 423 1246 &
437 1213 537 1244 Fidem
551 1213 670 1250 faciant,
690 1213 758 1243 sicut
771 1213 804 1243 &
820 1223 904 1250 prout
918 1214 991 1244 inter
1006 1214 1099 1244 dictos
1113 1212 1211 1244 Corn-

156 1255 294 1286 miffarios
312 1254 422 1285 nostros
437 1253 471 1284 &
485 1251 591 1290 praefati
607 1250 801 1291 Confinguinei
813 1251 893 1290 nostri
906 1252 1013 1291 plenius
1028 1252 1114 1283 fuerat
1129 1251 1213 1282 Con-

157 1293 317 1325 cordatum.

193 1331 228 1362 In
249 1332 342 1369 cujus,
360 1331 420 1361 &c.
848 1368 854 1373 ε
1130 1366 1135 1371 ¹

233 1369 323 1402 Teste
341 1368 423 1408 Rege
438 1366 512 1408 apud
536 1364 808 1408 Wstmonasterium‚
826 1366 963 1399 vicesimo
982 1366 1088 1398 oetavo
1107 1365 1154 1397 die
1170 1365 1219 1405 Ja-

159 1418 258 1440 nuaru.

795 1446 849 1474 Per
867 1444 949 1483 ipsum
966 1445 1072 1482 Regem.

162 1574 210 1605 De
233 1572 294 1604 Die
310 1595 322 1612 ‚
347 1568 439 1615 ficper
462 1567 586 1615 praefato
608 1570 808 1650 Matricrinonio
830 1580 886 1600 non
916 1566 1130 1605 concludendo,
1148 1578 1221 1614 pro·

616 1628 707 1663 rogan
730 1629 757 1650 o.

169 1704 252 1759 RE
261 1703 311 1743 X,
328 1702 437 1736 dilectis
455 1704 489 1736 &
508 1703 635 1735 fidelibus
656 1702 707 1734 suis
731 1704 851 1733 Henrico
870 1705 986 1732 Domino
1004 1701 1029 1732 le
1046 1706 1123 1741 Scrop
1142 1701 1224 1733 Con-

244 1743 394 1782 sanguineo
409 1742 524 1781 nostro,
541 1744 651 1780 Hugom'
667 1745 817 1781 Mortymer
839 1741 1009 1780 Armigero,
1024 1743 1141 1772 Henrico
1154 1743 1223 1771 Wa-

164 1789 193 1811 re
208 1782 237 1812 in
250 1790 373 1819 utroque
380 1781 451 1820 Jure
469 1781 650 1819 Licentiam,
668 1780 802 1811 Salutem.
1079 1818 1083 1824 -

203 1820 310 1858 Nuper
326 1819 409 1858 Nos,
427 1829 461 1851 ex
474 1821 556 1851 certis
571 1818 683 1857 Cauiis,
698 1818 767 1848 Nos
781 1819 810 1848 in
823 1827 854 1847 ea
866 1826 942 1857 parte
956 1818 1137 1849 moventibus
1146 1827 1223 1856 ,cer-

165 1864 223 1889 tam
237 1857 458 1889 Promiffionem
472 1858 592 1889 fecimus
605 1857 641 1888 de
652 1856 820 1888 abstinendo
833 1858 869 1887 ab
882 1858 964 1887 omni
978 1856 1138 1887 Contra&u
1153 1856 1224 1886 Ma-

166 1894 322 1929 trimoniali
336 1898 392 1928 five
406 1895 618 1934 Sponsaliorum
629 1895 716 1932 hinc,
732 1895 817 1933 usque
831 1894 865 1925 ad
882 1894 1012 1925 Primum
1027 1894 1116 1926 Diem
1132 1894 1220 1924 Men·

167 1934 201 1965 sls
216 1933 288 1966 Maii
303 1936 436 1975 proximo
450 1933 575 1966 futurum
584 1957 595 1972 ,
612 1934 681 1965 sicut
698 1933 732 1963 ὃτ-
747 1941 831 1972 prout
845 1934 874 1962 in
890 1933 992 1964 Literis
1006 1934 1061 1964 aliis
1072 1934 1154 1964 vobis
1169 1942 1224 1963 tra-

166 1973 248 2012 ditis,
264 1975 298 2005 δε
311 1974 345 2004 ad
357 1981 427 2011 quas
439 1972 508 2004 Nos
519 1972 682 2011 referimus,
697 1971 804 2015 plenius
817 1973 979 2015 continetur
987 1994 996 2010 ,

208 2011 375 2050 Verumque
386 2021 420 2043 ex
434 2013 497 2042 casu
512 2011 625 2041 evenire
638 2010 730 2050 posset
741 2010 840 2048 quod,
859 2020 927 2040 citra
944 2010 1034 2040 Diem
1050 2010 1143 2048 illum,
1163 2020 1226 2041 cer-

168 2058 206 2083 1ae
220 2049 369 2088 Materiae,
385 2052 458 2081 inter
473 2051 532 2079 Nos
546 2051 580 2080 &
593 2047 817 2088 consangumeum
833 2048 947 2089 nostrum
959 2052 1082 2078 Franciae
1096 2059 1146 2086 per
1160 2048 1226 2079 De-

168 2097 278 2128 putatos
298 2086 366 2120 hinc
387 2088 421 2120 &
437 2087 505 2119 inde
523 2087 704 2126 praelocutae,
721 2087 755 2118 ad
774 2086 913 2119 effectum
930 2087 1046 2126 perduci
1065 2097 1125 2118 non
1145 2097 1226 2126 pote-

167 2136 278 2202 rinssos
295 2165 344 2204 (de
356 2165 452 2198 vestris
464 2164 594 2196 fidelitate
606 2166 641 2197 &
663 2163 797 2196 industria
816 2163 924 2204 plenius
942 2163 1128 2200 confidentes)
1144 2165 1227 2195 vobis

168 2203 297 2242 Tribus,
316 2206 360 2236 seu
376 2204 500 2235 Duobus
516 2201 641 2234 vestrum
653 2203 879 2242 committimus,
896 2205 948 2241 &‚
965 2203 1082 2247 Tenore
1100 2202 1226 2246 Praesen-

169 2245 242 2275 tium
251 2266 262 2281 ,
276 2244 388 2275 Damus
404 2242 594 2280 Potestatem,
608 2241 643 2273 ad
656 2241 874 2280 Prorogandum
889 2241 980 2272 Diem
995 2241 1179 2280 praedustum,
1197 2251 1227 2271 in

171 2282 206 2314 &
221 2282 308 2320 usque
320 2282 404 2313 talem
419 2281 509 2312 Diem
523 2281 572 2319 qui
587 2281 669 2312 vobis
685 2281 825 2313 videbitur
837 2280 985 2318 expedire,

209 2318 257 2351 Ac
279 2321 364 2352 etiam
380 2319 416 2351 ad
435 2318 662 2350 Promittendum
715 2329 769 2357 pro
790 2319 888 2350 Nobis
908 2320 942 2350 &
961 2319 1095 2350 Nomine
1113 2318 1230 2357 nostr0,

171 2358 253 2398 quod
262 2380 272 2396 ,
290 2359 375 2397 usque
387 2358 420 2388 ad
429 2356 534 2395 Diem,
553 2367 602 2395 per
610 2367 661 2389 vos
674 2341 869 2396 limitandum,
888 2358 996 2388 nullum
1009 2368 1077 2389 cum
1092 2368 1228 2396 quacum-

196 2407 230 2427 ue
244 2396 370 2429 Muliere
381 2397 449 2435 alia,
465 2397 481 2427 ὲ
497 2398 618 2426 Domina
638 2398 778 2426 Katerina
795 2395 868 2426 Filia
885 2397 962 2438 ipfius
972 2396 1166 2438 Confiznguinei
1183 2407 1231 2426 no-

169 2407 222 2504 }ri
243 2439 382 2474 ancz’ae,
404 2435 629 2475 Comminus,
644 2443 690 2467 aut
708 2435 788 2475 super
807 2445 844 2466 eo
861 2435 1078 2475 quomodolibet
1099 2434 1231 2466 Conclu-

192 2483 271 2504 emus
846 2497 856 2509 ,

211 2498 415 2544 Pror’nittentes
432 2512 518 2551 Nos,
533 2511 612 2543 bona
632 2511 703 2551 fide,
721 2513 754 2544 &
769 2513 799 2542 in
814 2513 903 2544 verbo
920 2512 1034 2552 Regio,
1053 2512 1132 2550 quud
1150 2512 1234 2550 ipsam

175 2549 415 2588 Promissionem,
434 2561 484 2589 per
505 2560 558 2582 vos
576 2552 694 2580 nomine
712 2551 811 2581 nostro
829 2551 986 2582 faciendam
1000 2574 1010 2590 ,
1035 2560 1172 2590 quantum
1200 2551 1233 2581 ad

175 2588 249 2658 Nffi
258 2591 372 2628 attinet,
382 2589 509 2659 {deuter
523 2587 732 2620 observabimus
748 2590 780 2620 δε
794 2590 970 2621 inconcusse.

268 2638 303 2659 cu
314 2639 344 2659 us
415 2638 442 2658 c.

252 2639 445 2706 Teike’Rege
466 2664 540 2707 apud
562 2664 834 2706 Wstmonasterium‚
851 2666 990 2698 vicesimo
1009 2666 1113 2698 ociavo
1134 2667 1178 2698 die
1190 2666 1239 2706 Ja-

176 2714 274 2736 nuarn.

831 2745 885 2773 Per
898 2742 982 2783 ipficm
1002 2746 1105 2782 Regem.

311 2872 361 2904 De
384 2870 530 2916 Navigiis
549 2880 602 2916 pro
625 2867 892 2912 Ambqffiatoribm
912 2867 1086 2912 arestandis.

183 2954 302 3011 REX
312 2979 321 2993 ,
339 2954 444 2986 (111εᾶὶο
459 2954 491 2985 &
507 2953 596 2985 Fideli
613 2954 678 2992 suo,
698 2953 812 2983 Roberto
825 2957 973 2993 Saperton,
990 2954 1130 2986 Servienti
1146 2954 1195 2985 suo
1205 2954 1239 2985 ad

257 2994 342 3023 Arma
381 2993 513 3024 Salutem.

222 3030 298 3061 Scias
316 3016 396 3069 qu’od
414 3032 609 3070 affignavimus
624 3030 673 3061 Te
689 3031 723 3061 ad
740 3039 782 3061 tot
794 3030 872 3061 Navi
895 3031 937 3069 ia,
954 3032 987 3062 &
1003 3031 1170 3063 Marinarios
1184 3032 1239 3063 suf-

185 3068 309 3099 ficientes
327 3079 379 3107 pro
396 3069 517 3107 eisdem,
534 3078 604 3107 quot
620 3079 672 3106 pro
687 3070 818 3100 Tranlitu
835 3070 868 3100 &
908 3069 1024 3108 aflagio,
1043 3079 1102 3101 tam
1119 3071 1239 3112 Ambas-

184 3107 317 3138 fiatorum
334 3107 502 3146 Adversarii
514 3108 594 3147 nostri
608 3111 748 3146 Franciae,
777 3108 846 3137 infra
868 3107 1004 3148 Regnum
1030 3108 1159 3140 nostrum
1178 3113 1241 3140 An-

182 3146 249 3185 gliae
265 3146 324 3183 jam
349 3144 544 3183 existentium,
564 3147 648 3182 quarn
673 3147 912 3177 Ambasstatorum
933 3146 1114 3185 nostrorum,
1136 3158 1170 3178 ac
1190 3158 1240 3178 eo-

187 3194 253 3214 rum
269 3183 446 3214 Servientum
457 3206 466 3221 ,
485 3183 692 3222 Familiarium,
712 3184 874 3222 Bonorum,
892 3184 1022 3223 Rerum,
1041 3186 1073 3216 &
1090 3186 1245 3216 Hernesio-

188 3232 269 3260 rum,
287 3221 379 3252 versus
394 3230 480 3259 partes
503 3221 643 3260 anctae,
660 3224 803 3253 neceffarii
824 3223 943 3260 fuerint,
963 3225 991 3252 in
1015 3224 1158 3254 Portubus
1177 3225 1243 3255 Sut-

190 3261 379 3298 hamptoniae,
398 3259 494 3297 Polae,
514 3257 699 3297 Melcombe,
716 3262 748 3290 ὅ(
764 3261 941 3300 Weymouth
953 3285 962 3300 ,
982 3271 1034 3299 pro
1044 3262 1174 3292 Denariis
1190 3273 1244 3292 no-

191 3297 266 3337 stris,
285 3299 421 3338 prompte
440 3299 473 3328 &
498 3298 696 3327 rationabiliter
713 3299 870 3337 solvendis,
897 3300 1084 3331 Arestandum
1096 3324 1104 3337 ,
1121 3300 1244 3339 Capien-

190 3338 278 3375 dum,
296 3338 329 3368 &
348 3335 559 3366 providendum
570 3358 580 3373 ,
599 3337 632 3367 &
649 3337 677 3365 in
692 3335 869 3375 Obsequium
880 3337 1007 3368 nostrum
1019 3362 1027 3375 ,
1044 3339 1076 3369 ad
1087 3340 1245 3370 deservien-

190 3377 260 3408 dum
279 3375 384 3406 eisdem
402 3372 671 3413 Ambassiatoribus,
685 3375 765 3412 super
780 3375 909 3406 Transitu
926 3377 959 3406 δ’(
979 3376 1105 3416 Paffagio
1123 3378 1174 3408 suis
1193 3378 1244 3408 hu-

189 3414 329 3455 jusmodi,
344 3412 534 3449 Ponendum3

184 3476 187 3477 γ
230 3452 267 3483 Et
286 3453 353 3483 ideo
371 3452 423 3483 tibi
436 3451 619 3489 Praecipimus
637 3450 716 3489 quod
736 3452 810 3481 circa
826 3450 971 3482 Praemiffa
990 3452 1134 3493 diligenter
1154 3456 1246 3485 inten-

185 3490 243 3522 das
253 3513 262 3529 ‚
280 3492 313 3522 &
327 3501 358 3522 ea
380 3490 464 3521 facias
477 3490 509 3520 ὃς
525 3490 665 3527 exequaris
682 3490 710 3518 in
725 3489 815 3520 forma
831 3489 976 3526 praedieta:

234 3529 344 3560 Damus
359 3538 454 3562 autem
474 3528 603 3558 univerlis
625 3528 659 3558 &
678 3527 786 3566 singulis
808 3527 1052 3569 Vicecomitibus,
1071 3530 1249 3571 Majoribus,

198 3567 329 3606 Ballivis‚
357 3566 593 3604 Constabulariis,
611 3566 626 3582 ²*
644 3565 819 3603 Praepofitis,
839 3565 995 3605 Ministris,
1010 3570 1043 3599 ὃ(
1061 3569 1118 3600 aliis
1147 3570 1249 3600 Fideli-

184 3607 253 3638 -bus
270 3607 303 3637 &
322 3606 446 3637 Subditis
465 3605 583 3641 nostris,
601 3612 659 3634 tarn
681 3604 752 3635 infra
776 3606 949 3642 Libertates,
968 3607 1054 3643 qu‘am
1075 3617 1168 3645 extra,
1186 3609 1248 3639 Te-

199 3655 270 3675 nore
283 3643 483 3682 Praesentium,
503 3643 620 3673 firmiter
636 3643 664 3672 in
683 3641 824 3674 Mandatis
843 3643 922 3680 quod
944 3644 1035 3682 Tibi,
1053 3646 1081 3675 in
1095 3646 1248 3678 Executio-

198 3693 236 3713 ne
251 3682 485 3751 Pragmifforum,
502 3681 679 3713 intendentes
696 3681 763 3721 sint,
781 3680 984 3721 Consulentes,
1010 3683 1043 3713 ὃς
1064 3684 1249 3724 Auxiliantes,

199 3730 286 3759 prout
323 3730 393 3752 ecet.

233 3758 269 3789 In
287 3760 384 3798 cujus,
402 3760 462 3791 &c.

274 3796 364 3840 [reste
381 3797 464 3838 Rege
487 3797 563 3838 apud
585 3795 858 3839 westmonasterium,
881 3795 1014 3828 vicefimo
1035 3807 1116 3829 nono
1139 3799 1186 3831 die
1204 3799 1254 3839 Ja-

205 3843 302 3865 ssmrll.

859 3874 911 3904 Per
924 3873 1007 3912 ipfiem
1024 3876 1126 3913 Regem.

239 4086 311 4117 Tom.
329 4087 376 4117 W.
392 4087 426 4116 Ρ.
441 4088 483 4117 ΙΙ.

1287 172 1767 223 PUBLICA.
2247 193 2298 241 67

1322 355 1433 386 Forma
1455 354 1645 399 Treugarum
1667 359 1744 389 inter
1766 361 1866 405 Regna
1891 362 2007 407 Anglii:
2028 365 2064 400 (sy
2092 360 2226 405 Castellae.

1322 437 1443 467 Overint
1458 438 1576 469 universi
1599 440 1631 471 &
1653 439 1764 478 singuli,
1782 443 1926 478 praesentes
1951 445 2058 476 Literas
2083 446 2249 486 inspetsturi,
2267 449 2300 480 &

1244 475 1476 543 Gordgtqffituri,
1500 477 1579 515 quod
1605 487 1660 517 ego
1679 478 1825 517 Johannes
1851 483 1991 521 Roderici,
2016 485 2242 517 Archidiaconus
2265 487 2300 517 dc

1282 536 1459 595 Illustriffi'tni
1475 561 1507 582 ac
1524 552 1714 596 Potentiffimi
1736 554 1876 593 Principis
1897 558 1930 587 &
1948 557 2088 598 Domini,
2105 561 2227 592 Domini
2246 561 2303 601 Jo-

1245 586 1366 624 hannis>
1385 589 1442 619 Dei
1460 590 1563 629 gratia,
1581 594 1659 629 Regis
1681 592 1804 631 Castellae
1822 593 1861 629 ὀ·
1880 597 2004 633 Legionis
2029 598 2210 638 Secretarius,
2231 602 2304 632 Am-

1248 626 1395 665 basfiator,
1414 628 1469 658 five
1488 628 1643 666 Nuncius,

1284 663 1338 694 Per
1355 666 1496 703 eundem,
1515 666 1725 698 Sereniffimum
1745 668 1910 700 Dominum
1932 680 2029 702 meum
2056 674 2182 714 Regem,
2204 677 2237 707 ad
2256 678 2300 707 in-

1245 701 1385 739 frascripta
1408 702 1558 740 specialiter
1583 705 1727 742 deputatus
1746 731 1756 745 ,
1781 708 1884 738 habens
1908 709 2057 746 plenariam
2083 712 2252 744 Potestatem
2271 725 2304 746 ac

1248 739 1418 770 Mandatum
1435 743 1560 779 generale
1574 743 1606 773 ὃ(
1625 743 1741 780 speciale
1756 746 1788 775 ad
1812 745 2054 778 Conveniendum
2069 750 2101 779 &
2111 750 2305 783 Traetandum

1246 787 1333 814 curn,
1350 778 1533 809 Sereniffimo
1551 780 1700 818 Principe,
1720 785 1835 813 Domino
1855 787 1989 821 Henrico,
2010 786 2110 818 eidem
2134 791 2234 827 gratia,
2252 795 2305 820 Re-

1244 826 1277 852 ge
1297 815 1430 858 Angliae,
1446 816 1665 857 Consanguineo
1684 820 1750 858 suo,
1769 822 1814 851 seu
1833 822 1888 851 alio
1904 823 1946 853 vel
1969 824 2045 862 aliis,
2064 835 2113 861 per
2134 827 2240 865 ipsum,
2256 829 2307 860 Se-

1248 853 1423 884 reniffimum
1441 854 1607 886 Dominum
1624 860 1720 895 Regem
1738 858 1850 896 Angliae
1875 861 2037 897 deputando
2058 864 2102 893 seu
2126 864 2307 904 deputandis,

1249 891 1328 931 super
1341 892 1419 960 Τένου
1437 894 1461 937 ,ῖς
1475 893 1589 933 fiendis,
1607 896 1640 926 &
1662 898 1803 928 nonnullis
1826 898 1883 928 aliis
1902 898 2036 939 Negotiis
2060 902 2258 940 pertradiandis
2273 904 2308 934 &

1250 939 1358 960 concor
1378 941 1412 961 an
1434 942 1474 971 is,

1284 967 1342 998 Pro
1355 968 1555 1009 adimplendo,
1572 971 1641 1002 dieti
1657 972 1828 1003 Sereniffimi
1849 973 2003 1014 Principis,
2024 975 2148 1008 Domini
2176 980 2233 1008 mei
2255 981 2320 1018 Re·-

1245 1010 1285 1045 gis
1303 1007 1427 1047 Castellae
1443 1007 1481 1043 ὠ»
1496 1012 1640 1049 Legionis,
1661 1010 1819 1049 Mandato,
1839 1022 1923 1051 prout
1939 1015 2019 1045 decet
2036 1016 2064 1044 in
2077 1016 2130 1047 hac
2147 1025 2233 1054 parte,

1288 1045 1335 1075 Ad
1356 1045 1535 1077 Praesentiam
1551 1048 1637 1087 dieti,
1664 1048 1837 1080 Sereniffimi
1863 1051 2016 1091 Principsss,
2034 1053 2158 1084 Domini
2179 1057 2310 1093 Henrici,

1250 1092 1331 1122 nuper
1347 1088 1424 1122 Regis
1442 1086 1556 1123 Angliae
1566 1108 1576 1124 ,
1596 1096 1642 1118 me
1656 1087 1802 1125 transtuli,
1819 1089 1853 1119 ad
1870 1089 2110 1122 Conveniendum
2124 1095 2157 1125 ὃ(
2171 1094 2311 1123 Τωξὲεη-

1251 1121 1322 1151 dum
1337 1132 1406 1153 cum
1426 1124 1549 1163 eodem,
1568 1125 1612 1155 seu
1630 1125 1684 1156 alio
1698 1126 1742 1157 vel
1759 1127 1831 1164 aliis,
1847 1137 1896 1166 per
1915 1130 2004 1166 ipsum
2028 1130 2240 1162 Sereniffimum
2257 1135 2310 1161 Re-

1249 1171 1308 1197 gem
1323 1160 1436 1198 Angliae
1453 1160 1627 1199 Deputando
1646 1164 1702 1194 sive
1718 1163 1765 1195 De
1787 1166 1914 1203 utandis,
1934 1168 2013 1205 super
2028 1169 2145 1208 Treugis
2166 1169 2263 1199 fiendis
2276 1170 2310 1200 ὃς

1253 1198 1414 1242 firmandis,
1429 1199 1462 1230 δε
1475 1200 1532 1229 aliis
1546 1200 1678 1238 Negotiis
1693 1212 1757 1241 quae
1797 1213 1886 1234 onum
1904 1206 1937 1236 &
1951 1206 2191 1245 Tranquillitatem
2213 1208 2310 1238 amba-

1254 1246 1318 1266 rum
1334 1235 1459 1267 Parttum
1476 1239 1509 1269 &
1528 1237 1712 1269 Subditorum
1725 1242 1891 1272 eorumdem
1906 1253 2076 1276 concernere
2090 1247 2219 1284 possunt,

1292 1275 1381 1312 Super
1399 1276 1499 1314 quibus
1512 1276 1620 1314 dietus,
1635 1277 1826 1309 Serenisfimus
1841 1279 1989 1320 Princeps,
2009 1282 2154 1316 Dominus
2168 1288 2226 1313 Rex
2246 1287 2313 1314 An-

1252 1311 1315 1350 gliae
1332 1313 1412 1343 suum
1429 1313 1574 1343 constituit
1584 1315 1821 1347 Ambaffiatorem
1837 1317 1890 1349 five
1898 1319 1932 1348 N
1936 1322 2068 1359 uncium,
2087 1331 2135 1360 per
2150 1323 2207 1354 suas
2217 1320 2298 1353 Com
2308 1340 2314 1345 -

1259 1349 1394 1380 miffionis
1408 1351 1529 1390 Lirem,
1550 1351 1746 1385 Venerabilem
1763 1354 1880 1392 Virum,
1899 1356 2064 1389 Dominum
2081 1360 2239 1398 Johannem
2255 1363 2315 1390 Ho-

1258 1388 1409 1428 nyngham,
1429 1389 1540 1429 Legum
1561 1393 1695 1422 eximium
1719 1391 1927 1432 Profefforem,
1945 1396 2184 1429 Archidiaconum
2204 1400 2315 1430 Dunel-

1261 1428 1406 1466 mensem,
1433 1428 1702 1468 Prorhoriotarium,
1721 1430 1754 1460 ad
1782 1429 2023 1464 Conveniendum
2048 1446 2162 1467 mecum
2185 1439 2217 1468 ὃς
2240 1439 2314 1469 Tra-

1261 1466 1396 1496 &andum
1422 1467 1500 1505 super
1522 1467 1642 1507 Treugis
1660 1468 1794 1507 iniendis,
1818 1470 1851 1501 &
1869 1470 1927 1500 aliis
1944 1472 1972 1502 in
1995 1472 2094 1504 Literis
2117 1485 2189 1506 meae
2208 1477 2240 1507 ὃς
2259 1478 2314 1507 suae

1262 1503 1409 1535 Potest-atis
1421 1506 1580 1543 contentis,

1303 1580 1433 1650 &iarum
1460 1581 1573 1621 quidem
1601 1581 1846 1617 Commiffionum
1872 1584 2003 1618 Tenores
2023 1587 2173 1626 sequuntur
2197 1590 2228 1620 in
2253 1590 2315 1621 haec

1261 1629 1304 1651 ver
1331 1630 1363 1658 a,

1260 1696 1449 1765 Johanne5‚
1476 1697 1533 1729 Dei
1557 1697 1661 1738 gratia,
1683 1702 1742 1730 Rex
1763 1700 1885 1740 Castellae
1905 1701 1942 1738 ὠ·
1967 1705 2108 1742 Legionis,
2132 1705 2264 1736 universis
2283 1707 2316 1738 δε

1299 1737 1442 1804 1singulis,
1459 1737 1494 1767 ad
1507 1748 1577 1805 qgos
1615 1738 1739 1770 raesentes
1752 1739 1867 1771 Litterae
1881 1743 2073 1780 pervenerint,
2090 1743 2224 1773 Salutem.

1337 1784 1448 1806 overrtis
1487 1786 1526 1806 uo
1602 1786 1633 1806 os

1298 1811 1349 1843 De
1366 1785 1494 1844 fidelitaile
1511 1814 1545 1844 &
1569 1800 1834 1855 circu'mspefflone,
1853 1816 1949 1847 dilecti
1972 1818 2082 1858 nostri,
2098 1817 2239 1857 Johannis
2263 1824 2317 1851 Ro-

1258 1850 1356 1919 ιέιὲνίεἰ,
1374 1852 1578 1883 Archidiaconi
1591 1853 1628 1883 de
1643 1852 1815 1894 Gordonio,
1832 1855 1979 1887 Secretarii
1993 1858 2100 1895 nostri,
2119 1858 2226 1896 plenius
2247 1869 2318 1890 con-

1299 1899 1388 1928 entei,

1296 1927 1391 1965 Ipsum
1415 1929 1534 1960 fecimus
1559 1930 1592 1961 &
1606 1929 1804 1962 constituimus
1828 1932 2065 1964 Ambaffiatorem
2083 1934 2138 1966 five
2164 1935 2319 1966 Nuncium

1260 1966 1409 2006 nostrum,
1427 1969 1461 1998 ad
1483 1967 1725 2000 Conveniendum
1744 1970 1776 2000 &
1795 1971 1989 2002 Tractandum
2013 1983 2083 2003 curn
2100 1996 2110 2011 ,
2133 1973 2317 2004 Sereniffimo

1261 2003 1393 2046 Principe
1431 2009 1548 2037 Henrico
1566 2011 1635 2044 Rege
1651 2007 1781 2046 Angliae,
1800 2008 2017 2050 Consanguineo
2037 2011 2135 2041 nostro
2155 2011 2317 2051 cariffimo,

1261 2052 1309 2074 aut
1324 2044 1377 2075 alio
1394 2029 1438 2075 {eu
1449 2045 1508 2076 aliis
1521 2055 1569 2082 per
1585 2046 1676 2083 ipsum
1689 2047 1881 2086 Deputandis,
1899 2049 1979 2087 super
1994 2049 2072 2080 Treu
2095 2051 2115 2080 is
2129 2049 2225 2081 fiendis
2245 2052 2316 2081 inter

1262 2083 1323 2112 Nos
1339 2084 1371 2115 δε
1381 2083 1482 2114 dicium
1491 2084 1840 2125 RegemConsanguineum
1853 2086 1982 2117 nostrum
1998 2090 2051 2117 cari
2076 2088 2320 2126 imum,nostros-

1263 2130 1319 2159 que
1332 2120 1465 2153 Subditos
1479 2123 1513 2154 &
1533 2123 1609 2161 suOS,
1624 2131 1682 2153 tam
1706 2134 1754 2162 per
1770 2125 1910 2169 Terram,
1927 2130 2014 2163 quam
2028 2136 2075 2165 per
2091 2126 2191 2165 Mare,
2207 2128 2240 2157 ad
2256 2137 2318 2158 tan-

1263 2168 1343 2198 turn,
1370 2162 1403 2192 ὅ(
1427 2170 1476 2201 per
1500 2170 1610 2192 tantum
1634 2170 1760 2203 tempus,
1785 2173 1871 2204 prout
1895 2174 1967 2195 inter
1992 2166 2063 2204 ipsos
2085 2165 2139 2197 fuit
2164 2166 2320 2197 concorda-

1263 2206 1325 2228 tum

1300 2221 1434 2269 N'ecnon
1448 2238 1482 2269 ad
1498 2237 1747 2271 Concordandum
1766 2241 1844 2281 super
1860 2243 1941 2273 certis
1954 2241 2012 2273 Die
2033 2243 2066 2275 &
2081 2243 2184 2282 Loco,
2199 2244 2232 2274 ad
2250 2253 2320 2282 quos

1262 2274 1420 2315 solempnes
1432 2277 1651 2309 Ambaffiatores
1670 2278 1757 2309 nostri
1773 2281 1960 2318 conveniant,
1978 2283 2005 2311 in
2016 2281 2186 2312 Confinibus
2202 2282 2321 2321 Regno-

1263 2323 1330 2344 rum
1344 2315 1528 2354 nostrorum,
1548 2327 1616 2347 curn
1634 2317 1773 2347 Potestate
1787 2317 1934 2349 sufficienti
1952 2319 1986 2349 ad
2007 2318 2225 2351 Procedendum
2248 2331 2319 2351 curn

1265 2352 1517 2386 Ambaffiatoribus
1534 2354 1619 2392 diffl,
1637 2354 1808 2386 Sereniffimi
1821 2355 1976 2394 Principis,
1994 2360 2070 2395 Regis
2089 2358 2215 2396 Angliae,
2235 2359 2319 2389 Con-

1265 2390 1406 2431 [anguinei
1420 2393 1508 2423 nostri
1523 2392 1671 2431 cariffimi,
1690 2393 1768 2431 super
1791 2394 1980 2433 Reparatione
1993 2397 2232 2435 Attemptatorum
2250 2408 2321 2428 eon-

1268 2438 1308 2461 tra
1320 2431 1449 2468 Treugas
1467 2432 1501 2463 &
1521 2432 1595 2461 aliter
1615 2432 1786 2471 Fastorum,
1800 2433 1954 2464 secundum
1975 2435 2052 2473 quod
2079 2435 2131 2466 fuit
2153 2436 2322 2466 Concorda-

1269 2477 1331 2499 tum
1346 2470 1379 2500 &
1396 2469 1628 2508 Appuncstuatum
1652 2471 1680 2500 in
1702 2472 1834 2508 captione
1856 2473 1888 2503 ὅτ.
1911 2472 2023 2503 datione
2040 2473 2238 2512 Treugirum,
2256 2485 2325 2512 per,

1270 2508 1375 2538 inciitae
1392 2509 1554 2545 memoriae,
1575 2508 1790 2544 progenitorem
1810 2510 1905 2547 suum,
1922 2514 2016 2548 Regem
2033 2512 2163 2550 Angla,
2183 2514 2323 2544 Avuncu-

1270 2546 1332 2575 lum
1350 2547 1497 2585 nostrum,
1512 2546 1571 2576 ali-:is
1585 2547 1720 2577 factarum
1736 2549 1769 2579 &
1783 2549 1986 2579 concessarum,

1310 2583 1343 2614 [n
1363 2586 1441 2631 cujus
1465 2586 1504 2614 rei
1528 2583 1743 2615 Testimonium
1769 2586 1912 2624 praesentes
1931 2587 2037 2618 nostras
2056 2587 2185 2619 Parentes
2206 2589 2324 2626 Literas,

1273 2622 1371 2654 nostro
1386 2623 1482 2661 &gillo
1496 2622 1613 2653 Secreto
1630 2623 1657 2652 in
1677 2624 1810 2663 pendenti
1836 2627 1971 2663 munitas,
1987 2637 2020 2656 ac
2036 2626 2185 2665 Nomine,
2204 2628 2325 2658 Serenis-

1273 2661 1349 2691 fimce
1373 2661 1528 2699 Dominae,
1545 2661 1697 2691 Catherinae
1726 2662 1847 2701 Castellae
1863 2662 1900 2699 (ἐν
1920 2666 2044 2701 Legionis
2068 2668 2175 2702 Reginae
2203 2669 2327 2704 Matris,

1273 2700 1306 2729 ὃς
1322 2699 1463 2730 Domine
1477 2699 1582 2730 nostrae
1593 2723 1601 2738 ,
1615 2702 1737 2738 gerentis
1751 2701 1784 2731 ad
1800 2702 1914 2740 praesens
1931 2702 2018 2732 nostri
2040 2704 2073 2734 &
2088 2702 2258 2742 Regnorum
2274 2715 2327 2734 no-

1272 2738 1393 2769 strorum
1408 2738 1535 2776 Curam,
1551 2738 1699 2776 Tutelam,
1719 2738 1880 2778 Regimen,
1900 2740 2195 2779 Administrationem‚
2214 2744 2245 2774 &c
2262 2742 2327 2773 Gu-

1272 2778 1482 2815 bernationem,
1500 2777 1658 2816 roboratas,
1684 2778 1716 2808 &
1738 2778 1818 2816 iplius
1836 2779 1998 2810 auctoritare
2017 2779 2146 2810 duximus
2169 2782 2333 2812 conceden-

1276 2816 1332 2846 das.

1310 2853 1377 2884 Dat.
1393 2856 1477 2883 Tauri
1488 2852 1532 2884 die
1545 2853 1647 2884 οᾶανᾶ
1666 2852 1773 2884 Menfis
1794 2854 1930 2894 Augusti,
1950 2855 2036 2885 Anno
2051 2857 2067 2886 ὲ.
2086 2855 2245 2888 Nativitare
2264 2856 2329 2888 Do-

1273 2893 1343 2922 mini
1359 2891 1514 2922 Milleiimo
1531 2892 1815 2932 Qudringentelimo
1829 2903 1912 2924 tertio
1928 2894 2051 2924 decimo.

1888 2973 1942 3000 ΥΟ
1969 2972 2045 3001 LA
2069 2973 2251 3004 REYNA.

1278 3057 1497 3113 *HEnricus,
1523 3056 1579 3086 Dei
1597 3056 1681 3101 gratia
1694 3080 1704 3096 ,
1724 3059 1784 3087 Rex
1801 3057 1912 3095 Angliae
1932 3057 1970 3093 ό.
1992 3063 2130 3102 Framiae’
2149 3058 2188 3095 ό
2204 3064 2334 3090 Dominus

1283 3097 1528 3163 SalUtCIr-leiberniae,
1546 3094 1708 3134 Omnibus,
1728 3097 1760 3126 ad
1782 3107 1852 3135 quos
1868 3100 2013 3135 praelentes
2029 3099 2130 3129 Literze
2144 3101 2336 3137 pervenerint,

1317 3171 1414 3209 Cum,
1430 3171 1624 3203 Illustriffimus
1637 3172 1785 3210 Princeps,
1802 3171 1961 3210 Johannes,
1979 3172 2079 3204 eidem
2095 3174 2197 3213 gratici,
2214 3178 2273 3205 Rex
2280 3178 2334 3204 Ca·

1274 3208 1362 3248 stellae
1375 3209 1413 3244 ὠ
1431 3213 1570 3248 Legionis,
1591 3210 1822 3250 consanguineus
1843 3210 1937 3242 noster
1952 3212 2121 3250 cariffimus,
2139 3223 2248 3243 certum
2261 3214 2335 3244 Am-

1282 3247 1459 3278 baffiatorem
1471 3250 1551 3278 suum
1567 3249 1622 3279 live
1637 3249 1791 3280 Nuncium
1811 3250 1964 3287 (videlicet)
1990 3249 2188 3281 Venerabilem
2213 3251 2333 3289 Virum,

1280 3285 1439 3324 Johannem
1463 3287 1583 3316 Roderici
1599 3310 1609 3324 ,
1633 3287 1875 3318 Archidiaconum
1894 3289 1929 3317 de
1950 3288 2123 3325 Gordonio,
2150 3290 2337 3320 Secretarium

1281 3325 1359 3354 suum
1373 3347 1382 3363 ,
1401 3325 1435 3355 ad
1451 3325 1586 3364 Regnum
1600 3325 1731 3357 nostrum
1746 3327 1861 3363 Angliae
1875 3325 2037 3364 transmilit,
2054 3329 2087 3357 ad
2095 3327 2337 3358 Conveniendum

1282 3363 1315 3393 &
1329 3363 1543 3402 Trastandum,
1557 3364 1612 3394 unit
1625 3365 1772 3395 nobiscum
1782 3388 1791 3403 ,
1808 3366 1853 3395 seu
1875 3365 1930 3394 alio
1955 3365 1996 3395 vel
2011 3366 2035 3395 al
2047 3366 2068 3395 is
2086 3376 2134 3404 per
2156 3366 2224 3397 Nos
2238 3368 2336 3406 Depu-

1282 3400 1385 3440 tandiS,
1402 3402 1437 3432 de
1452 3403 1485 3433 &
1499 3402 1578 3439 super
1592 3402 1643 3432 hiis
1656 3412 1718 3440 quae
1734 3402 1859 3442 Bonum,
1877 3402 2032 3441 Pacem,&
2046 3404 2289 3443 Tranquillitatem
2306 3415 2336 3435 u—

1281 3440 1400 3478 triufique
1414 3439 1511 3478 Regni
1524 3450 1697 3472 concernere
1716 3442 1850 3481 possunt,

1360 3488 1379 3507 o

1321 3478 1583 3555 &rsfflubditorum
1597 3517 1760 3549 nostrorum
1776 3519 1918 3556 quietem,
1935 3518 2036 3549 nostris
2056 3520 2209 3558 praesertim
2226 3529 2338 3559 ternpo-

1286 3555 1378 3623 reitbus,
1396 3554 1508 3585 summis
1524 3555 1660 3586 desideriis
1675 3558 1847 3595 appetimus,
1863 3559 1895 3588 &
1913 3559 1960 3596 qui
1976 3558 2162 3596 pulcritudine
2177 3559 2254 3590 Pacis
2265 3558 2341 3588 dele-

1321 3603 1415 3631 amur,

1325 3631 1370 3660 Ad
1386 3631 1540 3662 Honorem
1560 3630 1632 3669 Dei,
1647 3632 1758 3670 ejusque
1772 3632 1960 3664 Sacrosamstae
1974 3633 2104 3665 Ecclefiae
2120 3635 2287 3672 Unitatem,
2306 3643 2340 3664 ac

1287 3669 1321 3701 ad
1334 3669 1497 3700 evitandum
1511 3669 1637 3700 Humani
1649 3671 1794 3710 Sanguinis
1808 3671 1991 3710 effusionem,
2008 3673 2112 3712 aliaque
2127 3673 2257 3709 Dampna
2273 3675 2341 3702 irre-

1287 3707 1432 3747 parabilia,
1458 3717 1522 3745 quae
1543 3707 1630 3739 indies
1648 3708 1714 3738 dirae
1737 3709 1909 3740 Guerrarum
1933 3713 2080 3749 voragines
2098 3711 2289 3748 deduxerunt,
2307 3710 2341 3740 &

1289 3746 1430 3778 deducent
1445 3746 1626 3777 verilimiliter
1639 3747 1668 3777 in
1682 3748 1825 3787 futurum,
1844 3750 1894 3779 nili
1908 3748 1943 3778 de
1953 3749 2093 3778 Remedio
2109 3750 2137 3778 in
2150 3759 2181 3779 ea
2193 3758 2268 3786 parte
2275 3758 2341 3788 pro·

1291 3784 1414 3818 videatur
1428 3793 1588 3822 oportuno,

1330 3821 1469 3890 1ΐῖ]οὲῑῇ
1470 3823 1499 3851 in
1513 3823 1565 3852 hiis
1580 3824 1613 3854 ὃς
1627 3823 1660 3854 ad
1674 3833 1705 3854 ea
1719 3824 1890 3864 praebuimus
1902 3823 2077 3854 Consensum
2093 3824 2127 3854 &
2143 3823 2309 3864 Assensum,

1368 3870 1386 3889 n
1408 3869 1423 3889 e
1470 3870 1520 3899 os,

1332 3897 1381 3927 De
1396 3897 1555 3936 prudentia,
1576 3900 1845 3938 circumspefflone,
1864 3899 2010 3937 fidelitate,
2029 3900 2062 3930 δε
2084 3899 2233 3941 industria,
2246 3902 2347 3934 dilecti

1298 3935 1402 3973 nostri,
1421 3935 1552 3975 Magistri
1567 3938 1707 3975 Johannis
1726 3938 1917 3977 Honyngham,
1937 3938 2049 3976 Legum
2068 3937 2222 3978 Dosioris,
2242 3941 2345 3973 Archi-

1297 3974 1409 4005 diaconi
1425 3973 1648 4010 Dunolmenfiss
1667 3977 1873 4006 prothonotarii
1895 3975 1982 4004 nostri
2018 3976 2137 4014 plenarie
2155 3978 2346 4018 confidentes,

1335 4011 1431 4048 Ipsum
1444 4011 1575 4045 Fecimus
1593 4015 1626 4045 &
1648 4014 1854 4044 Constituimus
1871 3997 2107 4054 Ambasiiatorem
2123 4015 2179 4046 five
2194 4017 2228 4046 N
2232 4019 2352 4048 uncium

1299 4050 1446 4089 nostrum,
1462 4050 1498 4082 ad
1511 4052 1751 4085 Conveniendum
1774 4052 1806 4082 &
1821 4051 2015 4083 Tractandum
2031 4061 2100 4084 cum
2113 4053 2212 4094 dieto,
2227 4055 2351 4087 Illustris-

1806 4086 1819 4119 I
1838 4098 1857 4119 2
2280 4093 2352 4125 iimo

2317 267 2393 299 Ann.
2406 267 2450 299 D.

2344 315 2429 345 1414.

2319 349 2382 373 Heu.
2401 354 2430 380 5.

2322 435 2398 466 Ann.
2412 436 2450 467 D.

2342 483 2429 512 1414.

2319 516 2372 541 An.
2397 523 2420 541 1.

2321 555 2355 579 H.
2374 560 2401 586 5.

2325 593 2361 616 Ex
2379 592 2436 616 Au-

2324 635 2392 664 togr.

2353 3064 2372 3083 ²*
2388 3065 2441 3093 lX.

2357 3105 2419 3131 106.
