2562 4274
679 206 791 254 ET
872 207 1132 253 ACTA
1214 206 1688 256 PUBLICA.

6 326 84 360 Arm.
97 325 142 358 D.

28 365 110 404 ¹4²6'
213 383 511 435 ProbMercatoribus
525 384 561 418 de
576 387 686 432 Hanfh
705 384 741 419 de
759 383 968 418 Aldermanno
985 385 1134 432 affignato.

7 411 69 436 Hm.
89 406 117 433 6.

7 474 61 502 An.
74 480 102 506 4.
216 469 242 501 E
252 469 299 508 X,
315 467 420 501 dileeto
441 470 490 501 fibi
506 494 516 508 ‚
542 469 690 500 Willielmo
709 473 858 501 Crowmere
869 469 1063 502 Aldermanno
1078 468 1208 502 Civitatis

11 513 46 539 H.
65 510 92 535 6-
230 508 334 539 nostrae
352 508 530 547 Londoniae‚
546 509 678 540 Salutem.

11 552 72 576 Par.
89 555 118 582 4.
194 545 426 584 Supplicaverunt
447 548 533 578 nobis
549 551 714 577 Mercatores
731 545 762 575 de
785 549 854 576 Han
867 559 885 576 a
899 547 931 577 de
945 547 1121 585 Almannia‚
1139 546 1211 577 infra

12 586 142 621 H.6.p.2-
157 581 297 626 Regnum
312 584 441 616 nostrum
457 585 571 623 Angliae
589 584 770 624 Refidentes,
786 595 835 623 per
874 587 1023 617 etitionem
1037 585 1131 623 suam,
1157 594 1210 615 no-

12 633 49 652 m.
71 632 113 651 12.
155 620 198 653 b1s
213 625 242 653 in
256 624 382 661 praesenti
397 623 585 654 Parliamento
598 623 695 653 nostro
716 624 883 661 exhibitam,
901 631 950 662 ut,

194 661 291 700 Cum,
308 663 381 693 inter
397 670 509 693 caeteras
525 661 697 698 Libertates‚
715 662 835 699 praefatis
851 661 1059 693 Mercatoribus
1075 671 1124 700 per
1139 660 1209 691 Car-

159 706 198 730 tas
219 700 376 731 Nobilium
401 700 620 738 Progenitorum
641 699 803 730 nostrorum
818 722 827 738 ‚
845 701 991 738 quondam
1012 700 1131 738 Regum
1149 700 1212 730 An—

156 739 238 777 gliae,
257 738 413 769 Conceffas
427 738 460 769 ὃς
478 736 680 776 confirmatas,
700 737 878 769 Concessum
897 739 928 770 fit
940 739 1044 770 eisdem
1058 737 1138 777 quod
1169 739 1211 767 ui-

160 776 227 807 dam
241 777 347 814 probus
360 777 393 807 &
405 775 535 807 discretus
552 775 682 807 Civitatis
696 776 837 813 praediCtae
858 776 1005 816 affignetur
1021 777 1114 815 Judex
1171 786 1214 806 er-

161 815 302 846 catoribus
315 813 470 852 praedietis,
487 825 584 846 coram
596 825 655 853 quo
671 815 756 845 iidem
772 815 947 846 Mercatores
966 816 1075 847 valeant
1089 815 1214 853 speciali-

161 861 204 884 ter
221 851 355 884 Placitare
366 853 400 883 &
419 852 524 883 Debita
545 853 590 884 sua
614 853 741 884 celeriter
754 852 933 891 Recuperare
953 854 984 891 (fi
1001 853 1097 892 Major
1112 854 1145 884 ὅτ
1163 853 1214 883 Vi-

160 892 315 922 cecomites
336 890 496 922 Londoniae
520 892 559 921 eis
578 901 636 922 non
653 891 776 921 facerent
790 914 800 929 ,
826 892 862 921 de
881 891 926 922 die
947 893 977 921 in
997 890 1073 921 diem
1089 915 1098 929 ‚
1120 891 1216 921 celeris

158 928 280 968 Justitiae
294 930 538 968 complementum
569 929 606 959 de
620 929 780 967 hujusmodi
796 929 892 960 Caufis
909 940 972 968 quae
985 931 1056 960 inter
1068 929 1215 960 Mercato-

161 977 223 998 rem
239 967 272 998 δε
287 966 483 999 Mercatorem
496 978 512 999 e
538 976 585 997 ent
599 968 753 1003 impetrata:
767 989 777 1005 ,
801 967 957 998 secundum
975 968 1085 1005 Legem
1102 967 1217 998 Merca—

160 1007 263 1036 toi-iam
278 1006 466 1044 deducendis,
484 1013 569 1044 prout
583 1006 613 1036 in
631 1004 720 1036 Cattis
736 1005 769 1036 &
788 1005 1065 1038 Confirmationibus
1077 1006 1217 1045 praedirstis

160 1044 269 1083 plenius
283 1046 445 1075 continetur

196 1082 285 1121 Cujus
305 1081 420 1120 quidem
442 1066 644 1113 (lonceffionis
666 1081 843 1113 Arndtoritate
864 1083 971 1120 praefari
988 1082 1164 1114 Mercatores
1178 1082 1213 1113 de

159 1120 270 1160 Hansa,
288 1121 318 1151 in
342 1121 498 1152 Londonia
519 1120 683 1151 Refldentes
701 1144 710 1160 ,
727 1131 742 1151 a
760 1130 892 1160 tempore
909 1126 921 1138 ³
938 1123 1128 1153 confefflonis
1143 1121 1216 1152 Car-

160 1168 252 1191 tarum
282 1159 482 1197 praedictarum
499 1182 509 1197 ‚
537 1160 695 1190 habuerunt
720 1170 809 1190 unum
835 1160 1061 1191 Aldermannum
1085 1160 1216 1191 Civitatis

159 1198 303 1238 praedietae
320 1200 358 1229 eis
383 1198 546 1237 affignatum
566 1209 620 1236 pro
641 1208 742 1229 eorum
756 1198 855 1236 Judice
870 1222 879 1237 ‚
898 1209 950 1237 pro
965 1198 1116 1230 resistendo
1134 1197 1218 1229 Con-³

161 1236 303 1268 troverfiae
314 1247 348 1267 ac
362 1236 525 1275 Deperditis
539 1238 572 1269 &
588 1236 728 1276 Dampnis
744 1238 906 1275 immensis,
930 1248 995 1275 quae
1011 1240 1082 1268 inter
1101 1236 1216 1268 Merca-

160 1283 255 1306 torem
267 1276 301 1306 &
317 1274 512 1306 Mercatorem
525 1285 578 1313 pro
592 1275 678 1306 causis
692 1275 830 1313 praedietis
849 1274 953 1314 poffint
968 1278 1081 1306 evenire
1092 1297 1102 1313 ‚
1130 1275 1149 1305 fi
1163 1275 1219 1306 hu-

158 1313 282 1352 jusmodi
292 1312 384 1352 Judex
403 1324 463 1344 non
481 1313 556 1344 foret
570 1312 743 1353 Affignatus,

204 1351 250 1382 Ac
266 1352 302 1383 ita
315 1352 347 1382 fit
362 1352 442 1390 quod
455 1352 542 1383 iidem
556 1352 750 1391 Mercatores,
769 1362 817 1390 per
836 1352 952 1391 spatium
976 1352 1090 1390 Septem
1115 1351 1218 1382 Anno-

164 1394 230 1420 rum
248 1391 282 1422 &
298 1391 430 1428 amplius,
447 1391 569 1422 destituti
586 1391 688 1421 fuerint
701 1391 737 1421 de
751 1401 850 1421 eorum
863 1391 1053 1422 Aldermanno
1069 1390 1216 1428 praedicm,

201 1427 260 1458 Pro
276 1436 312 1458 eo
331 1429 408 1466 quod
425 1428 519 1468 Major
536 1452 546 1468 ‚
571 1429 773 1468 Aldermanni,
801 1431 834 1461 ὃς
854 1430 1047 1460 Vicecomites
1063 1430 1147 1460 diecae
1166 1428 1219 1459 Ci-

163 1467 255 1498 vitatis
275 1468 407 1504 praefatos
426 1468 604 1499 Mercatores
631 1468 753 1506 aliquem
776 1468 933 1507 hujusmodi
959 1467 1218 1498 Aldermannorum

162 1506 202 1535 eis
216 1515 268 1542 pro
280 1515 381 1536 eorum
391 1506 494 1544 Judice
506 1506 552 1537 asfi
574 1507 632 1536 nari
647 1508 806 1546 permittere
820 1507 986 1545 noluerunt,

202 1543 376 1582 Qanquam
389 1546 418 1575 in
433 1545 537 1576 ultimo
578 1545 741 1576 arliamento
760 1545 858 1576 nostro
873 1569 883 1584 ,
901 1546 974 1583 apud
992 1543 1221 1576 Westmonaste-

163 1582 238 1612 tium
263 1581 353 1613 Anno
373 1583 471 1623 Regni
492 1583 580 1614 nostri
603 1583 709 1614 Tertio
723 1592 821 1621 tento,
838 1584 874 1614 de
886 1585 1056 1615 avisamento
1070 1583 1220 1613 Domino-

161 1629 228 1650 rum
249 1620 440 1658 Spiritualiurn
462 1622 496 1653 &
517 1622 734 1660 Temporalium
746 1644 756 1659 ‚
783 1622 812 1651 in
833 1621 936 1652 eodem
956 1620 1143 1652 Parliamento
1163 1622 1222 1650 exi-

161 1657 313 1697 stentium,
331 1659 512 1691 Concessum
526 1660 610 1691 fuerit
623 1661 656 1691 &
672 1659 851 1690 Inaetitatum
874 1659 955 1697 quod
971 1661 1054 1691 iidem
1071 1658 1219 1690 Mercato-

162 1707 206 1727 res
218 1696 352 1729 haberent
369 1698 595 1729 Aldermannum
612 1697 693 1728 suum
710 1698 746 1728 eis
760 1697 955 1737 Affignatum,
973 1707 1057 1736 prout
1070 1699 1222 1736 antiquitus

162 1735 265 1766 habere
281 1736 503 1774 consueverunt,

202 1773 248 1804 Eo
271 1773 349 1812 quod
369 1775 399 1804 in
415 1774 519 1805 eodem
541 1773 730 1805 parliamento
750 1774 846 1812 aliquis
860 1773 1047 1805 Aldermanus
1068 1774 1096 1804 in
1113 1773 1220 1812 speciali

162 1811 318 1844 ordinatus
332 1822 393 1843 non
407 1813 459 1843 fuit
473 1823 528 1843 nec
545 1811 719 1851 Affignmus,
738 1822 793 1843 nec
808 1823 858 1850 per
875 1823 961 1851 quem
977 1813 1022 1845 vel
1045 1823 1118 1851 quos
1135 1813 1221 1843 iidem

164 1849 353 1882 Aldermanus
367 1852 406 1881 eis
420 1850 598 1890 affignaretur
616 1851 707 1882 extitit
719 1850 890 1882 Ordinatum
900 1874 910 1890 ,

201 1888 331 1919 Velimus
351 1888 455 1919 eisdem
479 1889 690 1919 Mercatoribus
708 1899 776 1926 νος,
795 1889 839 1920 vel
859 1890 981 1929 aliquem
996 1889 1221 1920 Aldermannum

160 1925 294 1996 gignatis
309 1927 468 1966 praedidtae,
487 1937 541 1966 pro
554 1937 654 1958 eorum
669 1927 864 1958 Aldermanno
878 1929 912 1960 &
925 1928 1028 1967 Judice
1038 1952 1047 1966 ,
1072 1928 1221 1967 specialiter

214 1975 311 2002 ignare

201 2003 286 2042 Nos,
300 1988 523 2034 cbnfideratione
535 2003 750 2035 Praemissorum
764 2005 968 2043 Supplicationi
982 2005 1124 2043 praedicSlae
1140 2005 1221 2036 favo—

163 2041 284 2073 rabiliter
298 2043 440 2081 inclinati,
457 2053 492 2073 ac
514 2042 550 2073 de
575 2042 706 2074 fidelitate
722 2045 757 2075 &
776 2044 1032 2081 circumspectione
1053 2043 1150 2075 vestris
1163 2044 1222 2081 ple-

162 2081 227 2111 nius
243 2080 418 2111 confidentes
431 2103 441 2119 ,
466 2081 502 2112 de
522 2081 695 2112 avisamento
710 2083 743 2113 &
758 2082 861 2113 assensu
876 2083 1073 2113 Domitiorum
1087 2082 1221 2120 Spiritua-

161 2119 231 2149 lium
253 2119 286 2150 &
312 2119 528 2156 Temporaliurn
543 2142 552 2158 ,
581 2121 609 2149 in
632 2119 711 2150 dieto
734 2121 860 2158 praesenti
887 2121 1078 2152 Parliamento
1101 2120 1221 2151 existen-

160 2159 251 2196 tium,
269 2157 472 2188 ordinavimus
494 2158 527 2188 ὃς
550 2155 760 2197 Affignavimus
785 2169 837 2189 vos
852 2159 1077 2190 Aldermannum
1093 2160 1126 2190 &
1138 2158 1221 2197 Judi—

159 2205 226 2226 ecm
247 2195 451 2235 praedietorum
475 2196 691 2234 Mercarorurn,
711 2196 897 2229 Excercendo
910 2199 943 2230 ὃς
962 2197 1104 2229 Faciendo
1121 2197 1221 2229 secun-

162 2234 234 2264 dum
260 2234 339 2272 quod
360 2243 462 2264 eorum
482 2234 639 2266 Libertates
663 2235 804 2273 praedittae
822 2238 935 2276 exigunt
950 2239 983 2269 ὃς
1001 2237 1166 2275 requirunt,
1186 2236 1220 2267 &

161 2280 248 2311 prout
266 2272 419 2311 antiquitus
431 2274 597 2312 consuevit;

201 2310 237 2341 Et
251 2310 318 2341 ideo
335 2312 418 2341 vobis
432 2310 604 2342 Mandamus
619 2311 698 2351 quod
714 2314 788 2344 circa
801 2312 946 2344 Praemiffa
963 2312 1107 2351 diligenter
1129 2314 1222 2345 inten-

161 2349 247 2386 datis,
266 2351 300 2380 δε
315 2358 347 2380 ea
361 2349 465 2380 faciatis
483 2351 515 2380 &
528 2352 703 2388 exequamini
719 2352 749 2381 in
765 2351 859 2382 forma
873 2351 1023 2391 praedicta:

200 2387 311 2418 Damus
331 2397 426 2418 autem
450 2388 509 2419 tam
529 2389 648 2426 praefatis
673 2389 880 2421 Mercatoribus
894 2413 904 2428 ‚
923 2391 1009 2427 qu‘am
1024 2390 1150 2428 Majori,
1168 2389 1220 2421 Al-

159 2425 319 2456 dermannis
332 2449 342 2465 ‚
367 2427 401 2457 &
422 2426 649 2458 Vicecomitibus
664 2427 793 2459 Civitatis
808 2428 970 2466 praedictae,
987 2439 1019 2459 ac
1035 2429 1091 2459 aliis
1105 2429 1220 2466 quibus-

159 2474 287 2503 cumque
303 2475 426 2503 quorum
441 2465 573 2504 interest,
590 2467 709 2497 Tenore
724 2466 907 2498 Praesentium
919 2490 928 2505 ‚
953 2467 1070 2497 firmiter
1085 2468 1113 2496 in
1133 2466 1220 2498 Man-

158 2502 228 2533 datis
248 2503 329 2541 quod
351 2504 450 2541 vobis,
475 2505 503 2534 in
524 2504 676 2534 Praemiffis
688 2506 819 2536 faciendis
834 2507 868 2537 &
883 2505 1068 2544 exequendis,
1086 2516 1218 2544 pareant,

157 2541 312 2580 obediant,
329 2542 362 2572 &
379 2541 538 2580 intendant,
556 2552 640 2581 prout
655 2543 746 2575 decet.

195 2578 230 2609 In
246 2581 340 2618 cujus,
358 2580 420 2610 &c.

193 2617 284 2649 Teste
298 2618 380 2658 Rege
392 2618 466 2657 apud
482 2619 614 2660 Leycestr.
633 2620 748 2652 decimo
760 2620 866 2653 oEtavo
880 2620 925 2651 die
939 2621 1089 2652 Februarii.

30 1117 48 1135 ⁸
59 1116 100 1146 X.

15 1164 78 1194 352.

634 2699 688 2728 Per
702 2700 862 2728 Petitionem
875 2701 904 2728 in
920 2697 1114 2728 Parliamento.

511 2822 571 2853 Pro
585 2822 672 2854 Duce
687 2820 870 2868 Burgundiae.

12 2892 88 2964 Atnn.
98 2892 139 2927 D.
160 2904 335 2966 HEnry,
352 2915 401 2944 par
413 2904 439 2952 la
453 2906 548 2939 Grace
559 2907 596 2938 de
609 2907 706 2947 Dieu,
723 2912 777 2950 Roy
791 2910 823 2940 de
834 2912 937 2954 France
953 2904 990 2944 (ἆυ
1008 2909 1197 2946 d'EngIeterre
1207 2933 1217 2949 ,

48 2935 118 2974 42⁶·
251 2955 267 2976 a
281 2952 364 2976 toutz
378 2945 425 2976 Set
444 2956 531 2977 nours
544 2945 580 2977 de
593 2946 689 2977 nostre
703 2947 793 2986 Sange
807 2948 839 2978 &
857 2947 966 2984 Lmage
975 2971 984 2986 ,
1002 2957 1061 2979 noz
1077 2947 1216 2979 Conesta-

7 2976 104 3041 2733-
157 2981 240 3020 bles,
265 2982 481 3022 Mareschaux,
508 2984 655 3015 Admiralz
668 3009 677 3022 ‚
706 2984 887 3016 Visadmiralz
905 3008 914 3023 ,
932 2986 1038 3024 Baulis,
1057 2987 1214 3025 Prevostz,

24 3053 30 3059 ,
156 3020 314 3059 Vicontes,
333 3021 491 3061 Capitaines
505 3023 539 3054 &
557 3022 671 3053 Gardez
687 3022 722 3053 de
742 3023 848 3060 Cioez,
873 3024 982 3053 bonnes
1004 3024 1107 3061 vines,
1124 3024 1214 3055 Chas-

9 3053 122 3086 f'a”·4·
156 3059 264 3097 teaulx,
284 3060 469 3100 Forteresses,
488 3061 581 3099 Pons,
600 3061 698 3099 Ports,
716 3061 862 3099 passages,
879 3061 1074 3101 jurisdictions
1097 3064 1131 3094 ὃς
1145 3064 1214 3093 Dis-

11 3088 139 3125 H.6.m.7.
155 3099 243 3136 treiz,
261 3097 297 3128 de
317 3107 377 3129 noz
396 3099 562 3139 Royaumes
583 3100 620 3130 de
641 3100 747 3131 France
769 3101 802 3131 &
826 3099 1016 3139 d'Engleterre
1031 3124 1041 3139 ,
1057 3103 1089 3131 &
1105 3112 1119 3131 a
1137 3111 1214 3132 touts

153 3146 213 3167 noz
228 3144 317 3167 autres
327 3136 446 3175 Justices
460 3139 493 3168 &
507 3137 646 3175 Officers,
663 3149 703 3169 ou
717 3149 733 3169 a
754 3139 828 3169 lours
848 3138 1050 3176 Melitenam-L,
1071 3138 1210 3177 Majerus,

153 3174 326 3212 Eschevins,
342 3175 376 3206 &
389 3185 480 3206 autres
495 3186 554 3206 noz
567 3177 696 3207 Vassaulx
719 3179 751 3208 &
772 3177 906 3215 Subgez‚
930 3177 966 3208 de
988 3178 1108 3215 quelque
1130 3178 1209 3209 Estat

152 3223 193 3244 ou
208 3212 376 3243 Condicion
389 3212 474 3251 qu’ilz
488 3215 575 3244 soient
584 3237 594 3253 ‚
611 3214 685 3245 saluz
698 3216 731 3246 δε
746 3215 898 3246 dileccion.

195 3251 284 3282 Nous
295 3261 383 3282 avons
397 3251 528 3282 Entendu
541 3262 613 3290 que,
631 3253 726 3283 nostre
740 3254 888 3285 Treschier
904 3254 936 3285 &
950 3254 1084 3284 Tresame
1102 3254 1211 3293 Uncle,

154 3289 179 3320 Ie
187 3293 247 3319 Duc
263 3290 295 3319 de
313 3291 490 3329 Bourgoigne,
509 3289 607 3320 Conte
621 3290 658 3320 de
671 3291 819 3330 Flandres,
835 3292 958 3323 d‘Artois
972 3295 1004 3324 ὃς
1018 3293 1053 3322 de
1070 3292 1209 3329 Bourgoi-

173 3338 223 3365 ne,
240 3339 256 3358 a
273 3330 425 3358 entencion
443 3330 477 3360 &
494 3328 581 3359 delire
597 3327 633 3358 de
648 3331 749 3359 envoir
767 3330 912 3367 pardevers
932 3331 1018 3361 Nous
1034 3354 1042 3367 ,
1060 3341 1095 3361 en
1114 3331 1209 3362 nostre

182 3375 303 3406 oyaume
320 3366 513 3404 d’Engleterre
526 3390 536 3406 ‚
559 3368 591 3398 &
610 3366 723 3403 devers,
741 3368 838 3398 nostre
855 3369 1005 3399 Treschier
1022 3371 1054 3399 &
1074 3369 1209 3400 Tresame

152 3405 276 3442 Uncle,
301 3402 401 3444 Johan
416 3428 425 3443 ‚
450 3404 567 3441 Regent
590 3405 686 3436 nostre
710 3405 862 3445 Royaume
886 3407 922 3436 de
940 3407 963 3437 F
967 3418 1048 3437 rance
1062 3430 1070 3444 ,
1090 3411 1150 3436 Duc
1175 3409 1208 3438 de

152 3443 278 3513 Bedgorg
289 3465 299 3488 ³.
323 3453 427 3474 aucuns
447 3444 483 3474 de
500 3443 540 3474 ses
561 3443 642 3474 Gens
658 3467 668 3482 ‚
692 3443 830 3475 Serviturs
843 3468 852 3482 ,
873 3445 1042 3483 Familliers‚
1073 3445 1206 3477 Officiers

152 3492 192 3514 ou
235 3493 250 3513 u
291 3490 331 3513 itz

190 3520 228 3551 Et
247 3491 299 3559 pgr
318 3505 372 3550 c'eo
387 3529 443 3558 que
458 3542 468 3559 ‚
495 3529 566 3558 pour
581 3520 711 3551 honneur
730 3521 762 3551 &
780 3530 880 3551 amour
899 3521 934 3551 de
951 3520 1033 3559 Luy,
1052 3520 1140 3552 Nous
1154 3522 1206 3554 de—

149 3559 244 3597 syrons
260 3568 342 3590 toutz
360 3559 458 3596 ceulx,
475 3559 540 3596 qu'il
559 3569 577 3599 y
594 3559 702 3590 voudra
718 3560 834 3590 envoier
845 3582 855 3597 ‚
880 3569 928 3597 par
945 3569 1017 3589 vous
1034 3561 1067 3590 &
1085 3561 1204 3592 chascun

148 3598 187 3666 fif
211 3608 282 3666 ygus
297 3620 307 3636 ‚
332 3606 367 3628 en
393 3597 467 3629 droit
485 3597 533 3636 (by
548 3618 559 3636 ,
582 3597 654 3628 estre
678 3597 896 3636 gracieusemcnt
921 3599 954 3629 &
982 3597 1204 3630 favorablernent

181 3645 217 3665 rai
250 3645 285 3667 ez

187 3672 276 3704 Nous
294 3658 389 3705 ²icelurt
408 3676 441 3706 &
459 3673 579 3705 chascun
597 3673 688 3704 d’eulx
709 3673 756 3712 (de
771 3674 891 3713 quelque
908 3673 986 3705 Estat
997 3698 1006 3712 ,
1031 3684 1070 3704 ou
1090 3674 1203 3706 Condi⁴

150 3713 236 3750 cion,
255 3713 288 3744 ὃ(
307 3720 341 3743 en
358 3714 478 3752 quelque
493 3712 632 3743 Nombre
650 3712 735 3750 qu’ilz
749 3713 848 3749 soient)
869 3721 955 3743 avons
976 3713 1052 3750 prins
1069 3714 1102 3744 ἃ
1122 3724 1200 3754 mys,

149 3760 272 3791 prenons
290 3751 324 3781 &
340 3760 462 3782 mettons
478 3751 665 3788 d'abondant,
683 3760 717 3781 en
736 3750 830 3781 nostre
849 3750 1033 3788 Protefflon,

187 3788 224 3820 Et
240 3797 312 3819 vous
328 3786 471 3821 Mandons
487 3813 497 3828 ,
520 3789 741 3820 Commandons
755 3813 765 3827 ‚
789 3790 823 3820 &
841 3788 1042 3827 Enjoingnons
1059 3790 1198 3827 expresse-

150 3835 231 3858 ment
244 3850 253 3865 ‚
275 3827 310 3857 &
337 3837 352 3857 a
369 3828 489 3859 chascun
507 3827 543 3859 de
559 3838 631 3858 vous
645 3849 655 3865 ,
681 3827 820 3858 sicomtne
835 3837 850 3857 a
867 3827 903 3857 lui
920 3829 1099 3865 appartendra
1111 3852 1120 3866 ,
1144 3839 1199 3867 que

148 3866 195 3896 lez
211 3863 349 3896 deffusdiz
366 3865 535 3904 Servaeum,
552 3866 693 3904 Officers,
713 3866 879 3903 Familliers‚
897 3876 936 3896 ou
958 3866 1072 3905 Subgez
1083 3866 1119 3897 de
1134 3877 1199 3897 nos-

147 3912 190 3934 tre
207 3904 247 3935 dit
265 3902 346 3933 Uncle
363 3903 394 3932 de
411 3906 573 3943 Bourgoigne
584 3928 593 3943 ‚
611 3912 722 3942 portans
740 3914 786 3934 ces
805 3903 911 3934 Lettres
925 3927 935 3942 ‚
954 3914 1024 3934 vous
1043 3904 1199 3936 Resceivez

147 3941 181 3973 &
199 3942 329 3973 Traittez
346 3941 524 3981 dulcement,
539 3943 773 3982 graciousement‚
791 3942 823 3972 &
841 3942 1086 3980 favorab1emenr,
1112 3953 1198 3974 come

147 3988 207 4010 noz
225 3987 347 4020 proprez
364 3980 513 4010 Familliers
526 4003 536 4018 ,
563 3992 610 4019 par
627 3984 708 4012 toutz
726 3981 762 4010 les
788 3980 886 4010 Lieulx
904 3990 919 4010 a
945 3991 1016 4010 vous
1041 3983 1140 4011 comiz
1164 3992 1198 4012 en

147 4028 200 4048 nos
222 4018 270 4048 diz
290 4018 454 4056 Royaumes
480 4019 516 4048 de
539 4020 645 4050 France
659 4021 692 4050 &
711 4019 902 4055 d'Engleterre
917 4042 926 4055 ‚
949 4026 1007 4049 tant
1024 4018 1066 4048 sur
1084 4020 1196 4058 Terre,

145 4066 232 4087 come
256 4055 299 4086 sur
319 4056 406 4086 Mere
419 4078 428 4094 ‚
454 4056 489 4086 de
502 4056 575 4094 Jour
591 4058 624 4088 &
639 4058 676 4087 de
694 4057 778 4095 Nuyt
792 4080 801 4094 ‚
829 4056 938 4087 Armez
962 4067 1002 4086 ou
1022 4056 1174 4089 Desarmez
1189 4082 1199 4096 ,

144 4095 210 4126 smz
227 4094 293 4126 faire
309 4116 319 4132 ,
340 4104 377 4125 ne
393 4094 504 4126 donner
515 4116 527 4133 ,
550 4105 587 4126 ne
604 4095 715 4126 soufftir
732 4095 804 4127 estre
820 4095 868 4127 fait
885 4105 925 4126 ou
941 4094 1038 4126 donne
1052 4117 1061 4132 ‚
1086 4105 1122 4126 en
1140 4095 1199 4127 Ve-

2232 236 2310 272 119

1244 305 1328 334 nant,
1348 297 1514 334 Seiournant
1530 321 1540 337 ,
1565 300 1597 330 &
1617 299 1796 332 Retournant
1812 324 1822 340 ‚
1838 311 1853 332 a
1872 302 1952 340 eulx,
1970 303 2042 334 leurs
2057 302 2137 334 Gens
2154 304 2187 335 &
2206 305 2301 336 Servi-
2318 304 2395 335 Ann.
2410 303 2453 334 D-

1244 343 1317 364 teurs
1331 357 1341 373 ‚
1367 337 1384 354 ²¹²
1405 336 1552 368 Chevaulx
1564 361 1573 374 ,
1601 338 1735 370 Hairnois
1751 362 1760 377 ‚
1787 350 1827 370 ou
1846 341 1952 380 Argent
1966 364 1976 379 ,
2001 342 2149 379 Vasseille‚
2163 343 2299 382 Joyaulx,
2341 343 2428 381 1426.

1246 372 1336 403 Males
1352 396 1361 410 ,
1387 374 1496 414 Bouges
1510 399 1519 414 ,
1547 376 1655 406 Lettres
1667 399 1677 415 ,
1702 388 1740 408 ou
1758 387 1845 409 autres
1862 379 1943 410 lieurs
1960 380 2059 418 Biens,
2076 390 2166 411 aucun
2186 382 2299 421 Arrest,
2319 386 2380 409 Hen.
2401 385 2428 411 6.

1244 410 1483 448 Empeschement
1497 435 1506 450 ,
1532 423 1572 444 ou
1598 413 1775 446 Destourber
1789 438 1800 454 ,
1823 417 1911 448 soubz
1936 418 2038 448 umbre
2062 428 2101 448 ou
2129 420 2246 450 couleur
2263 421 2298 451 de
2336 420 2354 438 ³*
2375 422 2413 449 X.-

1245 451 1424 494 quelconque
1449 451 1560 482 Guerre
1577 475 1586 488 ,
1609 452 1701 485 Noise
1714 477 1723 491 ,
1748 454 1842 486 Debat
1858 477 1868 493 ,
1897 466 1935 486 ou
1956 455 2134 487 Contention
2150 481 2160 495 ,
2177 468 2232 495 que
2250 466 2301 488 au-
2318 464 2384 495 353.

1246 497 1332 526 cuns,
1352 488 1440 519 sonent
1457 490 1494 534 cle
1512 489 1608 520 nostre
1627 490 1718 530 Sange
1734 493 1766 522 &
1786 492 1892 533 Linage
1907 517 1917 533 ,
1936 504 1974 524 ou
1990 503 2078 525 autres
2095 495 2130 525 de
2149 505 2207 526 noz
2225 497 2300 527 Sub-

1243 534 1314 564 gez‚
1332 526 1366 556 de
1384 537 1436 557 nos
1450 528 1498 557 diz
1515 528 1694 567 Royaumes‚
1711 531 1786 561 aient
1799 541 1867 570 peu,
1884 541 1997 570 peuent,
2018 543 2056 563 ou
2072 544 2209 572 pourtont
2223 537 2304 565 avoir

1245 566 1270 594 le
1291 574 1342 594 uns
1360 574 1461 595 contre
1476 566 1521 596 lez
1540 576 1630 597 autres
1642 589 1652 604 ,
1669 578 1707 598 ou
1730 578 1800 606 pour
1817 572 1949 601 occasion
1975 572 2010 602 de
2028 572 2208 610 quelconque
2225 582 2302 604 autre

1246 603 1325 647 cause
1343 613 1398 646 que
1416 614 1450 634 ce
1465 604 1517 634 soit
1534 614 1574 634 ou
1592 614 1659 642 poet
1678 605 1767 644 estre,
1785 609 1851 637 mais
1865 608 1940 639 Leur
1958 608 2191 641 administrezrou
2210 612 2306 642 faictes

1247 640 1422 685 administret
1445 643 1702 674 honnorablement
1728 646 1761 676 &
1789 647 2043 678 convenablernent
2071 647 2168 679 Viures
2185 672 2195 688 ‚
2219 649 2304 680 Con-

1247 681 1325 723 duis,
1344 679 1452 724 Gurdes
1468 703 1478 719 ‚
1504 683 1537 712 ὃς
1561 690 1649 712 autres
1664 682 1745 713 lieurs
1764 682 1930 716 Neceffitez
1941 709 1951 724 ,
1967 695 2085 716 comme
2102 688 2247 718 vouleriez
2268 690 2304 720 δε

1247 719 1362 748 deuriez
1379 719 1446 749 faire
1463 730 1478 750 a
1497 728 1556 749 noz
1575 729 1697 757 proprez
1715 720 1882 761 Familliers‚
1907 725 1934 754 se
1952 723 2060 762 Besong
2078 735 2113 755 en
2128 734 2200 764 ont,
2215 728 2249 759 &
2265 727 2304 758 ilz

1248 765 1374 799 vousen
1390 766 1553 795 requerem,
1572 759 1639 788 alnsl
1657 760 1704 797 q'il
1723 762 1902 797 appartendra
1919 773 1967 801 par
1986 763 2097 800 reason,

1286 794 1416 838 Saichans
1446 798 1649 826 certeinement
1676 808 1731 835 que
1760 798 1798 828 les
1823 798 1915 829 failans
1944 801 1970 831 le
1992 800 2142 831 Contrarie
2166 801 2261 833 ferons
2285 803 2307 834 fi

1250 832 1415 863 Grelfment
1432 834 1539 872 Punir,
1557 844 1612 872 que
1630 834 1668 864 les
1681 844 1770 866 autres
1784 846 1802 875 y
1820 837 1973 874 prendront
1988 838 2135 876 Exemple.

1270 908 1397 953 ponne
1421 909 1511 940 soubz
1536 909 1632 940 nostre
1658 910 1750 942 Grant
1769 911 1830 943 Seal
1844 923 1859 943 a
1875 912 1961 951 nostre
1975 916 2003 943 V
2004 913 2049 943 ille
2061 914 2093 943 de
2108 914 2262 954 Leycestre,
2279 916 2306 946 le

1250 952 1284 986 xlj
1300 957 1366 986 Jour
1380 947 1416 978 de
1434 948 1533 986 Mars,
1548 948 1614 978 rAn
1630 948 1666 979 de
1681 950 1776 980 nostre
1792 950 1893 990 Regne
1909 952 2009 990 Qart.

1251 1023 1337 1085 LE
1364 1024 1422 1054 Ro
1434 1034 1451 1054 Y
1463 1047 1473 1063 ,
1491 1022 1554 1058 &c.
1570 1024 1695 1064 utficpra
1710 1026 1788 1068 usque
1800 1026 1853 1065 ibi,

1342 1062 1429 1094 Nous
1449 1063 1549 1102 yceulx
1571 1064 1605 1094 &
1630 1064 1748 1095 chascun
1778 1066 1920 1103 d’iceulx,
1947 1065 1985 1100 (ὧν
2012 1074 2075 1097 tunc
2090 1066 2150 1106 fic,
2162 1067 2211 1105 jus
2227 1076 2272 1097 ues
2291 1077 2306 1097 a

1254 1101 1392 1132 Nombre
1407 1101 1442 1131 de
1459 1101 1581 1132 Sexaunt
1600 1101 1732 1134 Parsones
1745 1105 1777 1135 &
1792 1114 1826 1134 au
1843 1104 1982 1135 deffoubz
2022 1106 2058 1135 de
2075 1106 2195 1144 quelque
2240 1105 2307 1143 stat,

1252 1138 1311 1174 &c.
1331 1146 1362 1168 ut
1370 1138 1454 1178 fitpra
1467 1139 1544 1180 usque
1553 1140 1595 1183 'ibi
1606 1163 1615 1178 ,
1633 1142 1785 1177 prendront
1799 1142 1938 1180 Exemple
1949 1166 1959 1181 ,
1977 1128 2015 1178 ὁ
2029 1144 2150 1184 tuncfic,

1288 1177 1347 1207 Ces
1378 1177 1520 1208 Presentes
1547 1178 1658 1216 jusques
1680 1191 1715 1210 au
1744 1181 1885 1212 Derreine
1906 1181 1977 1220 Jour
1994 1182 2030 1212 de
2058 1183 2138 1214 Mors
2163 1183 2199 1213 de
2220 1182 2309 1222 Juing

1254 1215 1408 1284 prolucibain
1423 1225 1525 1284 venant
1538 1216 1724 1248 demourantz
1741 1229 1776 1249 en
1795 1219 1858 1250 lour
1870 1220 1951 1250 force
1968 1222 2002 1251 ὃ(
2017 1229 2105 1251 vertu.

1323 1264 1337 1283 e
1364 1264 1380 1284 e
1400 1262 1428 1284 ut
1456 1264 1530 1292 upra.

1592 1382 1642 1414 De
1661 1373 1848 1414 Liberatione
1865 1385 1889 1415 S
1889 1379 1975 1430 igilli.

1255 1460 1330 1526 M
1340 1461 1400 1497 EM
1411 1476 1431 1496 o
1441 1476 1463 1497 R
1473 1477 1492 1497 Α
1503 1475 1525 1497 N
1538 1474 1589 1496 DU
1600 1474 1626 1496 M
1645 1464 1720 1506 quod
1733 1489 1743 1504 ‚
1770 1465 1980 1504 „Quartodecimo
2002 1472 2054 1499 Die
2078 1472 2180 1501 Martii
2194 1496 2203 1509 ‚
2225 1475 2312 1503 Anno
2330 1475 2405 1507 Anu.
2417 1467 2459 1506 D

1349 1508 1432 1542 Regni
1457 1504 1548 1545 Regis
1571 1504 1691 1535 Henrici
1716 1504 1793 1535 SeXti
1818 1505 1931 1545 Qarto
1948 1530 1958 1545 ,
1979 1507 2123 1545 Johannes
2152 1509 2221 1540 Dux
2240 1510 2312 1542 Bed-
2350 1514 2436 1554 1426.

1255 1543 1356 1574 fordiae
1373 1546 1506 1580 Magnum
1519 1542 1639 1580 Sigillum
1652 1546 1764 1573 Domini
1776 1546 1852 1581 Regis
1868 1545 1900 1574 de
1916 1549 2058 1584 Argenta,
2074 1550 2103 1576 in
2118 1549 2234 1586 quadam
2252 1552 2311 1579 Ba-
2329 1558 2380 1582 An,
2396 1564 2425 1590 4,

1252 1593 1290 1618 ga
1302 1582 1335 1612 de
1351 1581 1428 1612 Albo
1440 1586 1533 1619 Corio,
1548 1591 1605 1610 cum
1622 1581 1714 1618 Sigillo
1737 1584 1765 1611 V
1765 1582 1907 1612 enerabiltr
1931 1587 2026 1614 Patris
2043 1584 2162 1616 l-lenrici
2179 1587 2310 1626 Episcopi
2335 1597 2370 1621 H.
2391 1595 2419 1621 6.

1254 1620 1467 1661 Wyntonienlis
1491 1628 1572 1658 nuper
1590 1619 1753 1650 cancellarii
1765 1620 1880 1657 Angliae
1897 1622 2050 1662 consignata
2063 1645 2072 1661 ,
2096 1623 2174 1665 usque
2190 1626 2311 1665 castrum
2331 1633 2414 1666 Claus.
2432 1640 2462 1666 4.

1256 1661 1369 1689 Domini
1381 1661 1459 1696 Regis
1472 1659 1503 1688 de
1518 1658 1686 1698 leycestria‚
1702 1661 1772 1688 circa
1789 1663 1908 1689 Tertiam
1922 1663 2028 1690 Horam
2044 1661 2102 1702 post
2127 1665 2254 1703 Nonam,
2268 1665 2311 1703 [ἒ-
2331 1674 2364 1697 Η,
2383 1671 2409 1696 6,
2425 1679 2462 1696 m.

1256 1709 1313 1727 cum
1335 1696 1460 1737 deferri,
1487 1695 1525 1732 ό·
1543 1698 1639 1726 ibidem
1659 1701 1688 1727 in
1700 1696 1813 1733 secunda
1830 1701 1945 1728 camera
1958 1703 2140 1738 Superiorum‚
2153 1701 2212 1743 post
2228 1705 2312 1741 Mag·
2331 1708 2357 1738 ε,
2375 1707 2439 1744 dors,

1256 1747 1320 1766 nam
1335 1734 1442 1766 Aulam
1455 1735 1636 1765 Parliamenti
1648 1757 1657 1773 ,
1671 1739 1700 1765 in
1708 1737 1855 1774 praesentia
1863 1759 1873 1774 ‚

1295 1773 1492 1804 Venerabilium
1507 1776 1640 1811 Patrum,

1292 1812 1411 1842 Henrici
1427 1811 1633 1843 Cantuarienfis
1651 1810 1880 1850 Archiepistopi,

1292 1850 1432 1890 johannis
1447 1851 1669 1889 Londonienfis,

1296 1890 1417 1927 Philippi
1432 1889 1657 1928 Wigornieniis,

1294 1931 1337 1958 Et
1346 1928 1484 1966 Johannis
1502 1927 1689 1958 Bathonienlis
1703 1928 1738 1960 &
1752 1926 1917 1965 Welleffis,

1294 1967 1497 2007 Epifioporum‚

1294 2009 1357 2043 Ac,
1373 2005 1513 2035 Nobilium
1530 2007 1696 2043 Principum,

1294 2043 1449 2074 Humfredi
1468 2043 1558 2074 Ducis
1572 2042 1765 2074 Gloucestriae
1774 2062 1786 2082 ,»

1297 2084 1339 2112 Et
1350 2083 1479 2112 Thomae
1495 2081 1586 2112 Ducis
1600 2081 1736 2119 Exoniae,

1294 2122 1406 2150 Necnon
1420 2119 1575 2151 Humfredi
1591 2119 1717 2150 Comitis
1736 2118 1899 2150 staffordiae
1910 2142 1919 2157 ,

1292 2159 1446 2190 Lodowici
1463 2158 1614 2189 Robeffart
1627 2161 1777 2188 Camerarii
1789 2161 1898 2188 Domini
1910 2161 2003 2196 Regis,

1289 2197 1428 2236 johannis
1444 2196 1567 2227 Domini
1585 2198 1610 2226 le
1625 2198 1734 2235 Scrop‚

1295 2236 1445 2266 Willielmi
1462 2235 1603 2274 Alnewyk
1625 2235 1719 2264 Clerici
1733 2234 1852 2275 Custodis
1866 2237 1979 2265 Privati
1992 2233 2077 2272 Sigilli
2094 2239 2207 2266 Domini
2220 2241 2312 2277 Regii,

1292 2276 1334 2303 Et
1347 2274 1484 2311 Johannis
1505 2274 1597 2304 Frank
1625 2273 1720 2303 Clerici
1737 2273 1856 2312 Custodis
1876 2273 2034 2303 Rotulorum
2053 2275 2227 2306 Camellariae
2244 2289 2312 2316 ejus-

1258 2312 1317 2342 dem
1331 2315 1443 2342 Domini
1460 2316 1537 2350 Regis
1546 2335 1556 2350 ‚

1293 2354 1342 2382 Ac
1358 2351 1472 2381 aliorum
1486 2352 1582 2380 ibidem
1597 2357 1660 2380 tunc
1674 2349 1859 2389 existentium,

1295 2389 1414 2427 Sigillum
1429 2388 1500 2418 illud
1510 2401 1529 2418 a
1539 2390 1617 2426 Baga
1631 2389 1761 2427 praediela
1790 2392 1845 2417 umi
1859 2387 1896 2424 ὠ·
1907 2388 2034 2425 extrahi,
2051 2388 2089 2424 (ᾤ’
2105 2401 2162 2419 cum
2175 2390 2223 2420 illo
2236 2395 2315 2423 Duas

1257 2429 1371 2458 Lireras
1386 2430 1533 2465 Potentes,
1552 2429 1584 2458 de
1600 2430 1752 2457 Recommen
1772 2430 1879 2464 atione,
1890 2435 1941 2465 pro
1960 2431 2040 2456 certis
2053 2430 2249 2469 Ser-vitaribur,
2260 2434 2316 2460 Fa-

1255 2467 1401 2498 miliaribus
1417 2490 1428 2505 ,
1450 2464 1488 2502 ῤ’
1508 2464 1652 2504 officiariis
1672 2466 1764 2496 Ducis
1786 2465 1952 2506 Burgundiae
1998 2474 2079 2504 pener
2101 2470 2246 2498 Dominum
2260 2473 2314 2499 Re-

1252 2516 1311 2543 gem
1327 2510 1356 2536 in
1373 2509 1492 2543 Regnum
1504 2505 1584 2544 suum
1603 2503 1732 2542 Angliae‚
1749 2502 1787 2539 ῤ’
1801 2511 1881 2542 penes
1890 2512 1948 2542 prae
1962 2511 2039 2534 atum
2062 2504 2178 2536 Ducem
2194 2507 2313 2538 Bedfor-

1256 2546 1310 2574 diae
1320 2567 1329 2582 ,
1346 2555 1380 2574 ex
1397 2547 1473 2574 certis
1488 2543 1568 2584 causis
1584 2547 1707 2573 venturis
1717 2567 1726 2581 ‚
1740 2550 1820 2581 prout
1828 2551 1878 2581 per
1895 2544 1997 2582 easdem
2015 2546 2142 2582 Literas,
2159 2549 2188 2574 in
2203 2546 2312 2576 Rotulis

1255 2582 1430 2612 camellariae
1450 2581 1526 2621 ipfiu5
1542 2585 1652 2612 Domini
1672 2584 1750 2619 Regis
1762 2580 1938 2620 irrotulatas,
1947 2581 2020 2621 fhtis
2031 2581 2132 2621 liquet,
2149 2581 2186 2617 (ᾤ’
2201 2583 2312 2624 ἅὶυεν]ὀ

1255 2623 1360 2651 Brevia
1378 2624 1527 2651 Communis
1538 2623 1619 2658 Legis
1636 2623 1724 2650 Terrae
1731 2619 1859 2659 sigillari.

1293 2662 1333 2688 Et
1349 2659 1417 2690 idem
1429 2657 1562 2696 Sigillum,
1578 2663 1606 2688 in
1619 2657 1763 2697 praefi’ntia
1775 2657 1908 2695 praedista
1917 2680 1927 2695 ‚
1941 2662 1971 2687 in
1987 2659 2088 2687 difflatu
2109 2660 2216 2696 Bagam
2238 2667 2311 2698 repo-

1255 2702 1298 2735 ni,
1317 2695 1355 2731 &⁰
1370 2697 1415 2736 βω
1429 2696 1519 2734 Sigillo
1544 2708 1575 2726 ac
1589 2697 1677 2734 Sigillo
1688 2696 1811 2735 praedioli
1825 2697 1941 2736 Custodis
1964 2696 2122 2726 Rutulorum
2141 2703 2312 2737 commtmni,

1254 2734 1386 2774 &secum
1411 2736 1451 2765 ad
1467 2735 1617 2774 Hospitium
1631 2737 1711 2774 suum
1727 2759 1735 2771 ,
1754 2735 1794 2763 ad
1813 2737 1929 2764 Domum
1951 2738 2080 2764 Fratrum
2100 2737 2312 2766 Praedicatorum

1254 2774 1408 2815 Leycestriae
1418 2798 1427 2813 ,
1445 2772 1545 2812 deferri
1551 2773 1621 2812 fecit
1636 2773 1836 2813 custodiendum
1847 2785 1856 2802 :

1291 2816 1338 2843 Ac
1357 2816 1410 2842 Die
1432 2812 1546 2842 Sabbati
1567 2819 1631 2841 tunc
1649 2813 1773 2850 proximo
1791 2810 1921 2852 sequente
1948 2811 2098 2848 (videlicet)
2126 2813 2307 2843 sextodecimo

1253 2854 1307 2882 Die
1320 2852 1432 2890 ejusdem
1446 2850 1546 2892 Menfis
1564 2852 1683 2889 Martii,
1698 2849 1830 2889 praefatus
1850 2849 1918 2880 Dux
1933 2849 2090 2879 Bedfordiae
2104 2850 2221 2886 Sigillum
2233 2860 2307 2889 ,υνκ-

1251 2890 1366 2927 dilium,
1384 2893 1413 2920 in
1428 2890 1519 2919 eadem
1535 2891 1631 2927 Baga,
1649 2888 1748 2925 Sigillis
1766 2888 1955 2926 praedielorum
1976 2887 2068 2917 Ducis
2087 2887 2244 2919 Bedr'ordiae
2267 2889 2307 2925 &-

1251 2928 1371 2966 Custodit
1388 2927 1544 2957 Rotulorum
1561 2926 1712 2967 confignata*
1722 2949 1731 2963 ‚
1748 2936 1836 2955 coram
1855 2926 1924 2955 didio
1939 2928 2053 2955 Domino
2065 2928 2132 2963 Rege
2143 2949 2152 2964 ,
2170 2930 2199 2956 in
2212 2931 2306 2958 Came·-

1250 2978 1283 2996 ra
1288 2966 1359 3006 sim,
1377 2966 1455 3004 infra
1474 2965 1629 2995 Abbasium
1645 2965 1731 2994 beatae
1748 2967 1850 2993 Mariae
1872 2964 1903 2992 de
1924 2966 2018 2992 Pratis
2039 2964 2194 3032 Leyffriae
2211 2990 2220 3002 ,
2245 2971 2304 2996 exi-

1242 3005 1350 3045 stente,
1369 3015 1449 3033 manu
1459 3003 1515 3042 Jua⁶
1533 3003 1644 3041 proprii
1667 3000 1764 3032 detulit
1777 3024 1787 3040 ,
1807 3001 1845 3037 ὠ
1868 3001 1989 3040 Sigillum
2011 3004 2099 3040 praedi
2127 3015 2171 3033 um
2185 3004 2305 3044 praefato

1248 3046 1365 3073 Domino
1382 3045 1446 3079 Regi
1461 3041 1557 3071 ibidem
1570 3041 1702 3071 liberavit
1711 3051 1720 3069 .-

1284 3085 1331 3110 Ac
1343 3081 1410 3110 idem
1426 3080 1574 3110 Dominus
1594 3079 1659 3109 Rex
1675 3077 1794 3116 Sigillum
1806 3077 1890 3115 illud,
1907 3085 1981 3116 capto
1997 3082 2074 3119 prius
2095 3089 2113 3108 a
2125 3079 2244 3119 praefato
2265 3081 2305 3112 E.

1247 3120 1365 3157 piscopo
1383 3118 1575 3149 Londonienfi
1590 3121 1760 3148 Sacramento
1779 3115 1826 3155 suo
1847 3117 1922 3146 modo
1935 3118 2071 3155 consueto,
2089 3118 2172 3146 eidem
2184 3118 2303 3156 Episco-

1246 3168 1285 3194 po
1303 3156 1495 3187 Londoniensi
1505 3180 1514 3194 ,
1533 3157 1603 3186 dieto
1618 3159 1672 3186 Die
1687 3155 1813 3192 Sabbati,
1830 3157 1860 3184 in
1890 3153 2015 3194 raesentia
2026 3156 2213 3193 praediclorum
2234 3157 2300 3188 Du..

1246 3205 1314 3225 cum
1335 3195 1493 3226 Bedfordiae
1514 3194 1547 3224 ὅ(
1570 3194 1779 3229 Gloucestriae,
1807 3203 1838 3222 ac
1853 3163 1974 3223 &galteri
1997 3194 2182 3230 Hungerford
2197 3197 2299 3226 Militis

1244 3234 1418 3273 Thesaurarii
1438 3233 1551 3270 Angliae
1567 3255 1576 3270 ‚
1596 3233 1734 3270 johannis
1758 3231 1850 3269 Scrop
1877 3231 1978 3261 Miltir
1994 3255 2004 3269 ,
2025 3232 2161 3270 johannis
2183 3234 2297 3270 Tiptoft

1246 3273 1348 3302 Militis
1361 3299 1366 3308 ,
1383 3271 1421 3307 &
1434 3273 1560 3309 praedidli
1575 3271 1690 3310 Cquodis
1703 3269 1874 3306 Rotulomvz,
1892 3281 1923 3299 ac
1939 3270 2051 3300 aliarum
2063 3269 2234 3308 plurimorum
2244 3274 2297 3303 ibi-

1243 3312 1301 3340 dem
1316 3318 1379 3340 tunc
1393 3310 1576 3378 einstentium‚
1593 3311 1770 3339 incontinenti
1785 3307 1916 3337 liberavit
1928 3318 1933 3337 :

1277 3350 1400 3389 Idemque
1442 3348 1567 3386 piscopus
1585 3347 1829 3384 London.recepto
1844 3345 1933 3383 Sgillo
1965 3347 2088 3384 raedid't'o,
2102 3346 2221 3385 Sigillum
2230 3348 2302 3380 illud

1242 3387 1321 3428 usque
1338 3387 1489 3426 Hospitium
1496 3387 1589 3425 fisum,
1607 3385 1683 3424 infra
1698 3384 1839 3422 Collegium
1854 3355 2008 3425 Leycefiriae
2017 3408 2027 3423 ,
2038 3384 2127 3423 ‘secum
2141 3385 2240 3425 deferri
2246 3387 2295 3426 fi-

1241 3430 1277 3455 cit
1284 3449 1293 3464 ,
1313 3425 1351 3461 ὠ»
1368 3430 1398 3456 in
1419 3425 1506 3455 eodem
1527 3424 1650 3463 Hospitio
1670 3447 1679 3460 ‚
1703 3426 1756 3452 Die
1777 3426 1918 3452 Dominica
1938 3431 2001 3452 tunc
2018 3423 2139 3461 proximo
2151 3425 2296 3469 sequente,

1239 3463 1331 3531 >sigillo
1351 3464 1481 3502 pradielo
1506 3462 1614 3502 diverfa
1636 3465 1748 3492 Literas
1762 3463 1891 3490 patentes
1905 3460 1942 3496 ἄν·
1961 3464 2068 3490 Brevia
2083 3464 2113 3492 de
2131 3466 2206 3503 cursu
2216 3463 2293 3503 sigil-

1253 3511 1324 3532 αυτ.

1430 3624 1452 3647 *
1476 3628 1534 3658 Pro
1551 3621 1702 3669 Magistro
1719 3623 1854 3669 Prospero
1870 3621 1906 3655 de
1922 3622 2092 3669 Columpna.
2326 3625 2341 3643 ⁸
2358 3627 2395 3656 X.

1235 3709 1329 3773 RE
1340 3707 1369 3739 X
1396 3707 1557 3752 Omnibus,
1576 3708 1610 3739 ad
1626 3718 1716 3746 quos,
1733 3708 1794 3738 &e
1810 3707 1943 3738 Salutem.
2301 3673 2379 3733 {fria
2392 3704 2431 3735 D„

1336 3750 1431 3779 boans
1445 3747 1523 3784 quod
1537 3747 1623 3784 Nos,
1783 3767 1786 3770 -
2319 3742 2406 3780 1426.

1269 3786 1522 3822 Contemplatione
1544 3785 1715 3817 Sanctiffimi
1738 3786 1833 3814 Patris
1855 3782 2053 3826 nostriPapae‚
2071 3779 2105 3814 de
2119 3781 2215 3814 Gratia
2229 3793 2283 3815 no-
2297 3783 2348 3807 An.
2363 3791 2391 3817 4·

1235 3825 1288 3855 stra
1304 3824 1426 3863 speciali,
1441 3825 1474 3855 <Sc
1486 3823 1526 3854 de
1539 3824 1708 3855 avisamento
1724 3821 1851 3854 Concilii
1864 3821 1968 3859 nostri,
2296 3821 2332 3844 H.
2349 3821 2377 3848 6.

1268 3864 1484 3894 Habilitavimus
1506 3861 1677 3900 Magistrum
1695 3885 1704 3900 ,
1729 3860 1884 3900 prosperum
1901 3859 1933 3888 de
1948 3857 2110 3897 columpna,
2129 3858 2280 3898 Nepotem
2295 3860 2352 3885 Par.
2367 3867 2395 3893 4.

1232 3901 1299 3932 diffi
1322 3900 1491 3932 Sanffisfimi
1513 3900 1600 3931 Patris
1613 3923 1623 3937 ,
1649 3899 1727 3938 quod
1748 3900 1823 3930 idem
1838 3898 1950 3940 Prosper⁴
1961 3897 2127 3927 omnimoda
2141 3897 2280 3931 Beneficia
2292 3895 2383 3933 Ηιόψ
2400 3905 2429 3939 ²9

1231 3940 1420 3970 Eccleflastica
1438 3962 1448 3976 ,
1472 3939 1542 3969 infra
1560 3938 1590 3968 R
1627 3949 1694 3968 num
1717 3937 1847 3979 nostrum
1867 3935 1998 3973 Angliae‚
2016 3935 2050 3964 ad
2065 3934 2258 3967 Collationem
2270 3942 2328 3977 ‚m-
2351 3942 2394 3971 ¹3.
2418 3952 2433 3996 lt

1232 3977 1477 4008 Praesentationem
1492 4000 1502 4014 ,
1525 3979 1570 4008 seu
1591 3979 1670 4007 aiam
1685 3975 1904 4013 Dispositionem
1919 3982 2166 4016 quorumcumque
2183 3974 2282 4006 Patro·
2435 4003 2438 4007 ,

1231 4027 1336 4047 norum
1359 4015 1545 4053 Spiritualium
1566 4017 1599 4046 &
1622 4014 1838 4050 Temporalium
1862 4011 1957 4048 Regni
1976 4011 2065 4054 nostri
2081 4012 2207 4049 praedicti
2221 4014 2282 4051 spe-
2432 4017 2447 4025 ⁸

1233 4056 1334 4084 <Stantia
1351 4076 1360 4092 ,
1385 4063 1449 4091 quae
1477 4053 1591 4084 Patroni
1618 4052 1785 4082 eorumdem
1807 4049 2014 4080 Beneficiorum
2034 4049 2130 4092 'eidem
2153 4051 2280 4090 Prospera

1232 4091 1390 4130 Conferre,
1409 4090 1504 4130 Dare,
1521 4092 1566 4122 seu
1581 4090 1759 4128 Disponere,
1777 4088 1821 4120 vel
1834 4087 1924 4125 ipsum
1938 4087 1972 4118 ad
1992 4086 2151 4126 hujusmodi
2172 4088 2282 4132 Benefi-

2242 4136 2285 4159 ⁴:12.
