2562 4274
688 162 798 204 ET
885 160 1138 202 ACTA
1222 155 1691 205 PUBLICA.

1 252 78 283 Α’ῃῃ.
89 248 130 282 D·-
187 245 265 281 Inter
282 245 367 288 Nos,
385 244 496 279 nostros
511 244 633 286 Ligeos,
650 248 799 285 Vaffallos,
815 248 848 277 δ’(
864 246 1011 287 ὃιὼάίῑοεἰ
1027 257 1060 277 ac
1082 246 1202 284 Terras,

20 300 105 330 1419.
148 288 181 319 &
202 289 337 319 Dominia
357 286 451 317 nostra
471 296 665 325 quaecunque,
684 295 717 316 ex
735 285 807 323 una,
826 287 857 316 &
884 285 971 322 ipsum
999 284 1200 324 Illustrzffimum

0 335 60 357 Han.
80 337 108 365 5»
150 330 311 365 Principem,
327 327 359 356 &
374 325 503 355 nostrum
521 325 690 355 carisfimum
705 323 970 361 Conlanguineum,
990 325 1050 354 suos
1074 323 1199 360 Ligeos,

148 365 299 402 Vassallos,
316 365 348 394 &
369 363 519 401 Subditos,
536 373 570 393 ac
590 364 707 399 Terras,
723 362 755 392 &
779 361 917 391 Dominia
942 361 985 391 sua
1008 371 1201 399 quaecunque,

148 412 224 441 parte
245 411 279 432 ex
297 401 379 432 altera
391 426 400 437 ,
418 401 614 432 contrahendis
632 401 664 431 ὅ(
685 400 810 430 ineundis
839 402 975 437 perpetuo
992 421 1001 437 ‚
1021 400 1054 436 ad
1075 409 1202 437 tempus,

147 440 343 508 velhquamdiu
361 440 456 471 Vitam
470 440 586 478 quilibet
608 436 740 469 nostrum
764 438 889 476 duxerit,
908 439 1019 469 favente
1039 437 1202 476 Altiffimo,

148 490 177 509 in
213 488 326 508 umanis.

187 516 332 546 Caeterum
344 516 379 546 de
392 515 499 554 modo,
517 515 627 553 forma,
646 516 679 546 &
693 515 843 552 quantitate
858 514 1202 552 Auxilii,Subs1dii,Sub—

148 555 288 585 ventionis
298 577 306 591 ‚
325 556 356 586 ὃς
366 554 505 592 Praefidii,
522 554 588 584 hinc
603 553 669 584 inde
686 553 805 583 vicissim
820 553 1069 583 ministrandorum
1086 554 1119 584 &
1130 563 1201 583 con-

148 592 346 632 ferendorum,

187 630 317 662 Necnon
339 631 375 661 de
395 630 427 661 &
450 629 530 667 super
555 628 806 660 Conventionibus
823 653 831 668 ‚
860 628 1200 666 Communicationibus,

150 669 335 700 Societatibus
349 693 359 708 ,
375 668 514 699 Amicitiis
526 692 536 705 ,
552 675 608 698 tam
628 669 778 698 occasione
802 668 1025 698 Mercaturarum
1040 690 1049 704 ,
1064 668 1150 704 quarn
1173 678 1201 696 a-

151 708 245 738 liunde
260 707 488 744 occurrentibus,
506 707 576 736 inter
591 706 725 736 Subditos
742 708 820 736 unius
834 706 923 737 Partis
938 707 970 738 &
992 706 1113 735 Alterius
1139 707 1202 739 (cua

148 747 303 784 juscunqiie
322 746 340 764 ²*
358 745 514 782 dignitatis,
534 743 634 781 status,
652 751 698 775 aut
710 745 880 775 conditionis
897 744 1046 780 extiterint)
1062 743 1200 774 secure&

151 784 332 815 amicabiliter
347 782 478 812 faciendis
494 785 525 814 &
538 782 667 822 agendis,

185 822 222 852 Et
237 821 398 860 generaliter
415 821 492 858 super
508 823 641 851 omnibus
654 822 688 853 &
706 821 820 857 singulis
841 818 1065 858 quibuscumque
1087 819 1202 849 Articu-

150 860 198 897 lis,
215 868 465 898 quantumcunque
479 859 656 897 specialibus,
675 860 722 897 qui
745 859 842 898 Ligas,
861 857 1141 893 Confoederationes,
1162 858 1202 887 A-

151 899 270 929 micitias
286 921 295 936 ,
316 897 474 937 Alligantias
489 920 497 934 ,
513 897 642 933 Treugas
658 919 667 934 ,
690 896 863 927 Guerrarum
888 896 1076 926 Abstinentias
1091 920 1099 933 ,
1119 895 1202 926 Con-

150 936 352 974 ventionesque
369 937 401 966 ad
417 944 547 973 ternpus,
565 935 610 964 vel
624 934 774 964 Annorum
788 935 926 965 curricula
940 944 1204 972 quorumcumque,

151 976 222 1005 inter
245 975 356 1005 dietum
380 972 576 1013 Illustrifflmum
599 975 711 1010 Regem,
738 972 986 1011 Consanguineum
1007 971 1136 1002 nostrum
1156 982 1210 1006 ca-‚

151 1013 306 1050 risfimurn,
321 1014 353 1044 ὃς
378 1015 437 1041 Nos
459 1012 689 1048 Contrahendas,
711 1010 917 1041 pertractandas
932 1034 942 1049 ,
961 1013 994 1042 &
1018 1009 1203 1041 Confirman-

152 1052 198 1082 das
214 1061 385 1081 concernere
399 1051 520 1087 porerint
534 1050 634 1087 quovis
658 1049 766 1087 modo,
782 1060 849 1080 cum
869 1059 970 1080 eorum
990 1048 1202 1086 Incidentibus,

152 1089 377 1127 emergentibus,
394 1088 630 1125 dependentibus,
645 1088 678 1118 &
696 1089 849 1126 connexis,

190 1128 228 1158 Et
244 1128 340 1158 omnia
356 1128 388 1157 ὃς
406 1126 528 1164 singula,
548 1136 612 1164 quae
629 1126 665 1155 iic
680 1127 841 1163 pertraciata
858 1127 890 1157 &
905 1125 1075 1156 concordata
1091 1125 1204 1164 fuerint,

154 1176 221 1196 cum
243 1167 324 1195 omni
343 1164 485 1195 Firmitate
503 1166 535 1197 ὃς
558 1165 726 1202 Securitate‚
743 1164 839 1195 debita
860 1166 893 1196 &
916 1163 1050 1202 honesta,
1069 1163 1204 1194 Nomine

155 1204 253 1236 nostro
267 1203 289 1233 F
292 1203 450 1233 irmandum
461 1225 470 1239 ‚

190 1242 373 1279 Ipsorumque
393 1241 509 1271 Litteras
524 1239 718 1271 Promissorias
734 1241 766 1271 &
781 1240 972 1280 Obligatorias
984 1239 1186 1277 Tradendum,

190 1280 355 1317 Omnesque
379 1279 543 1310 Securitates
557 1302 566 1316 ,
584 1278 780 1315 Obligationes
793 1303 802 1316 ,
819 1281 852 1310 &
871 1278 1024 1308 Cautiones
1040 1301 1050 1313 ,
1067 1279 1149 1308 reales
1174 1280 1206 1308 oc

154 1319 326 1356 personales,
341 1328 395 1355 pro
416 1317 513 1348 Nobis
529 1319 560 1347 ὃ(
578 1316 711 1347 Nomine
728 1317 845 1356 nostro,
861 1316 1014 1354 Dandum,
1031 1317 1203 1347 l'etendum-

154 1367 224 1395 que,
243 1356 456 1394 Stipulandum,
475 1357 507 1386 &
522 1355 749 1393 Recipiendum‚

185 1395 399 1433 jurandumque
423 1396 450 1424 in
476 1394 611 1424 Animam
633 1393 774 1431 nostram,
794 1392 872 1431 quod
891 1394 1038 1431 Tradiata,
1056 1391 1209 1423 Conventa

155 1433 188 1467 &
206 1432 385 1464 Concordata
396 1433 553 1471 hujusmodi
570 1431 643 1462 Rata
665 1432 830 1462 habebimus
847 1433 879 1462 δε
903 1431 1006 1468 Grata,
1033 1442 1087 1461 nec
1106 1431 1209 1469 aliquid

156 1473 368 1508 procurabimus
382 1472 426 1501 vel
440 1471 591 1507 faciemus,
609 1480 658 1507 per
679 1470 757 1508 quod
770 1470 901 1500 Tractata
913 1493 921 1507 ,
944 1470 1138 1508 Appunetusm
1148 1492 1157 1507 ‚
1175 1472 1208 1499 &

155 1509 338 1576 Concordgta
365 1510 524 1548 hujusmodi
541 1509 647 1540 valeant
665 1508 882 1547 quomodolibet
900 1507 1033 1538 infirmari
1045 1530 1054 1546 ,
1070 1507 1210 1546 frustrari,

155 1557 201 1577 aut
217 1558 255 1577 im
278 1559 293 1577 e
315 1558 346 1577 iri

186 1558 380 1624 Juratliientuin
396 1585 543 1616 consimile
557 1585 590 1615 ab
603 1584 704 1615 eodem
721 1583 891 1624 Illzqffrifflmo
913 1586 998 1622 Rege,
1017 1583 1114 1614 nostro
1136 1594 1211 1621 prae-

153 1623 294 1691 {iariffimo
318 1623 562 1663 consanguineo,
577 1623 755 1661 Petendum,
774 1622 952 1662 hxigendum
969 1645 978 1660 ,
997 1623 1029 1654 ὃ(
1057 1622 1211 1660 Recipien-

179 1672 242 1699 um,

190 1699 358 1739 Caeteraque
373 1700 469 1730 omnia
485 1700 518 1730 &
537 1698 640 1737 singula
655 1699 842 1735 Faciendum,
862 1698 1076 1736 Exercendum,
1093 1699 1126 1730 &
1150 1698 1208 1728 Ex-

151 1738 343 1776 pediendum‚
363 1749 426 1776 quae
446 1739 475 1768 in
503 1737 652 1767 Praemiffis
674 1738 706 1768 δε
724 1739 800 1768 circa
816 1737 959 1767 Praemiffa
982 1737 1128 1767 necessaria
1150 1738 1211 1768 fue-

152 1778 206 1807 rint
224 1777 267 1807 seu
283 1775 501 1816 quomodolibet
516 1785 695 1814 opportuna,
711 1777 743 1807 &
764 1785 827 1815 quae
843 1775 877 1806 ad
901 1775 1060 1814 hujusmodi
1083 1775 1210 1812 Negotii

152 1815 314 1852 qualitatem
330 1817 363 1846 ὃ(
377 1824 501 1845 naturam
515 1815 662 1852 exiguntur
683 1815 715 1844 &
739 1815 933 1852 requiruntur,
950 1825 1014 1851 quae
1039 1814 1121 1844 etiarn
1144 1824 1211 1843 nos-

154 1854 263 1892 metipsi
280 1854 371 1884 facere
386 1852 546 1890 possemus,
562 1852 580 1881 si
594 1852 770 1891 personaliter
784 1852 928 1890 praesentes
950 1852 1086 1889 essemus,
1106 1852 1210 1882 etiamsi

155 1891 217 1922 talia
231 1892 323 1922 forent
338 1901 401 1929 quae
414 1890 582 1921 Mandatum
601 1899 861 1929 quantumcumque
874 1890 989 1928 speciale
1004 1892 1191 1927 requirerent,

192 1928 268 1966 Ipsos
283 1929 537 1968 supranominatos,
556 1927 735 1959 Consiliarios
747 1930 779 1960 &
795 1929 980 1959 Secretarium
994 1930 1122 1966 nostros,
1141 1930 1214 1967 legi-

155 1968 240 1998 timos
262 1967 460 1998 Procuratores
477 1966 604 2004 nostros,
621 1967 816 2006 Negotiorum
839 1967 1000 1997 nostrorum
1024 1966 1159 1997 Gestores
1177 1968 1210 1997 δε

156 2006 278 2036 Αὲὶοτες
291 2031 299 2042 ,
319 2005 553 2042 Commissarios,
571 2004 728 2042 Deputaios
742 2028 751 2043 ,
770 2007 803 2036 &
826 2005 960 2036 Nuncios
982 2005 1107 2042 speciales
1130 2005 1211 2035 Faci-

157 2054 240 2080 mus,
259 2044 414 2082 Creamus,
433 2043 623 2080 ordinamus,
641 2045 674 2074 δε
690 2043 898 2074 Constituimus
914 2053 961 2080 per
978 2043 1147 2081 Praeientes‚

192 2081 411 2120 promittentes,
426 2081 505 2111 bona
523 2080 592 2119 fide,
610 2082 643 2111 &
660 2082 708 2111 sub
724 2081 878 2121 Ypotheca
892 2082 924 2112 &
941 2081 1123 2120 Obligatione
1143 2091 1210 2111 om-

155 2121 233 2150 nium
258 2120 404 2153 Bonorum
426 2119 604 2157 nostrorum,
624 2120 800 2157 praesentium
815 2120 848 2152 &
870 2119 1047 2158 futurorum,
1066 2120 1133 2150 Nos
1151 2120 1210 2150 Ra-

154 2167 234 2196 tum,
250 2158 372 2189 Gratum
383 2182 392 2196 ,
410 2159 443 2189 &
456 2158 584 2188 Firmum
600 2160 737 2196 perpetuo
755 2159 895 2188 habituros
907 2166 1000 2188 totum
1017 2160 1051 2190 &
1073 2158 1210 2197 quicquid

154 2207 203 2236 per
219 2197 310 2227 diebos
324 2197 520 2227 Procuratores
533 2196 658 2234 nostrOS,
677 2197 722 2227 vel
737 2197 860 2233 ipsorum
879 2197 1016 2235 Qinque
1026 2221 1035 2234 ,
1060 2197 1212 2235 Quamm,

155 2236 201 2267 vel
215 2235 289 2265 Tres
302 2245 401 2266 eorum
411 2259 420 2272 ,
437 2235 562 2272 Atiium,
575 2234 717 2274 Certum,
734 2234 1010 2273 Concordaturn,&
1025 2236 1212 2273 Apponeua-

112 2288 113 2291 ¹
157 2283 219 2304 tum
238 2274 361 2303 fueritin
376 2272 525 2303 Praemiffis
541 2274 574 2303 &
591 2273 701 2309 singulis
719 2272 943 2304 Praemifforum.

195 2312 228 2341 In
243 2314 320 2349 cujus
336 2313 376 2342 rei
387 2311 604 2341 Testimonium
619 2311 665 2340 has
684 2311 788 2342 nostras
802 2311 921 2342 Litteras
935 2311 1023 2342 nostri
1035 2311 1123 2350 Sigilli
1144 2311 1214 2343 feci-

158 2360 221 2381 mus
233 2350 400 2388 appensione
415 2350 541 2380 roborari
556 2350 587 2380 &
603 2350 715 2379 muniri.

196 2388 305 2418 Datum
323 2389 351 2418 in
366 2391 394 2418 V
394 2387 444 2418 illd
459 2387 548 2426 nostra
564 2387 695 2428 Insidenfi
709 2387 754 2419 die
773 2388 864 2424 prima
874 2388 979 2418 Mensis
990 2387 1215 2426 Odiobris,An-

158 2436 199 2457 no
212 2426 339 2458 Domini
356 2426 526 2466 Millelimo,
546 2426 853 2466 Qadringentefimo,
871 2426 998 2458 Decimo
1014 2437 1104 2458 nono.

6 748 23 766 '
38 749 91 776 IX·

6 786 70 813 828.

195 2503 336 2543 ITEM,

196 2579 315 2618 Philippe
335 2583 398 2609 Duc
419 2580 452 2609 de
477 2583 661 2618 Burgoingne,
679 2580 778 2611 Conte
797 2579 832 2611 de
858 2578 1004 2617 Flandrcs,
1023 2580 1162 2618 d'Artois,
1180 2580 1214 2611 &

159 2618 195 2648 de
216 2618 436 2657 Bourooingne,
452 2618 556 2649 Palatin
570 2642 579 2657 ‚
596 2621 730 2658 Seigneur
752 2620 788 2649 de
811 2619 898 2650 Salins
924 2620 957 2650 ὃς
978 2620 1014 2649 de
1037 2619 1158 2650 Malines
1176 2642 1184 2657 ,
1203 2629 1217 2648 a

160 2666 225 2687 tous
240 2667 291 2687 ceu
305 2666 338 2694 x,
357 2658 403 2695 qui
421 2666 465 2687 ces
481 2657 619 2695 presentes
638 2658 743 2688 Lettres
761 2667 890 2695 verront,
906 2658 989 2688 Salut.

199 2695 310 2732 Come,
329 2705 400 2732 pour
421 2705 527 2726 aucuns
545 2705 626 2732 grans
651 2695 768 2734 Affairs,
786 2697 832 2734 qui
849 2696 987 2726 touchent
1003 2695 1028 2725 le
1043 2694 1109 2725 Bien
1129 2704 1215 2725 com-

162 2743 251 2771 mun,
269 2734 294 2763 la
308 2732 374 2763 Paix
391 2733 474 2770 aussi,
491 2735 524 2765 &
548 2734 744 2772 Transquillite
764 2735 800 2765 de
821 2744 854 2765 ce
876 2733 1043 2773 Royaume,
1062 2733 1164 2769 Nous,
1181 2734 1219 2764 du

161 2773 222 2802 bon
239 2781 288 2810 gre
304 2773 335 2802 ὃς
352 2772 440 2808 plaisir
454 2772 489 2802 de
506 2772 711 2811 Monseigneur
723 2773 749 2802 le
761 2771 934 2812 Roy,aions
950 2774 1067 2809 envoie,
1083 2773 1115 2803 δὲ
1131 2782 1220 2802 enco—

163 2821 204 2840 res
220 2811 361 2840 envoions
378 2809 579 2848 presentement
589 2812 708 2848 ,certain
722 2821 781 2841 noz
795 2810 1011 2841 Ambass‘adeurs
1028 2810 1221 2841 deversTres-

161 2849 239 2880 hault
255 2849 286 2880 ὃς
302 2847 493 2885 Trespuiffant
507 2847 609 2878 Prince
622 2848 646 2878 le
661 2852 716 2887 Roy
731 2849 944 2886 d‘Angleterre3
965 2848 1169 2885 c’estassavoir,

203 2886 354 2917 Reverend
370 2886 441 2916 Pere
459 2896 494 2916 en
515 2885 590 2916 Dieu
601 2909 611 2924 ,
628 2896 686 2917 noz
702 2896 783 2917 amez
799 2888 831 2917 ὃς
846 2887 933 2916 feaulx
942 2886 1142 2925 Conseilliers,
1158 2886 1221 2916 [Ἐ-

166 2924 386 2993 {istissssssfflg
387 2924 520 2993 ‘11’1024312‘
523 2923 747 2993 fseessffe'ffrs'iediz
751 2924 906 3002 ἒῖῗῗῖζῑῖε
917 2924 1223 3002 ῗῗέῗξηῗιῖῗῧῗῗέιῇἒ

169 2999 271 3039 (kastel
285 3001 380 3031 nostre
398 3001 504 3031 cousin
520 2986 597 3039 grati-t
613 3001 731 3032 Maistre
747 3001 857 3031 d'Ostel
872 3001 990 3031 d'icellui
1010 3001 1225 3040 Monseigneur,

168 3038 192 3068 le
214 3041 338 3074 svigncur
361 3039 391 3067 de
414 3043 573 3069 Courtinron
591 3062 599 3076 ‚
625 3039 650 3069 le
673 3044 795 3076 Seigneur
822 3040 853 3068 de
873 3038 1061 3075 Thoulongnon
1078 3062 1086 3076 ,
1106 3040 1223 3070 Meffire

168 3076 310 3107 Guillelme
325 3076 357 3106 de
369 3079 499 3116 Lannoy,
517 3077 683 3116 Cnivalers,
702 3077 819 3107 Maistrc
836 3081 924 3107 Simon
941 3078 973 3106 de
986 3077 1127 3107 Formelles
1140 3079 1224 3108 Doc-

168 3124 230 3146 teur
247 3124 282 3144 en
299 3114 391 3154 LoyS,
408 3113 524 3144 Maistre
537 3115 636 3153 Jehan
651 3117 683 3145 de
700 3115 780 3146 Rinel
796 3116 946 3147 Secretaire
967 3115 1003 3146 de
1019 3115 1224 3154 Monseigneur

172 3154 199 3184 le
218 3153 285 3191 Roy
295 3175 304 3190 ,
322 3153 354 3183 &
368 3151 465 3191 Jehan
481 3156 531 3182 Sac
546 3153 681 3193 Bourgois
696 3155 737 3184 de'
747 3154 838 3193 Paris,

208 3191 306 3222 Savoir
322 3191 420 3220 faiions
436 3200 490 3227 que
505 3191 608 3228 Nous,

174 3267 192 3297 d
209 3229 346 3297 gosdfial]s
362 3240 376 3259 a
394 3228 467 3267 plain
487 3228 534 3259 des
553 3238 636 3268 grans
661 3229 719 3260 sens
735 3254 745 3268 ,
762 3230 922 3269 loyaultez‚
947 3232 980 3264 ὃς
1003 3230 1158 3268 prudences
1178 3229 1226 3260 des

195 3278 209 3297 e
235 3279 251 3297 u
284 3277 326 3304 iz,

212 3306 307 3336 [ceulx
326 3304 481 3342 ensemble,
497 3314 535 3335 ou
555 3304 593 3335 les
612 3305 681 3343 viii,
696 3305 733 3336 les
758 3307 811 3343 vii,
829 3307 867 3337 les
885 3308 931 3344 vi,
949 3317 986 3336 ou
1010 3306 1047 3337 les
1071 3317 1109 3344 v,
1136 3316 1226 3336 avons

175 3343 329 3382 Commis,
347 3343 488 3373 Ordonne
499 3367 509 3381 ,
527 3343 560 3373 δε
585 3343 718 3381 Depute,
735 3343 958 3383 Commettons²
976 3344 1173 3383 Ordonnons,
1191 3348 1225 3376 ὃς

173 3382 326 3420 Deptitons
340 3392 387 3420 par
403 3391 448 3411 ces
466 3380 623 3419 Presentes,

212 3421 257 3451 En
279 3422 337 3451 leur
363 3420 502 3450 Donnant
525 3420 595 3457 plain
620 3419 728 3450 Povoir
748 3420 782 3451 δε
798 3418 986 3451 Mandement
1002 3421 1114 3457 especial
1130 3421 1166 3451 de
1189 3431 1228 3452 ou

177 3459 263 3490 Nom
279 3461 314 3489 de
330 3459 431 3497 Nous,
449 3459 482 3488 &
499 3468 570 3496 pour
588 3457 692 3496 Nous,
711 3458 777 3488 faire
792 3457 949 3496 Requestes
964 3460 997 3489 &
1011 3459 1176 3490 Demandes
1194 3470 1227 3489 au

168 3497 218 3528 'dit
236 3501 289 3537 Roy
307 3497 515 3534 d'Angleterre,
534 3500 569 3526 de
582 3496 706 3534 poursair
722 3497 755 3527 ὅ(
769 3496 881 3527 obtenir
895 3496 999 3527 reffeet
1015 3498 1150 3535 d'icelles,

215 3535 252 3567 Et
265 3537 306 3566 sur
321 3546 356 3567 ce
368 3537 518 3572 'l‘raittier,
536 3535 700 3572 Accorder,
718 3536 752 3566 &
775 3534 932 3573 Moderer,
948 3545 1035 3566 come
1056 3535 1074 3565 il
1096 3535 1229 3566 semblera

178 3575 325 3610 expedient
339 3585 354 3604 a
373 3584 425 3604 nos
441 3573 488 3603 diz
500 3573 680 3604 Conseilliers
695 3573 727 3603 &
747 3572 979 3612 Ambassadeurs,

215 3612 264 3642 De
277 3611 408 3644 Recever
425 3612 450 3642 le
463 3612 592 3642 Serment
604 3611 641 3641 du
656 3611 696 3641 dit
709 3611 776 3650 Roy
787 3634 797 3649 ,
811 3621 850 3641 ou
868 3613 893 3641 sa
909 3611 1054 3642 Promess'e
1067 3621 1102 3641 en
1120 3610 1230 3641 Parolle

177 3648 212 3680 de
229 3649 313 3689 Roy,
329 3650 366 3680 de
382 3650 494 3680 Garder
508 3650 541 3681 &
555 3649 732 3686 Entretenir,
927 3682 929 3685 v

216 3690 232 3704 ³*
251 3688 288 3719 Et
303 3699 357 3726 que
374 3699 421 3726 par
439 3689 491 3718 Lui
507 3699 543 3719 en
559 3688 633 3718 ceste
646 3687 735 3718 Partie
751 3687 806 3718 sera
827 3688 948 3725 ottroie,
966 3688 1111 3725 consenti,
1129 3689 1162 3718 &
1183 3697 1230 3718 ac*-

179 3725 284 3765 corde‚
302 3728 337 3757 de
347 3727 444 3764 jures,
460 3737 495 3757 en
511 3727 605 3757 l’Ame
617 3726 653 3756 de
668 3725 772 3764 Nous,

217 3762 252 3793 Et
270 3766 462 3802 generalment
475 3765 511 3795 de
525 3765 605 3801 faire,
624 3774 659 3794 en
676 3764 769 3794 nostre
786 3763 890 3800 Nom,
911 3771 974 3793 tout
985 3773 1019 3793 ce
1036 3773 1092 3801 que
1114 3774 1184 3802 pour
1205 3763 1231 3794 le

181 3802 248 3832 bien
262 3802 294 3831 &
312 3802 398 3832 effect
413 3803 462 3832 des
478 3804 525 3833 diz
537 3803 692 3841 Requestes
706 3804 739 3834 ὅς
752 3802 917 3833 Demandes
934 3802 992 3832 leur
1006 3802 1140 3833 semblera
1162 3801 1233 3832 estre

183 3839 329 3876 expedient
346 3840 379 3870 &
397 3841 563 3880 neceffaire,

193 3907 196 3910 ,
222 3877 414 3916 Promeitans,
430 3887 479 3916 par
498 3879 524 3909 la
543 3880 612 3918 Foi,
629 3880 663 3910 &
687 3878 817 3909 Serment
838 3877 873 3908 de
894 3878 990 3907 nostre
1008 3877 1127 3917 Corps,
1142 3879 1174 3910 ὅ(
1197 3889 1232 3908 en

184 3915 284 3947 Parole
302 3915 337 3944 de
352 3914 469 3952 Prinee‚
487 3917 520 3947 δε
540 3918 583 3948 sur
604 3917 788 3956 l'Obligation
809 3916 845 3945 de
863 3924 926 3945 tous
940 3924 998 3945 noz
1012 3915 1093 3946 Biens
1128 3917 1235 3955 presens

170 3955 216 3985 ¹&
239 3953 373 3993 advenir,
388 3954 465 3983 avoir
487 3954 624 3993 Agroeble
639 3957 671 3988 δε
693 3956 799 3991 Tenir,
818 3955 849 3984 ὃς
866 3954 933 3983 faire
951 3954 981 3984 T
983 3955 1062 3991 enit,
1105 3964 1183 3985 erme
1200 3956 1233 3986 &

168 3991 296 4032 *Estable
306 4015 315 4028 ,
334 3992 350 4021 a
366 4001 429 4021 tous
440 3992 601 4035 jours,tout
616 4004 650 4024 ce
663 4004 719 4032 que
735 4004 782 4032 par
800 4003 850 4022 nos
866 3992 914 4022 diz
926 3991 1103 4022 Conseilliers
1115 3994 1148 4024 &
1161 3994 1235 4023 Am-

183 4029 354 4066 bassadeurs,
371 4039 412 4060 ou
429 4029 466 4058 les
482 4031 548 4068 viii,
565 4030 603 4062 les
618 4042 676 4070 vii,
695 4033 732 4062 les
745 4042 789 4069 vi,
807 4041 847 4062 ou
866 4030 905 4062 les
926 4040 961 4070 v,
979 4031 1034 4062 sera
1054 4030 1119 4069 fait,
1137 4040 1237 4062 accor-

233 4072 305 4100 Tom.
322 4069 372 4098 1V.
390 4069 424 4099 P.
441 4069 500 4098 ΙΙΙ.
751 4070 760 4073 “

35 3691 51 3708 ⁰
70 3676 126 3720 ix.v

34 3729 101 3764 829.

2212 173 2289 217 145

1235 246 1286 290 de,
1305 248 1338 277 δε
1353 247 1513 285 besongne,
1531 249 1573 278 sur
1588 249 1624 278 les
1638 248 1746 279 Choses
1761 249 1929 280 dessusdittes
1948 245 1981 280 &
2003 249 2073 280 leurs
2094 245 2286 287 Deppenden-
2304 248 2378 280 Annt
2389 244 2432 280 D:

1236 294 1302 327 ces,
1318 285 1350 315 &c
1367 295 1424 315 non
1441 295 1627 316 aucunement
1648 287 1719 324 aler,
1735 298 1773 318 ou
1796 288 1906 318 souffir
1927 286 1999 318 estre
2021 289 2078 325 ale,
2096 298 2144 328 par
2165 287 2286 326 quelque
2322 294 2406 327 1419.

1236 332 1318 359 voie,
1338 333 1375 352 ou
1394 325 1530 361 maniere,
1550 335 1603 362 que
1617 335 1651 355 ce
1666 326 1735 363 soit,
1754 336 1786 355 au
1801 328 1949 360 ‚contrairet
2074 358 2077 361 ,
2302 331 2364 354 Hen-
2379 334 2408 362 5⁸

1237 360 1309 426 GEt
1328 361 1368 428 sust
1383 371 1416 428 cle
1430 361 1575 392 baillerons
1588 373 1639 393 nos
1656 363 1765 394 Lettres
1780 363 2011 394 Confirmatoires
2027 364 2109 395 seeles
2135 363 2171 394 de
2191 364 2287 394 nostre

1270 408 1328 428 rant
1345 419 1349 427 .
1365 409 1395 428 ee
1409 423 1414 428 .

1273 436 1318 466 En
1333 437 1489 478 Tesmoing
1504 438 1539 468 de
1556 448 1590 468 ce
1608 438 1695 468 Nous
1708 449 1793 468 avons
1807 439 1853 469 fait
1872 448 1973 470 mettre
1985 439 2081 470 nostre
2094 437 2155 470 Seel
2170 437 2288 479 secret,

1235 474 1420 507 enl'ablence
1433 476 1471 505 du
1487 477 1526 506 dit
1544 476 1653 511 Grant,
1670 486 1684 505 a
1701 486 1746 506 ces
1767 477 1917 507 presentes.
2221 511 2223 513 ,

1272 510 1379 542 Donne
1395 524 1409 542 a
1425 514 1519 544 nostre
1534 515 1608 544 Ville
1628 515 1751 543 d‘Arras
1762 539 1770 551 ,
1789 516 1813 544 le
1829 517 1876 544 vii.
1890 517 1954 553 jour
1973 516 2009 546 de
2024 516 2204 554 Decembre,
2219 517 2286 547 l'An

1235 549 1270 580 de
1283 549 1379 580 Grace
1394 551 1477 590 Mill,
1497 554 1606 590 Qiatre
1622 552 1716 590 Cens,
1734 553 1766 584 ὃ(
1784 551 1841 582 Dix
1858 554 1934 583 neuf.

1274 588 1321 619 Sic
1340 589 1448 628 signatae
1459 614 1468 628 ,

1548 627 1637 658 PAR
1664 627 1905 659 Monsissua
1925 638 1974 659 LE
1998 628 2093 660 Duc.

2055 708 2181 735 Menart.

1273 774 1438 816 Universis,
1465 779 1610 816 praesentes
1632 779 1746 809 Litteras
1764 780 1926 817 inspeeturis
1943 803 1952 817 ,
1975 780 2106 811 Salutem.

1271 815 1352 845 Cutn
1368 816 1495 854 pridem,
1513 817 1641 848 videlicet
1657 843 1665 854 ,
1684 817 1743 853 &a
1759 826 1790 847 ut
1799 818 1884 858 ficpra
1902 819 1933 848 de
1949 820 2019 848 Dat.
2040 826 2086 856 25.
2103 822 2215 848 mutatis
2232 828 2290 849 mua

1235 854 1327 882 randis
1337 876 1347 890 ,
1365 861 1427 884 tunc
1438 854 1478 895 fic
1488 877 1498 893 ,

1276 928 1353 967 Quae
1372 932 1469 960 omnia
1490 931 1523 961 &
1542 931 1643 970 singula
1665 931 1843 970 suprascripta
1857 957 1866 970 ,
1897 932 1950 962 hiis
1974 927 2152 969 praesentibus
2181 930 2291 962 Litteris

1235 977 1369 998 contenta
1380 991 1390 1007 ‚
1405 979 1538 1007 quatenus
1550 969 1661 1001 Partem
1676 970 1744 1001 dicti
1768 974 1878 1001 Domini
1895 974 1977 1000 Ducis
1994 979 2186 1007 concernunt,
2204 970 2291 1007 Nos,

1261 1008 1432 1049 ,Mai-tinus,
1456 1008 1634 1037 Guillebertus
1648 1031 1657 1046 ,
1675 1012 1707 1039 ὅ(
1733 1012 1826 1047 Symon
1841 1032 1851 1048 ‚
1866 1008 2061 1039 Commissarii
2086 1008 2217 1039 antedicti
2229 1031 2238 1047 ,
2260 1010 2291 1038 in

1239 1053 1298 1074 vim
1314 1044 1531 1076 Commiffionis
1547 1048 1640 1084 primo
1659 1046 1780 1084 superius
1797 1049 1904 1078 inlertae
1919 1046 2018 1077 Nobis
2033 1046 2122 1084 datae,

1274 1082 1310 1111 Et
1326 1085 1408 1113 etiarn
1428 1084 1511 1121 Nos,

1275 1123 1416 1164 Μανῑίνξω
1427 1144 1436 1159 ,
1453 1122 1604 1160 Ρὲίἰφριιῐ,
1619 1121 1781 1152 Theebaldus
1792 1123 2005 1161 ,Guillebertus,
2021 1123 2052 1153 &
2066 1122 2085 1152 S
2080 1132 2176 1161 ymon,
2197 1121 2293 1152 Com*

1240 1159 1352 1188 miliarii
1368 1160 1530 1197 lupradicti,
1551 1162 1652 1191 virtute
1665 1162 1770 1191 alterius
1783 1161 2018 1199 Conimissionis,
2037 1160 2162 1192 secundo
2177 1161 2294 1198 insertae,

1240 1195 1337 1226 Nobis
1352 1198 1508 1234 attributae,

1275 1234 1471 1266 PromittImus
1489 1234 1572 1273 ipsitm
1595 1238 1739 1265 Dominum
1762 1240 1862 1267 Ducem
1882 1237 2067 1275 impleturum
2090 1237 2122 1268 &
2137 1235 2298 1268 observatu*

1240 1281 1321 1309 rum,
1340 1274 1372 1303 ὗε
1394 1275 1469 1311 quod
1487 1284 1545 1303 non
1559 1275 1650 1303 veniet
1667 1276 1695 1303 ixi
1717 1277 1889 1306 contrarium
1912 1286 2028 1313 eorum,
2047 1275 2091 1305 vel
2112 1275 2226 1313 alicujus
2247 1285 2297 1304 eo—

1242 1311 1360 1352 rundem
1378 1335 1387 1349 ,
1412 1314 1443 1342 &
1464 1312 1541 1349 super
1566 1312 1622 1341 hoc
1644 1312 1718 1341 dabit
1740 1312 1858 1343 Litteras
1873 1314 1930 1344 suas
1952 1313 2183 1347 Confirmatorias
2198 1338 2207 1351 ,
2225 1313 2297 1343 infra

1241 1349 1406 1379 vicelimum
1431 1350 1524 1387 diem,
1549 1359 1562 1379 a
1588 1350 1660 1379 Data
1683 1349 1865 1380 Praesentium
1887 1353 2110 1389 computandum
2126 1375 2135 1389 ,
2159 1352 2296 1382 dummo⁶

1241 1386 1279 1455 (ἐξ
1297 1387 1410 1424 praescns
1425 1388 1503 1418 Pacis
1519 1388 1669 1419 'fraetatus
1683 1388 1794 1418 finalem
1816 1390 1849 1420 δε
1872 1388 2054 1419 desideratum
2070 1391 2194 1421 sortiatur
2217 1388 2298 1420 Effe-

1276 1436 1332 1454 [llll.

1280 1463 1313 1493 In
1329 1464 1406 1501 cujus
1420 1463 1477 1493 Rei
1493 1464 1708 1500 Testimonium
1722 1463 1809 1504 Sigilli
1825 1463 1914 1495 nostri
1926 1465 2104 1503 praesentibus
2128 1465 2227 1496 nostris
2248 1465 2299 1495 laia

1242 1503 1304 1531 teris
1317 1502 1448 1531 duximus
1462 1504 1638 1539 apponenda.

1282 1539 1391 1569 Datum
1409 1540 1565 1578 Rothomagi
1580 1542 1624 1570 die
1641 1540 1773 1571 vicesima
1790 1540 1862 1571 sexrfi
1878 1540 1985 1571 Mensis
2006 1540 2193 1579 Decembris,
2212 1539 2300 1572 Anno

1245 1577 1368 1608 Domini
1382 1577 1554 1617 Millesimo,
1572 1579 1873 1618 Quadringentesimo,
1892 1579 2019 1611 Decimo
2035 1589 2124 1610 nono.

1279 1653 1333 1684 Sub
1347 1658 1460 1697 quinque
1474 1654 1572 1692 Sigillis
1589 1656 1708 1695 (quorum
1725 1655 1793 1694 deest
1802 1655 1955 1694 secundum)
1973 1654 2211 1695 Commzffizriorum
2228 1660 2298 1693 p‘rae·v

1242 1690 1298 1729 fati
1316 1692 1407 1723 Duels
1418 1693 1604 1731 Burgundiae,
1623 1695 1655 1723 de
1669 1704 1727 1723 cera
1744 1694 1825 1724 rubra
1836 1718 1845 1731 ,
1858 1695 2035 1732 pendentibus
2049 1705 2066 1724 a
2082 1695 2180 1724 Caudis
2199 1694 2300 1732 Perga-¹

1247 1741 1338 1761 msstae.

1462 1857 1519 1887 Pro
1540 1855 1749 1900 Commiffariis
1775 1858 1870 1888 Ducis
1891 1854 2077 1902 Burgundiae.

1299 1937 1376 1977 EX,
1393 1947 1443 1975 per
1465 1938 1570 1969 Literas
1594 1939 1652 1969 suas
1671 1939 1816 1977 Parentes,
1836 1950 1885 1978 per
1910 1940 1991 1970 Oeto
2008 1940 2066 1970 dies
2080 1941 2214 1978 proximo
2227 1939 2302 1970 futua
2322 1938 2451 1974 Ann‚D.

1320 1986 1364 2006 ros
1384 1977 1541 2015 duraturas,
1566 1978 1677 2015 suscepit
1694 1979 1721 2007 in
1738 1978 1860 2016 salvum,
1880 1980 1938 2010 δίς.
1962 1978 2130 2017 Magistrum
2154 1976 2302 2016 Philippum
2340 1990 2426 2020 1419·

1242 2011 1275 2041 de
1291 2014 1440 2043 Morviller
1457 2014 1656 2045 Praelidenteni
1679 2018 1706 2045 in
1730 2016 1915 2047 parliamento
1931 2041 1940 2054 ,
1963 2016 2141 2047 Theobaldum
2163 2017 2194 2046 de
2212 2014 2301 2053 Neuf-
2320 2025 2371 2048 An.
2392 2031 2419 2055 7.

1243 2051 1355 2090 chastell
1376 2052 1499 2082 Militem
1522 2053 1663 2084 Maonum
1685 2053 1853 2092 Magistrum
1877 2054 2000 2092 Hospitii
2024 2055 2146 2085 Franciae
2162 2078 2171 2092 ,
2205 2053 2301 2091 Magi-
2321 2064 2357 2086 H.
2373 2068 2401 2094 5.

1243 2089 1330 2120 strum
1348 2090 1509 2128 Johannem
1527 2077 1611 2121 Mifit
1623 2116 1632 2130 ‚
1652 2091 1822 2131 Magistrum
1843 2092 2001 2130 Johannem
2022 2093 2054 2122 de
2074 2093 2169 2130 Rinel,
2189 2093 2221 2123 &
2244 2092 2302 2130 Jo-
2322 2102 2410 2124 Norm.
2427 2103 2455 2131 7⁴*

1243 2126 1360 2158 hannem
1376 2132 1441 2166 Sac,
1461 2131 1488 2159 in
1509 2129 1635 2161 Civitate
1654 2129 1742 2161 Reois
1758 2131 1985 2169 Rothomagenli
2000 2134 2033 2161 ad
2048 2134 2165 2169 praelens
2185 2130 2304 2160 existen·
2321 2140 2453 2171 H.5.p,zt

1246 2174 1303 2208 tes,
1316 2168 1422 2210 ¹abinde
1438 2169 1521 2210 usque
1534 2168 1687 2199 Civitatem
1703 2155 1836 2207 infilius,
1855 2180 1921 2200 curn
1937 2171 2136 2209 quinquaginta
2161 2168 2302 2207 Personis,
2320 2183 2356 2201 m.
2375 2180 2422 2209 5²·

1246 2209 1291 2234 vel
1313 2205 1384 2234 infra
1409 2206 1621 2244 (CUJulcumque
1641 2207 1743 2238 fuerint
1768 2207 1861 2238 Status
1882 2208 1927 2238 vel
1951 2208 2144 2246 Conditionis)
2162 2207 2304 2244 Atinatis,

1246 2243 1290 2273 vel
1315 2253 1374 2273 non
1395 2244 1518 2274 Arniatis
1535 2268 1544 2282 ,
1562 2254 1593 2275 ac
1615 2245 1736 2276 totidem
1758 2246 1845 2284 Equis
1866 2247 1893 2275 in
1916 2245 2063 2277 Comitiva
2081 2246 2145 2285 sua,
2176 2254 2232 2275 tam
2256 2254 2307 2282 pei·

1247 2280 1354 2319 Diem,
1373 2283 1459 2319 quam
1482 2292 1530 2320 per
1553 2283 1702 2321 Not‘tem,
1721 2285 1776 2314 una
1796 2293 1865 2314 cum
1889 2283 1992 2322 Bonis,
2011 2284 2126 2322 Rebus,
2142 2283 2306 2321 Jocalibus,

1248 2319 1357 2357 Libris,
1378 2320 1476 2350 Literis
1488 2344 1495 2357 ,
1516 2320 1667 2359 Manncis,
1686 2322 1783 2361 Bagis,
1802 2321 1952 2362 Cariagiis,
1970 2325 2003 2354 ὃς
2019 2321 2161 2353 Hernesiis
2174 2322 2225 2352 suis
2242 2323 2305 2360 quia

1250 2359 1445 2396 buscumque,
1462 2359 1537 2388 salvo
1554 2359 1587 2390 δε
1601 2359 1695 2390 secure
1711 2359 1893 2398 transeund03

1287 2395 1405 2435 Proviso
1421 2397 1528 2434 semper
1543 2398 1622 2434 quod
1638 2398 1686 2436 ipli
1701 2401 1870 2437 quicquam,
1886 2400 1946 2431 &c.
1963 2399 1996 2430 δε
2019 2398 2154 2438 quodque
2172 2397 2221 2437 ipsi
2242 2396 2307 2429 nul-¹

1249 2434 1310 2464 lum
1326 2434 1494 2465 Castrorum
1505 2458 1514 2473 ,
1532 2436 1591 2466 &c.

1284 2472 1318 2501 In
1332 2474 1425 2511 cujus,
1446 2474 1507 2504 ὅτε.

1286 2510 1374 2541 Teste
1388 2512 1508 2550 utsupra
1528 2514 1600 2544 xxvi.
1618 2512 1664 2544 die
1684 2512 1863 2543 Decembris.

1934 2592 1986 2620 Per
2002 2589 2081 2630 ipfiaem
2100 2592 2204 2628 Regem.

1389 2669 1472 2671 W*„c
1496 2669 1530 2671 ,Α
1549 2670 1554 2671 c
1579 2670 1604 2672 γρ
1666 2666 1689 2674 ⁷⁴

1329 2711 1355 2738 ᾖ
1381 2716 1439 2747 Pro
1459 2711 1635 2760 quibusdam
1657 2714 1700 2747 ad
1718 2717 1832 2747 Ducem
1853 2714 2027 2762 Burgundiae
2043 2715 2222 2758 transtturis.
2326 2734 2344 2754 ‚g
2364 2731 2416 2764 IX·-

1256 2797 1385 2855 REX,
1402 2808 1449 2836 pei·
1471 2798 1576 2829 Literas
1596 2799 1653 2829 suas
1675 2797 1822 2836 patentes,
1840 2798 1925 2837 usque
1944 2799 2074 2830 Primum
2098 2798 2186 2828 Diem
2210 2798 2307 2830 Martii
2326 2774 2392 2840 {5155
2418 2809 2462 2841 D,

1276 2875 1281 2879 1
1327 2839 1462 2874 proximo
1487 2836 1614 2867 futurum
1635 2837 1791 2876 duraturas,
1808 2838 1924 2875 suscepit
1943 2838 1972 2867 in
1995 2837 2101 2868 salvum
2115 2860 2125 2875 ,
2143 2839 2202 2868 ἃς.
2240 2838 2308 2874 Tri7
2350 2834 2436 2887 14i9·

1255 2883 1329 2912 ginta
1345 2874 1495 2912 Personas,
1511 2875 1654 2905 Homines
1667 2874 1846 2911 GeneroioS‚
1863 2875 1908 2905 vel
1927 2876 1994 2905 alios
2020 2875 2232 2913 (cujuscumque
2250 2876 2310 2906 Sta*
2330 2891 2380 2914 An,
2395 2898 2421 2921 7,

1256 2912 1300 2943 tus
1320 2913 1363 2942 vel
1380 2914 1562 2943 Conditionis
1576 2915 1688 2949 fuerint)
1705 2915 1748 2943 vel
1764 2914 1852 2951 infra,
1871 2915 1899 2942 in
1915 2913 1986 2943 Villa
2002 2913 2047 2943 Re
2068 2916 2089 2943 is
2101 2914 2136 2943 de
2156 2914 2262 2943 Rouen
2276 2914 2310 2944 ad
2332 2930 2366 2953 H⁴
2387 2934 2413 2959 ς,

1255 2951 1371 2991 praesens
1396 2951 1566 2989 existentes,
1598 2953 1700 2981 abinde
1720 2951 1754 2980 ad
1776 2950 2030 2990 consanguineum
2082 2954 2137 2991 egis
2160 2952 2310 2990 Philippum
2331 2963 2434 2993 [bl-dem,

1256 2994 1357 3020 Ducem
1375 2991 1553 3027 Burgundiae,
1574 2999 1643 3019 cum
1666 2989 1751 3026 Equis
1773 2990 1804 3020 ὃ(
1831 2989 1913 3019 Bonis
1935 2989 1986 3020 suis
2000 2991 2240 3028 quibuscumque,
2257 2991 2312 3019 Ar⁴

1256 3029 1401 3097 ‹sinatisdvel
1414 3038 1474 3058 nori
1492 3028 1631 3065 Atinatis,
1649 3032 1704 3057 una
1719 3029 1783 3058 vice
1796 3029 1841 3059 vel
1865 3028 2007 3066 pluribus,
2025 3029 2190 3059 transeundo
2211 3030 2245 3059 &
2270 3038 2313 3059 re·-

1276 3077 1331 3096 Cui]
1351 3075 1386 3095 0·

1296 3089 1414 3133 Provi⁷so
1425 3103 1532 3142 semper
1545 3103 1622 3142 quod
1638 3103 1686 3141 ipsi
1700 3105 1869 3142 quicquam,
1890 3104 1950 3135 &ev
1984 3103 2116 3142 quodque
2135 3104 2183 3142 ipsi
2204 3104 2313 3134 nullum

1258 3141 1444 3180 Castrorum,
1461 3143 1523 3172 &a

1296 3179 1329 3210 In
1344 3182 1438 3219 cujus,
1459 3182 1521 3211 &c.

1261 3217 1485 3287 DTestebRege
1505 3217 1578 3256 apud
1602 3218 1722 3257 castrum
1736 3218 1815 3257 ficum
1838 3214 1870 3248 de
1895 3221 1985 3248 Rauen
2013 3218 2147 3249 vicesimo
2169 3218 2245 3249 seitto'
2268 3218 2314 3249 die

1293 3267 1373 3288 ecem
1397 3267 1441 3287 ris.

1940 3297 1992 3324 Per
2010 3294 2091 3334 1Pfi⁴m
2106 3297 2210 3332 Regem.

1326 3440 1383 3471 Pro
1404 3435 1564 3473 Wllielmo
1591 3437 1626 3472 de
1649 3439 1757 3483 Campo
1779 3436 1895 3482 diversb
1918 3432 1963 3470 ad
1983 3437 2105 3471 eundem
2131 3441 2247 3472 Ducem

1711 3486 1881 3528 transtturo.

1324 3570 1400 3608 EX,
1419 3580 1466 3607 per
1484 3570 1584 3601 Literas
1596 3570 1651 3601 suas
1663 3569 1808 3607 Parentes,
1828 3575 1877 3607 per
1894 3563 2059 3600 Duodecim
2075 3569 2145 3611 Dies
2164 3570 2312 3608 proximo,
2335 3565 2463 3602 Anas),

1341 3611 1451 3640 futuros
1466 3608 1625 3646 duraturas,
1638 3609 1751 3646 suscepit
1760 3611 1788 3638 in
1803 3609 1925 3646 salvum,
1937 3609 1997 3639 δῖε.
2012 3611 2055 3640 W
2054 3608 2188 3638 tllielmum
2202 3607 2315 3646 Champ⁴
2353 3616 2440 3648 1419.

1263 3647 1354 3676 divers
1373 3646 1520 3684 Chivaler,
1536 3647 1564 3676 in
1578 3647 1699 3677 Civitate
1716 3646 1803 3684 Regis
1818 3647 1994 3685 Rothomagi
2009 3647 2041 3676 ad
2061 3647 2176 3684 praeseus
2198 3646 2315 3676 existen-
2333 3651 2385 3675 Aa.
2403 3657 2430 3682 7.

1265 3694 1341 3722 tem,
1359 3685 1460 3716 abinde
1475 3695 1558 3722 penes
1571 3685 1742 3715 carissimum
1757 3683 1870 3715 Consan
1892 3686 2008 3715 uineum
2026 3685 2113 3723 Regis
2128 3686 2228 3713 Ducem
2243 3687 2316 3714 Bur·
2334 3688 2367 3713 H.
2386 3692 2412 3720 ς.

1262 3726 1385 3761 gundiae,
1403 3733 1470 3753 cum
1496 3723 1661 3754 Duodecim
1681 3722 1826 3761 Personis,
1844 3733 1879 3752 ve
1912 3723 1997 3760 infra,
2014 3732 2047 3751 ac
2073 3722 2189 3751 totidem
2209 3720 2315 3761 Equis,
2335 3724 2438 3751 Ibidem,

1266 3764 1294 3792 in
1317 3762 1463 3791 Comitiva
1485 3761 1546 3797 sua,
1564 3771 1622 3791 tam
1645 3772 1693 3799 pei·
1714 3761 1818 3798 Diem,
1836 3763 1921 3798 quarn
1942 3767 1988 3798 per
2004 3759 2153 3796 Nociem,
2171 3761 2226 3788 un‘a
2248 3771 2318 3791 cum

1268 3800 1367 3868 Roneis,
1387 3799 1501 3836 Rebus,
1516 3798 1647 3838 Cariagiis
1663 3824 1673 3837 ‚
1688 3801 1720 3830 ὃς
1742 3799 1882 3830 Herneliis
1901 3798 1951 3828 suis
1968 3798 2189 3836 quibuscumque
2203 3820 2212 3835 ‚
2229 3806 2317 3829 trans⁴

1268 3848 1323 3869 eun
1343 3849 1381 3868 o··
2056 3858 2058 3861 -

1305 3862 1421 3906 Proiiso
1435 3875 1542 3913 semper
1558 3876 1636 3915 quod
1650 3875 1699 3913 ipsi
1713 3876 1885 3914 quicquam,
1901 3874 1962 3905 &e
1986 3871 2120 3910 quodque
2142 3873 2191 3910 ipli
2210 3874 2321 3906 nullum

1270 3914 1455 3952 Castrorum,
1473 3914 1534 3944 &c.

1310 3952 1343 3982 In
1358 3953 1450 3990 cujus,
1468 3954 1528 3983 &c.
1779 3989 1782 3991 ι

1308 3991 1397 4020 Teste
1418 3989 1497 4030 Rege
1518 3989 1594 4028 apud
1616 3988 1737 4028 Castrum
1750 3986 1830 4026 fitum
1848 3982 2005 4024 Rothomagi‘
2030 3985 2163 4019 vicesimo
2179 3995 2260 4020 nono
2278 3988 2324 4020 dio

1272 4028 1449 4059 Decembris.
1761 4062 1792 4093 Τ
2274 4063 2306 4094 D

2304 4071 2319 4092 ι
