2562 4274
185 104 263 132 200

30 175 110 206 'Arm⁸
125 175 166 206 D.
182 175 262 245 1Bello
274 174 342 207 loco
359 184 446 214 prope
462 173 627 204 Cadomum
637 195 646 210 ,
664 181 797 212 tanquam
812 171 987 203 Fundatores
1001 171 1125 211 ejusdem
1135 170 1246 209 Lepro-

60 224 71 244 1
97 225 146 245 21.
195 224 260 245 ariae

30 224 96 282 He:
113 263 142 290 5.
220 237 287 292 Qui,
300 251 415 290 quidem
430 248 587 281 Commissi
601 249 767 279 tenebantur
785 249 819 280 &
835 257 969 279 tenentur
982 248 1099 279 reddere
1113 247 1250 285 Compo-

179 299 259 328 tum,
277 291 312 321 de
326 288 483 328 hujusmodi
497 287 668 319 Redditibus
684 288 717 318 ὅ(
733 287 935 324 proventibus,
953 287 1138 325 Burgensibus
1156 286 1247 324 supra-

179 330 276 366 diftis,
294 339 326 358 ac
341 330 422 358 etiam
438 326 578 357 Sustinere
595 326 624 355 in
640 325 718 356 Statu
733 326 833 356 debito
848 325 1058 356 Monasterium
1072 326 1105 356 δε
1120 324 1171 354 alia
1188 324 1247 354 AE-

182 367 275 398 dificia
290 367 375 397 dic‘tae
391 364 579 403 Leprosariae,

186 427 188 430 -
223 404 357 435 Poterant
380 405 467 433 etiam
488 404 522 433 δε
546 403 687 433 debebant
709 402 758 439 ipfi
776 401 865 440 Jurati
887 411 1028 439 apponere
1040 400 1085 430 seu
1104 400 1245 431 instituere

181 443 369 511 Sengscallum
383 443 417 472 <Sc
434 441 670 479 Procuratorem,
689 450 742 478 pro
760 449 860 470 eorum
870 439 986 478 Juribus
998 439 1134 470 servandis
1148 440 1182 470 &
1197 439 1248 468 de-

181 483 230 512 fen
253 482 338 511 endis.

220 519 266 549 I’r
277 529 295 549 E
308 527 335 548 M
349 542 358 555 ,
381 517 510 556 predicti
533 516 683 557 Burgenses
698 541 707 554 ,
736 516 844 547 Incolae
855 539 864 554 ,
890 517 923 546 &
939 515 1105 546 Habitantes
1115 523 1245 555 poterant

182 558 216 588 δί
236 558 438 589 consueverant
456 555 600 586 Conferre
621 557 654 586 &
681 555 853 585 Concedere
869 554 1001 592 Qiatuor
1014 553 1141 584 Personis
1157 553 1243 583 dietae

179 595 266 626 Villae
281 595 468 632 notabilibuS,
487 595 559 625 dum
574 595 608 625 &
622 593 736 632 quando
754 593 840 624 Casus
852 594 974 631 exegerit
987 615 1003 634 ,⁴
1024 593 1125 630 quibus
1140 602 1242 622 eorum

179 633 259 665 Bona
281 635 332 664 sint
355 634 492 664 diminuta
515 632 589 663 Casu
609 632 727 663 fortuito
743 656 752 670 ,
776 640 823 662 aut
840 631 920 667 alias,
941 630 1085 660 Olhciurn
1104 630 1242 661 Ponderis

178 673 264 702 dietae
281 673 363 704 Villae
379 695 390 710 ,
414 671 615 708 Officiumque
629 671 821 701 Prozenetarii
837 669 1017 700 Venditionis
1033 668 1193 700 Pomorum
1206 669 1240 699 δε

181 710 350 741 Nemorum
372 709 564 741 Venditorum
580 711 609 740 in
627 710 703 740 dieta
718 708 793 739 Villa
804 732 812 747 ‚

218 750 350 789 Qatuor
367 751 450 780 etiam
464 749 520 779 aliis
536 748 662 778 Personis
678 747 819 778 Officium
837 747 1042 777 Prozenetariae
1054 745 1216 784 Vinorum,

217 789 274 819 Sex
298 788 424 819 Personis
435 813 443 824 ,
469 797 585 817 necnon
602 789 635 819 &
651 787 782 826 Qiatuor
799 785 943 823 Personis’,
959 784 1102 816 Officium
1120 784 1240 823 Deone—

178 827 258 857 randi
273 827 337 865 Sal,
357 826 476 857 existens
490 827 519 856 in
538 825 628 862 Vasis,
647 827 676 855 in
700 825 812 862 Riparia
827 846 836 861 ‚
861 834 894 854 ac
910 823 1055 854 Officium
1070 823 1107 854 de
1124 822 1241 860 Lespar-

179 875 245 904 rage
261 866 291 895 in
315 866 426 903 Riparia
449 864 569 895 Doulne
581 887 590 903 ,
607 866 640 894 &
657 863 798 894 Officium
814 862 935 901 Ulnagii
951 861 1116 892 Pannorum
1131 862 1166 892 ὃς
1179 861 1242 891 Te-

177 903 267 935 larum
283 927 293 943 ,
318 903 575 941 Prozenitariaeque
598 902 693 932 Mellis
716 904 748 933 ὃς
774 900 899 931 Nucum
913 923 923 938 ,
949 911 983 931 ac
999 901 1084 930 etiam
1099 899 1241 929 Officium

177 941 388 973 Prozenetariae
404 942 547 979 Piscatiae,
565 943 598 972 &
615 940 756 970 Officium
781 939 953 977 Mensuragii
978 940 1010 968 ὃ(
1033 937 1240 969 Prozenetariae

177 980 270 1020 Bladi,
288 992 403 1012 necnon
416 982 447 1010 ὃ(
465 979 606 1009 Officium
625 978 829 1009 Prozenetariae
847 977 1022 1007 Animalium
1037 1000 1047 1014 ,
1066 976 1125 1007 tam
1139 976 1241 1015 Equo-

178 1029 258 1056 rum,
278 1022 365 1057 quam
380 1020 500 1049 aliorum
516 1026 773 1055 quorumcumque.

217 1057 262 1088 Ιτ
275 1068 291 1088 E
303 1066 329 1087 M
340 1080 349 1094 ,
368 1057 570 1088 consueverant
584 1065 727 1093 apponere
741 1055 853 1093 Juratos
867 1055 901 1085 &
918 1052 1061 1084 Custodes
1075 1054 1103 1083 in
1121 1052 1240 1084 piscaria

177 1095 264 1126 dicte
288 1096 371 1126 Villae
383 1119 392 1133 ,
418 1096 545 1133 quolibet
562 1095 668 1132 Anno,
688 1093 745 1124 Die
759 1094 912 1124 Sacrorum
928 1091 1068 1122 Cinerum
1084 1092 1238 1129 (videlicet)

179 1134 275 1164 Drios·
290 1133 440 1173 Burgenses
465 1136 492 1162 in
508 1132 708 1171 Carnificeria,
762 1141 860 1162 uatuoi·
876 1141 928 1172 pro
941 1130 1074 1161 Pondere
1091 1130 1189 1168 Panis,
1200 1129 1240 1160 ⁴&

177 1172 336 1241 Duostro
353 1171 492 1203 Custodia
510 1171 546 1202 de
566 1171 689 1210 Tripot,
712 1171 746 1202 &
795 1180 846 1201 uos
858 1170 939 1208 super
955 1169 1046 1200 Paeto
1058 1167 1242 1200 Candelario-

181 1221 245 1241 rum
294 1222 338 1241 en

214 1250 276 1288 Qii
289 1223 489 1280 cisniheverant
505 1248 600 1279 videre
615 1248 648 1279 &
665 1247 773 1278 vifitare
787 1257 824 1278 ne
838 1247 869 1277 fit
881 1246 954 1277 fraus
969 1255 1014 1277 aut
1030 1246 1122 1284 aliqua
1138 1246 1242 1284 decep-

176 1288 236 1326 tio,
254 1290 286 1319 &
307 1289 385 1326 quoii
409 1298 457 1326 per
482 1286 661 1317 Mei-catores
682 1296 743 1317 non
768 1285 820 1317 fint
835 1285 999 1316 venditioni
1013 1286 1135 1323 expolita
1149 1286 1239 1323 aliqua

177 1329 249 1357 mala
267 1326 389 1358 Deveria
404 1326 447 1356 vel
463 1327 556 1356 minus
570 1324 744 1356 sufficientia.

216 1364 340 1403 ITEM,
360 1367 387 1396 in
412 1364 486 1395 Villa
509 1364 646 1402 praedieta
668 1363 759 1394 nullus
784 1361 931 1393 Mercator
954 1361 1128 1399 Extraneus,
1146 1360 1194 1390 nisi
1209 1362 1238 1391 in

178 1404 278 1434 eadem
296 1404 369 1435 Villa
384 1404 501 1434 Moram
519 1402 618 1433 fecerit
637 1412 685 1440 per
702 1402 820 1431 Annum
838 1402 870 1431 &
888 1401 975 1430 Diem
991 1422 1001 1437 ,
1017 1401 1049 1431 &
1065 1399 1243 1430 Contribue-

179 1442 216 1472 rit
232 1441 376 1473 Custubus
390 1444 422 1474 ὃς
438 1441 569 1472 Interesse
582 1442 705 1479 ejuidcm
721 1440 821 1474 Villae,
840 1448 948 1477 poterat
964 1449 1009 1469 aut
1024 1438 1145 1468 debebat
1163 1437 1241 1469 Ven-

177 1480 243 1511 dere
258 1483 285 1511 in
302 1481 400 1512 eadem
418 1480 490 1511 Villa
505 1479 538 1509 ad
552 1479 706 1509 Detallium
723 1478 765 1509 vel
780 1478 842 1508 alr-Iis
853 1477 942 1508 Aleca
957 1478 1001 1508 seu
1018 1475 1152 1513 Beuragia
1165 1487 1242 1516 qnae-

176 1529 320 1559 cumque,
337 1530 391 1551 nec
407 1520 491 1551 etiam
506 1518 625 1558 gaudere
646 1518 682 1549 de
696 1517 848 1556 Privilegiis
869 1514 951 1546 Villa:
966 1516 1149 1554 supradictae,

213 1597 307 1629 Nosi
332 1598 384 1628 itur

216 1637 278 1674 Qui
293 1608 416 1674 ‚glicut’,
444 1636 560 1666 Divinae
582 1633 769 1665 Miser-ationis
794 1631 974 1672 Clementia,
994 1632 1154 1664 recolendae
1173 1632 1241 1664 Me-

179 1678 298 1712 moriae,
317 1674 489 1712 Nobilibus,
508 1673 740 1712 progenitoribus
761 1672 862 1702 nostris
877 1697 886 1709 ,
907 1674 936 1702 in
952 1671 1065 1710 suscepti
1083 1672 1239 1711 Regiminis

179 1712 310 1750 Officio,
330 1712 503 1744 succedimus
518 1737 527 1750 ,
553 1713 590 1742 sic
606 1712 709 1742 eisdem
725 1712 753 1740 in
770 1709 901 1741 Affigitis
916 1713 949 1742 &
967 1710 1136 1742 Devotionis
1150 1711 1240 1749 pleni-

177 1751 274 1782 tudine
289 1760 352 1790 erga
371 1751 478 1781 Fideles
495 1750 606 1781 nostros
621 1750 769 1780 succedere
783 1749 920 1780 debemus
930 1771 939 1787 ,

212 1790 248 1820 Et
266 1789 300 1819 ad
322 1789 427 1820 exactae
448 1789 674 1820 considerationis
690 1789 764 1818 ultro
782 1787 945 1818 reducentes
961 1797 1080 1818 examen
1092 1786 1240 1818 Victorio-

176 1827 213 1858 sae
230 1827 408 1866 Conquestae
422 1827 528 1859 nostrae
543 1827 675 1865 auspicia,
694 1826 809 1864 quidem
826 1837 885 1856 non
902 1828 961 1857 tam
981 1835 1056 1866 grata
1070 1850 1079 1863 ,
1099 1827 1186 1864 quam
1201 1826 1243 1856 fe-

175 1866 254 1904 licia,
272 1877 338 1905 quae
359 1867 434 1905 apud
455 1866 560 1898 diistam
579 1866 683 1897 Villam
698 1866 734 1896 de
749 1865 886 1896 Cadomo
900 1866 1000 1903 nobis,
1021 1864 1125 1896 Divini
1142 1864 1244 1896 Nutus

178 1915 314 1944 munere,
333 1915 506 1943 provenere,

216 1943 349 1975 Necnon
369 1943 553 1982 irreparabilia
576 1943 614 1974 sui
628 1942 723 1974 Status
739 1942 907 1973 detrimenta
922 1943 955 1974 ὃ(
969 1941 1144 1973 calamitosos
1156 1951 1244 1972 even-

178 1990 242 2022 tus,
261 1994 351 2022 quos,
369 1983 409 2013 ob
423 1982 614 2021 quorumdam
625 1981 741 2012 suorum
756 1980 850 2011 Duras
865 1981 1019 2019 Cervices,
1039 1985 1053 1998 ⁴
1072 1980 1143 2018 ipsa,
1162 1981 1243 2010 lacri-

178 2022 275 2052 mabili
296 2021 366 2052 Fato
378 2045 388 2060 ,
416 2021 466 2052 sub
484 2020 567 2060 justae
582 2019 760 2058 Conquestae
772 2019 876 2049 nostrae
893 2019 1033 2058 Flagello,
1051 2019 1193 2055 sustinuit,
1212 2019 1243 2048 in

177 2070 246 2091 eum
263 2060 384 2091 modum
401 2059 481 2098 quod
497 2069 573 2097 non,
592 2059 641 2088 nisi
659 2060 708 2088 iub
725 2058 829 2088 nostrae
845 2057 1038 2088 protectionis
1052 2057 1240 2097 &singularis

177 2098 285 2130 Gratiae
302 2099 420 2138 favore,
438 2098 471 2129 ad
488 2098 569 2136 prisci
583 2096 676 2128 Status
689 2098 878 2136 integritatem
893 2098 980 2127 valeat
996 2096 1143 2134 respirare,

215 2137 324 2168 Omnia
341 2138 374 2169 δε
391 2137 494 2175 singula
510 2136 658 2179 Privilegia
673 2158 683 2174 ,
705 2134 935 2173 Praeminenu'as,
953 2135 1176 2172 Praerogativas,
1195 2133 1246 2164 Li-

175 2177 314 2215 bertates,
327 2176 411 2215 Jura,
429 2177 462 2206 δε
481 2175 656 2206 Franchelias
672 2174 824 2214 praedicta,

211 2214 246 2245 In
263 2224 401 2252 quantum
415 2215 448 2246 &
465 2223 548 2252 prout
564 2213 691 2251 praedic'ti
706 2212 873 2252 Burgenses,
898 2211 1017 2250 incolae,
1035 2211 1069 2242 δε
1086 2210 1247 2241 Inhabitan-

176 2262 217 2284 tcs
239 2254 321 2284 Villae
346 2253 488 2292 praedic'tae
508 2254 541 2284 ὅς
563 2252 775 2282 Suburbiorum
801 2251 922 2289 ejusdem
939 2274 948 2289 ,
971 2252 1004 2282 &
1022 2249 1246 2280 praedecessores

177 2292 235 2331 sui,
251 2292 357 2323 eisdem
379 2293 411 2323 &
431 2300 532 2322 corum
556 2290 683 2329 singulis,
702 2290 876 2328 temporibus
894 2289 1058 2327 retroaetis,
1076 2287 1247 2319 rationabili-

179 2338 221 2361 ter
234 2353 243 2367 ,
261 2342 294 2362 ac
314 2330 449 2370 pacifice,
468 2331 500 2361 δε
516 2330 610 2367 quiete
627 2329 665 2359 usi
681 2328 784 2359 fuerint
802 2329 835 2359 ὃ(
852 2328 951 2367 gavisi,

218 2369 276 2400 Pro
292 2371 373 2400 nobis
390 2370 423 2400 δι’,
438 2368 607 2399 Hei-edibus
621 2367 740 2404 nostris,
758 2376 896 2405 quantum
912 2368 939 2396 in
955 2367 1036 2397 nobis
1052 2365 1109 2402 est,
1130 2365 1244 2402 Accep-

180 2416 288 2444 tamuS,
306 2408 507 2446 Approbamus
524 2431 533 2444 ,
560 2406 592 2436 &
608 2416 639 2436 ea
657 2416 734 2436 nunc
750 2405 953 2443 Burgensibus,
968 2405 1089 2442 Incolis,
1110 2404 1142 2434 &
1160 2403 1246 2433 Inha-

181 2447 333 2477 bitantibus
351 2471 360 2484 ,
385 2447 418 2476 &
440 2444 654 2476 Succefforibus
676 2444 726 2475 suis
741 2445 968 2481 imperpetuum,
985 2443 1021 2474 de
1034 2442 1134 2474 Gratia
1151 2441 1247 2472 nostra

183 2484 308 2522 speciali,
326 2484 361 2514 de
377 2484 473 2516 Novo
489 2482 685 2513 Concedimus
702 2492 750 2520 per
767 2482 937 2512 Fra-sentes:

223 2521 259 2552 Et
288 2523 400 2552 ulterius
413 2547 422 2560 ,
449 2523 484 2552 de
504 2522 627 2551 uberiori
651 2520 753 2552 Gratia
775 2520 886 2558 nostra,
905 2521 937 2551 &
953 2518 988 2550 ad
1008 2518 1241 2550 Meliorationem

186 2559 270 2590 Villae
291 2560 431 2596 praedfflae
446 2584 456 2597 ,
483 2559 683 2590 Concessimus
706 2560 824 2599 praefatis
847 2558 1031 2598 Burgenlibus
1046 2580 1055 2595 ,
1074 2558 1196 2595 Incolis,
1214 2558 1247 2587 δὲ

185 2597 408 2628 Inhabitantibus
423 2599 451 2627 in
467 2597 601 2635 prrcdict'a
619 2597 695 2628 Villa
713 2597 808 2628 nostra
823 2620 832 2634 ,
850 2599 883 2629 &
904 2598 962 2634 ejus
981 2595 1144 2633 Suburbiis,
1165 2595 1245 2633 quod

186 2633 260 2673 Ipsi,
277 2636 310 2666 ὃ(
327 2645 429 2667 eorum
448 2635 626 2665 Succel'lores
650 2636 858 2674 imperpetuum
871 2660 881 2673 ,
907 2644 1018 2666 exnunc
1033 2635 1083 2664 sint
1104 2635 1199 2664 Liberi
1215 2636 1248 2664 &

190 2674 292 2719 Qicti
310 2674 346 2704 de
370 2674 542 2704 omnimodis
568 2672 714 2703 Custumis
731 2696 740 2711 ,
764 2673 908 2712 Panagiis,
928 2673 1042 2704 Auxiliis
1061 2673 1199 2703 Villarurn
1216 2673 1248 2702 &C

189 2714 312 2743 aliorum
330 2712 509 2742 Auxiliorum
523 2721 791 2749 quorumcumque,
808 2712 845 2741 de
861 2712 894 2742 ὃς
910 2721 962 2748 pro
978 2712 1112 2741 omnibus
1122 2710 1252 2740 Deveriis

190 2751 226 2782 &
243 2750 412 2781 Mercaturis
428 2751 493 2788 suis,
512 2759 561 2787 per
576 2759 669 2780 torum
686 2748 832 2780 Ducatum
845 2749 975 2779 nostrum
993 2749 1202 2786 Normanniae,
1219 2757 1252 2777 ac

190 2790 254 2820 alias
281 2789 373 2819 Partes
396 2789 522 2819 Franci-„e
543 2788 625 2818 nobis
640 2788 794 2826 [υϋ]ςᾶειε,
809 2798 843 2818 ac
860 2787 962 2825 Villas,
982 2787 1109 2825 Pallagia
1120 2812 1130 2825 ,
1146 2788 1179 2818 &
1199 2785 1253 2816 Di-

191 2827 302 2860 strffitus
314 2828 498 2864 eorumdem,

231 2865 400 2896 Mandantes
412 2890 421 2904 ,
450 2867 552 2903 vigore
571 2863 754 2895 Praesentium
768 2887 778 2902 ,
805 2864 940 2894 omnibus
954 2865 987 2896 ὃ(
1002 2863 1110 2903 singtilis
1122 2863 1254 2902 justicia-

194 2906 253 2941 riis,
274 2903 383 2934 Ballivis
397 2927 406 2942 ,
433 2904 683 2941 Vicecomitibus,
707 2902 876 2940 Officiariis,
903 2902 1060 2940 Ministris,
1086 2903 1201 2940 Ligeis,
1220 2902 1253 2932 &

195 2942 320 2974 Subdit'is
340 2942 440 2972 nostris
452 2964 462 2980 ,
485 2943 533 2979 qni
555 2952 634 2972 nunc
650 2941 728 2978 sunt,
746 2941 778 2971 δε
794 2943 841 2979 qui
856 2951 908 2979 pro
920 2949 1050 2979 tempore
1066 2951 1165 2978 erunt,
1181 2950 1255 2978 quo-

197 2991 262 3012 rum
284 2981 395 3011 interest
410 3003 420 3018 ,
446 2980 525 3018 quod
545 2980 674 3017 praefaros
689 2979 858 3016 Burgenses,
874 2979 1002 3018 Incolas,
1019 2981 1052 3010 &
1069 2979 1256 3009 inhabitantes

197 3021 226 3050 in
242 3019 372 3057 praedict-a
390 3019 462 3048 Villa
474 3018 567 3048 nostrii
582 3020 614 3048 ὅ(
627 3018 773 3048 Suburbiis
787 3018 908 3056 ejusdem
918 3042 927 3055 ,
945 3018 1082 3048 omnibus
1097 3019 1129 3048 ὃς
1147 3017 1255 3057 lingulis

197 3057 368 3096 Privilegiis,
385 3056 608 3093 Praeminentiis,
625 3055 837 3094 Praerogativis,
855 3056 1062 3095 Libertatibus,
1076 3056 1206 3094 juribus,
1222 3056 1255 3085 δε

198 3095 371 3126 Francliesiis
391 3096 442 3125 suis
461 3094 599 3131 praedietis
620 3095 714 3131 (p'rout
737 3096 770 3125 &
792 3103 943 3133 quarenuS,
963 3105 993 3125 ut
1011 3095 1180 3132 praediftum
1195 3093 1235 3124 est
1247 3118 1256 3131 ,

198 3136 237 3165 eis
253 3134 292 3164 usi
305 3135 366 3164 sunt
381 3135 414 3165 δε
429 3132 524 3173 gavisi)
541 3142 655 3161 necnon
671 3133 708 3161 eis
723 3132 755 3162 ὃς
778 3143 880 3162 eorum
898 3133 1008 3171 singulis
1020 3157 1029 3170 ,
1057 3134 1107 3163 libi
1130 3134 1165 3163 de
1187 3134 1256 3162 ube-

200 3173 266 3202 riori
288 3172 385 3202 Gratia
405 3181 454 3208 per
475 3180 526 3199 nos
540 3169 706 3208 Concel'sis,
725 3170 760 3200 de
780 3180 885 3201 caetero
901 3172 940 3201 uti
957 3172 990 3202 ὃ(
1006 3171 1127 3210 gaudere
1142 3172 1260 3209 permit-

200 3218 275 3246 tant,
293 3209 395 3247 absque
410 3208 629 3246 Molestatione‚
648 3208 854 3246 Inquietatione
871 3231 880 3247 ,
897 3209 941 3239 seu
958 3209 1171 3247 lmpedimento
1186 3219 1260 3247 quo—

201 3257 336 3278 rumcum
360 3257 394 3277 ue

240 3258 480 3324 Praeserllmr’nque
494 3284 650 3315 Literarum
666 3284 756 3314 Vidice
771 3285 814 3315 seu
829 3285 1019 3324 Tranfiripto,
1040 3285 1137 3323 Regio
1154 3285 1203 3315 sub
1220 3284 1264 3314 Si-

206 3324 277 3363 gillo
298 3324 434 3353 confefto
446 3346 456 3360 ,
483 3323 552 3353 sicut
572 3323 622 3352 hiis
638 3322 739 3353 nostris
754 3323 854 3353 Literis
866 3322 1065 3362 Originalibus,
1084 3323 1185 3354 Fidem
1201 3330 1264 3353 cer—

206 3371 268 3430 tat?
280 3362 313 3392 &
327 3362 471 3430 indubgam
485 3361 611 3392 adhiberi
623 3361 756 3391 volumus
769 3362 802 3392 ὃς
815 3362 955 3400 jubemus.

261 3410 281 3430 n
294 3410 329 3429 cu
343 3409 389 3436 us,
431 3409 467 3428 -c.

207 3476 224 3516 J
248 3409 338 3482 Τεῑξς]
350 3438 431 3477 Rege
443 3437 516 3475 apud
531 3436 651 3477 Castrum
660 3436 740 3477 suum
754 3436 911 3475 Rothomagi
923 3461 933 3474 ,
957 3436 1073 3468 decimo
1086 3437 1206 3475 septimo
1220 3436 1266 3467 die

227 3486 339 3507 anuaxn.

26 1988 44 2006 ‘
58 1987 95 2015 X.
113 1995 159 2023 49.

894 3515 947 3543 Per
963 3513 1044 3553 ipfiam
1061 3516 1163 3551 Regem.

414 3656 463 3687 De
481 3651 621 3695 Potestase
638 3652 796 3698 Commissa
811 3655 893 3685 Duci
912 3653 1078 3686 Clarenciae.

316 3748 364 3786 X,
383 3747 523 3779 carissimo
539 3746 627 3777 Fratri
643 3745 708 3782 suo,
724 3745 830 3775 Thomae
843 3746 914 3774 Duci
928 3743 1072 3775 Clarenciae
1083 3769 1091 3783 ,
1110 3745 1243 3778 Salutem.

306 3787 401 3817 Sciatis
417 3785 497 3823 quod
516 3785 654 3815 Dedimus
667 3784 767 3822 vobis,
786 3793 819 3813 ac
829 3805 838 3820 ‚
854 3782 971 3813 Tenore
986 3782 1188 3822 Praesentium‚
1208 3784 1269 3816 Da-

74 3837 129 3862 An·
145 3836 175 3859 25.
221 3832 282 3852 mus
296 3826 405 3856 plenam
422 3823 613 3860 potestatem,
630 3821 856 3858 Aueloritatem,
875 3821 909 3850 &
921 3819 1093 3852 Mandatum
1104 3822 1221 3860 speciale
1235 3822 1269 3854 ad

76 3877 113 3900 H⁴
132 3881 161 3907 5·
221 3868 264 3890 tot
283 3863 315 3893 Sc
339 3863 402 3893 tales
427 3862 530 3899 Ligeos
545 3860 657 3892 nostros
676 3860 804 3898 Angliae,
822 3860 855 3889 &
872 3857 1002 3889 Ducatfis
1018 3860 1105 3890 nostri
1121 3860 1271 3891 Norman-

76 3915 169 3939 Ncrm,
184 3909 214 3937 3,
224 3899 294 3933 niae,
312 3910 343 3930 ac
355 3902 466 3930 aliarum
481 3899 606 3929 Patrium
625 3898 725 3929 Nobis
737 3897 920 3935 subjectarum
937 3896 1148 3935 (cujuscumque
1161 3897 1271 3937 Statfis,

79 3951 210 3984 5573-
223 3935 337 3979 Gradus
351 3962 360 3975 ,
385 3939 428 3968 seu
448 3937 630 3968 Conditionis
652 3937 765 3974 fuerint)
788 3936 825 3966 de
846 3934 971 3966 Partibus
995 3933 1158 3967 Cismarinis
1172 3961 1183 3974 ,
1201 3946 1271 3976 quot

77 3994 115 4014 w.
128 3994 155 4017 ¹7
164 4008 169 4014 ,
178 3987 205 4013 ,[-
216 3982 295 4013 Juitta
312 3975 403 4006 sanam
415 3976 611 4007 discretionem
626 3974 748 4008 vestram
765 3974 827 4006 fote
838 3973 962 4006 videritis
977 3973 1156 4014 faciendum,
1174 3975 1208 4006 ad
1218 3985 1271 4009 vos

75 3748 305 3804 Ann-D.RE

105 3803 194 3832 1421.

650 81 1461 133 CONVENTIO‘NE-S,
1517 76 1953 138 LITERsAE„

1284 172 1415 239 guotiens
1432 173 1466 204 ὅ(
1477 166 1593 210 quando
1606 172 1687 204 vobis
1701 164 1835 212 placuerit
1844 163 2060 210 ,Evocandum
2075 163 2223 204 &venire
2229 162 2349 206 Facien-
2365 163 2505 205 Animo}-

1311 219 1359 240 um
1371 231 1380 248 ‚
1697 228 1700 231 Δ
2043 235 2048 238 .
2271 221 2273 226 ·
2292 219 2303 227 '⁴
2351 216 2354 238 Ι
2388 221 2400 242 1
2450 212 2481 244 1.¹

1310 248 1361 291 ’Et
1377 249 1449 286 ipsos
1469 249 1502 280 ὃς
1519 259 1619 279 eorum
1644 248 1802 287 quemlibet
1820 271 1830 286 ,
1855 250 1913 278 tam
1934 247 2002 278 infra
2020 248 2190 281 Potestatem
2212 249 2353 289 &juris‘
2367 220 2505 288 taff*

1286 285 1448 316 drfflonern
1468 287 1660 324 praecariffirni
1684 290 1778 317 Patris
1802 286 1886 326 nostri
1907 289 2056 325 Franciae,
2096 289 2162 318 uam
2175 287 2350 327 nostras,'in

1283 323 1513 361 Equitationibus
1530 326 1564 356 ὃ(
1587 324 1696 362 Viagiis
1714 325 1833 363 vestris,
1848 327 1876 355 in
1894 325 2062 356 Relistendo
2116 325 2350 362 alitiae'lnimieuz

1284 372 1348 405 rum
1364 363 1488 401 ejusdem
1500 362 1588 393 Patris
1605 363 1695 393 nostri
1708 365 1742 395 &
1756 363 1935 402 nostrorum,
1953 365 2005 394 viis
2019 365 2052 395 &
2067 364 2159 401 modis
2171 364 2353 404 quibfis'ffie-ss‘

1284 400 1337 431 lius
1351 401 1483 432 sciveritis
1497 401 1541 431 vel
1557 402 1699 440 poteritis,
1721 402 1892 441 Regendum
1909 404 1941 433 ὃς
1957 402 2225 444 Gubernandum',''
2244 410 2246 414 “
2260 408 2266 418 “

1320 439 1366 506 ἦλα
1377 440 1468 508 ἓρίοε,
1487 448 1521 470 ex
1535 440 1613 470 causa
1627 439 1762 476 praedieca
1771 441 1939 478 ,vobiscum
1953 441 2068 472 transite
2083 443 2116 474 &
2131 439 2255 482 equitare
2261 453 2347 474 com-

1285 487 1320 516 pe
1341 488 1375 507 en
1398 488 1463 515 um,

1322 515 1445 561 Dimissi
1458 516 1566 560 semper
1579 516 1609 544 in
1624 513 1746 559 Castris,
1760 515 1857 553 Villis,
1872 527 1905 548 ac
1921 518 1977 549 aliis
1991 518 2141 549 Fortalitiis
2156 519 2190 550 δε
2204 517 2347 551 Garnesiis

1281 559 1384 585 noltris
1399 555 1556 585 rationabili
1572 554 1606 584 ὅτ,
1621 553 1768 584 sufficienti
1780 554 1907 587 Stuffura
1920 557 2116 588 Soldariorum
2131 567 2184 595 pro
2200 557 2346 594 Munitio-

1280 602 1317 622 ne
1332 593 1364 623 &
1383 592 1557 623 Defenlione
1571 592 1754 630 eorumdem,
2238 589 2259 594 ⁹

1319 631 1364 661 Ac
1387 631 1422 661 ad
1444 632 1509 662 tales
1531 630 1780 662 Constabularium
1798 631 1832 661 ὃς
1850 631 2067 674 Marescallutn,
2085 634 2179 674 quales
2193 633 2275 667 vobis
2290 645 2344 673 pro

1283 667 1499 701 Gubernatione
1520 670 1553 700 δε
1576 669 1729 708 Regimine
1746 668 1887 700 Gentium
1912 672 2108 708 praedictarum
2129 674 2190 704 fore
2206 674 2343 705 videbitur

1280 707 1439 747 faciendos,
1458 707 1676 745 Ordinandum,
1691 707 1952 747 Constitueudum,
1967 711 2001 740 &
2017 710 2269 752 &putandumst
2326 734 2336 744 .
2377 734 2381 739 .
2481 734 2485 741 ,

1317 747 1362 777 Ac
1378 747 1574 785 quoscumque
1590 755 1623 776 ex
1648 746 1685 777 eis
1697 745 1944 785 Transgressores,
1963 744 2225 789 &talefaeteresgssc
2238 745 2347 784 Dersn‘z
2366 748 2386 756 ”
2435 747 2437 751 ⁴

1281 794 1398 821 quentes
1416 808 1425 824 ,
1447 795 1494 816 aut
1517 786 1601 816 vobis
1623 785 1668 816 seu
1692 784 1833 815 Mandato
1857 786 1953 816 vestro
1975 787 2004 825 in
2017 784 2340 828 aliquorInobedienteS,

1281 822 1468 862 Contrarios,
1481 823 1527 854 seu
1542 824 1693 860 Rebelles,
1711 823 1946 854 Incarcerandum
1962 847 1972 863 ,
1997 822 2343 864 Castigandum{⁴&.Pu-
2434 855 2438 858 ,

1280 862 1435 931 ἓὶεράιὲω,
1455 871 1538 901 prout
1548 863 1626 901 juxm
1641 872 1744 893 eorum
1759 861 1907 893 Demetita
1921 864 1955 894 ὅς
1970 862 2055 894 Casus
2069 860 2345 904 exigendamffiu'erit,
2381 883 2384 886 >
2493 864 2500 910 ζ

1293 911 1371 931 acien
1393 911 1443 931 um
2324 927 2328 936 s

1316 940 1364 970 Ac
1383 940 1419 970 de
1436 924 1615 970 Ix’icarceraris
1650 941 1698 979 qui
1713 939 1897 971 Deliberandi
1913 940 2018 972 fuerint
2057 936 2350 980 Deliberandumssff'
2379 969 2404 978 ,,
2440 972 2450 975 .,
2489 970 2497 975 ,

1281 1016 1287 1022 ἢ
1317 977 1487 1016 Caeteraque
1509 979 1616 1022 Facien·
1634 989 1681 1008 um
1695 978 1930 1022 „Exercendum
1944 1003 1954 1017 ,
1979 981 2013 1012 &
2026 965 2348 1020 ’Expediendumsquae
2366 980 2390 995 Ὗ·

1280 1026 1308 1046 in
1324 1016 1377 1060 bac
1392 1026 1468 1052 parte
1483 1017 1634 1048 neccssaria
1652 1017 1753 1048 fuerint
1768 1017 1813 1047 seu
1826 1018 2046 1056 quomodolibet
2059 1029 2220 1058 oportuna,
2271 1046 2273 1048 .
2346 1032 2348 1037 ·

1318 1054 1357 1085 ht
1373 1055 1440 1086 ideo
1455 1056 1537 1086 vobis
1552 1055 1722 1086 Mandamus
1739 1055 1819 1093 quod
1835 1057 1910 1086 circa
1921 1056 2067 1088 Praemissa
2077 1081 2087 1096 ,
2104 1060 2166 1090 &c.
2301 1070 2306 1094 ι
2338 1057 2342 1059 ’

1307 1094 1334 1137 ³*
1355 1093 1467 1138 Damus
1487 1103 1582 1125 autem
1603 1095 1662 1136 tam
1677 1092 1899 1125 Locumtenenti
1913 1095 2010 1126 nostro
2026 1095 2237 1133 Normanniae,
2256 1095 2344 1141 quam
2362 1111 2382 1133 ς
2399 1109 2425 1138 X
2492 1111 2498 1116 *

1279 1131 1584 1176 alus-qmbuscumque
1605 1132 1819 1176 (cujuscumque
1840 1132 1946 1171 status,
1972 1133 2155 1174 gradussseu
2171 1132 2347 1166 conditionis
2427 1130 2434 1139 ⁸
2450 1121 2497 1147 5⁰⁴

1280 1170 1396 1207 fuerint)
1415 1171 1578 1209 caeterisque
1590 1171 1726 1201 omnibus
1739 1170 1796 1201 aliis
1807 1171 1986 1210 justiciariis,
2003 1171 2173 1212 Officiariis,
2193 1172 2347 1212 Ministris,

1280 1208 1392 1248 Ligeis,
1410 1211 1443 1241 ὃ(
1464 1210 1586 1241 Subditis
1597 1233 1606 1247 ,
1631 1210 1665 1240 δε
1689 1209 1833 1248 vassallis,
1850 1211 1909 1240 tam
1927 1210 2055 1248 praediffi
2070 1212 2174 1251 Patris,
2189 1213 2275 1251 quam
2290 1222 2346 1243 uo-

1280 1247 1340 1278 stris
1356 1272 1365 1286 ,
1390 1248 1510 1279 Tenore
1534 1248 1717 1279 Praesentium
1731 1272 1740 1285 ,
1765 1247 1882 1278 firmiter
1904 1249 1934 1278 in
1960 1248 2104 1282 Mandatis
2123 1251 2204 1289 quod
2220 1251 2302 1282 vobis
2312 1251 2344 1282 in

1280 1287 1449 1329 eifecutione
1466 1287 1703 1325 Praemissorum,
1722 1296 1850 1325 pareant,
1865 1287 2069 1326 intendant,&
2086 1289 2219 1320 obediant
2232 1290 2262 1319 in
2278 1298 2345 1319 om-

1279 1326 1361 1355 nibus
1381 1325 1555 1363 diligenter,
1582 1326 1712 1363 quotiens
1736 1326 1768 1356 &
1789 1326 1904 1364 quando
1927 1335 1976 1364 per
2000 1337 2074 1366 vos,
2091 1337 2125 1359 ex
2140 1338 2217 1366 parte
2230 1327 2346 1366 nostra,

1279 1364 1382 1394 fuerint
1395 1363 1492 1394 debite
1508 1365 1639 1402 requiriti.

1318 1401 1350 1431 ln
1365 1403 1460 1440 cujus,
1478 1403 1539 1433 ὅτε.
1559 1401 1695 1440 quamdiii
1711 1401 1790 1437 Regi
1806 1402 1941 1440 placuerit
1957 1403 2108 1436 duraturas.

1276 1477 1293 1517 J
1316 1440 1406 1485 Teste
1422 1441 1504 1480 Rege
1521 1442 1594 1480 apud
1608 1441 1731 1480 Castrum
1740 1440 1821 1480 suum
1836 1442 1999 1481 Rothomagi
2012 1466 2021 1482 ,
2040 1443 2157 1475 decimo
2172 1443 2282 1476 oistavo
2298 1442 2345 1474 die

1295 1489 1409 1511 anuatii.

2284 723 2347 740 ‚fv-
2403 727 2405 729 ,

1973 1522 2027 1550 Per
2038 1521 2121 1561 ipJfam
2135 1525 2240 1561 Regem.

1287 1616 1396 1623 ...——..-

1493 1671 1546 1702 De
1564 1662 1724 1700 Frufflbus
1739 1663 1950 1709 Beneficiorum
1970 1662 2134 1708 Restitutis.

1281 1772 1333 1826 R
1346 1766 1369 1796 E
1380 1766 1409 1797 X
1435 1769 1550 1797 Vitariis
1573 1769 1602 1795 in
1624 1763 1810 1804 spiritualibus
1825 1763 2022 1803 Archiepiftopi
2038 1762 2268 1805 Rothomagenfis,
2285 1765 2346 1804 ipib
2367 1786 2394 1818 Α
2455 1785 2487 1817 D

1358 1805 1584 1843 Archiepiscopo
1605 1805 1634 1834 in
1660 1805 1776 1834 remotis
1799 1812 1914 1842 agente,
1929 1804 2053 1834 Salutem
2064 1825 2074 1840 ‚
2091 1812 2206 1833 necnon
2217 1804 2350 1834 univerfis
2397 1795 2444 1816 ¹¹¹¹·
2490 1809 2498 1817 ’

1282 1845 1315 1875 δε
1338 1843 1447 1884 singulis
1471 1843 1618 1882 Episcopis
1633 1865 1643 1880 ,
1671 1842 1812 1879 Decanis,
1829 1843 1861 1872 &
1879 1840 2016 1879 Capitulis
2031 1840 2223 1872 Ecclesiarum
2241 1840 2350 1872 Cathe-
2447 1865 2456 1874 2
2468 1849 2475 1855 “

1281 1883 1419 1920 dralium,
1435 1893 1468 1913 ac
1486 1884 1571 1912 etiam
1588 1881 1716 1918 ballivis,
1735 1880 1983 1918 Vicecomitibus,
2003 1880 2230 1917 Receptoribus‚
2248 1889 2282 1911 ac
2295 1880 2352 1911 aliis
2369 1868 2421 1892 An.
2440 1867 2468 1892 b·

1281 1920 1438 1952 Officiariis
1474 1922 1507 1951 δε
1525 1920 1664 1949 Ministris
1680 1917 1798 1957 nostris,
1817 1918 1887 1948 infra
1898 1918 2045 1949 Ducarum
2061 1917 2352 1949 nostrumNormiin—
2370 1907 2404 1930 H.
2425 1912 2451 1938 5*

2391 1834 2462 1864 142¹

1282 1961 1336 1990 niae
1352 1960 1398 1993 vel
1411 1944 1477 1990 alibi
1492 1959 1564 1989 infra
1579 1957 1782 1997 Conquestum
1795 1956 1926 1988 nostrum
1943 1958 2062 1988 ubilibet
2075 1956 2250 1996 constitutis,
2269 1957 2351 1990 Sala:
2365 1945 2460 2016 {zm}
2471 1939 2500 2015 ξ·

1281 2008 1349 2029 tem.
2395 2002 2400 2007 ·
2432 2002 2437 2007 '
2463 2001 2468 2007 '
2492 1999 2501 2006 ‘

2343 2036 2350 2040 “
2365 2027 2402 2047 m·
2421 2027 2467 2055 302

1319 2036 1491 2068 Mandamus
1513 2037 1597 2067 vobis
1612 2060 1621 2075 ,
1644 2036 1677 2067 &
1697 2033 1827 2066 vestrum
1849 2034 1965 2066 cuilibet
1978 2042 2063 2072 prout
2077 2034 2111 2065 ad
2127 2045 2194 2066 eum
2208 2036 2352 2073 pertinue-

1283 2076 1318 2106 rit
1335 2101 1344 2114 ,
1390 2077 1450 2107 uod
1465 2099 1475 2115 ‚
1499 2075 1618 2106 dileetos
1638 2074 1740 2106 Nobis
1754 2096 1765 2112 ,
1791 2073 1957 2105 Canonicos
1981 2074 2014 2104 &
2028 2073 2198 2112 Capitulum
2212 2073 2352 2106 Ecclesiae

1285 2114 1378 2146 Cathe
1399 2115 1461 2145 ralis
1473 2114 1509 2145 de
1525 2113 1676 2151 Beauvais,
2212 2114 2217 2117 “
2278 2112 2281 2116 “

1320 2154 1382 2193 Qii
1397 2153 1620 2190 ,Sacramentum
1647 2152 1777 2182 debitum
1800 2150 1836 2182 de
1857 2149 2063 2182 Conservando
2082 2152 2249 2190 praesentem
2279 2151 2349 2183 PA-

1283 2202 1301 2223 c
1312 2201 1329 2223 E
1339 2200 1383 2230 M,
1402 2193 1474 2223 inter
1494 2190 1731 2229 Praecariffimum
1754 2193 1868 2220 Patrem
1888 2189 2005 2230 nostrum
2018 2193 2142 2221 Francia
2157 2191 2190 2222 &
2205 2193 2265 2228 Nos
2277 2200 2351 2222 con-
2374 2195 2378 2197 “

1284 2230 1390 2262 clusam
1405 2231 1438 2261 &
1449 2230 1662 2261 ‘concordatam
1701 2229 1830 2259 fecerunt
1844 2229 1878 2259 &
1896 2228 2100 2268 praestiterunt,
2209 2250 2212 2253 Δ
2319 2229 2325 2234 “
2339 2225 2352 2237 “

1322 2269 1504 2300 Omnimoda
1518 2268 1541 2299 F
1543 2269 1654 2307 ructus,
1672 2252 1828 2306 kedditus,
1846 2266 2066 2306 Obventiones,
2083 2270 2118 2300 &
2134 2267 2351 2307 Emolumenta,

1284 2309 1321 2340 de
1343 2309 1569 2346 quibuscumque
1596 2306 1741 2337 Beneficiis
1762 2306 1830 2344 suis,
1849 2306 1922 2336 infra
1936 2305 2085 2337 Ducatum
2100 2307 2134 2337 &
2149 2305 2351 2345 Conquesturn

1286 2346 1399 2378 nostros
1415 2346 1582 2385 praedidtos,
1600 2346 1810 2384 provenientia,
1826 2344 1860 2375 &
1876 2344 1926 2374 fibi
1943 2346 2027 2375 unitis
2051 2346 2086 2377 &
2107 2345 2295 2384 appropriatis
2312 2345 2352 2377 ab'

1284 2388 1402 2424 antiquo
1420 2395 1451 2416 ut
1466 2385 1580 2421 dicunt,
1598 2395 1631 2415 ac
1647 2383 1791 2423 Arreragia
1809 2385 1873 2413 inde
1885 2382 1977 2413 debita
1992 2383 2011 2413 si
2024 2393 2089 2422 quae
2105 2385 2228 2422 fuerint,
2443 2405 2461 2414 ,.

1320 2424 1518 2455 Solummodo
1543 2423 1682 2454 reservatis
1704 2423 1774 2460 hiis,
1797 2431 1863 2461 quae
1885 2423 1961 2452 circa
1973 2421 2222 2460 Reparationes&
2239 2423 2268 2452 in
2283 2422 2353 2454 Sus-'
2386 2428 2392 2444 <
2428 2439 2430 2441 ·

1284 2465 1472 2495 tentationem
1488 2461 1590 2492 Divini
1608 2459 1713 2492 Cultus
1726 2471 1759 2491 ac
1775 2461 1826 2491 alia
1841 2459 1940 2490 Onera
1955 2461 2091 2491 ordinaria
2105 2460 2279 2498 applicantur

1323 2502 1440 2532 l-labere
1454 2502 1487 2531 ἃ
1503 2509 1616 2538 tenere,
1640 2501 1673 2531 &
1690 2499 1761 2538 ipsos
1773 2499 1937 2529 Canonicos
1952 2500 1985 2530 &
2001 2498 2166 2536 Capitulum
2181 2484 2347 2536 stumfius,

1287 2540 1472 2576 Redditibus,
1491 2539 1724 2569 Obventionibus
1734 2562 1744 2577 ,
1762 2538 1796 2568 &
1808 2537 2020 2568 Emolumentis
2036 2538 2087 2568 illis
2099 2536 2135 2568 de
2147 2545 2254 2567 caetero
2268 2537 2306 2567 uti
2315 2537 2352 2567 &

1287 2579 1406 2618 gaudere
1421 2577 1539 2615 pacifice
1556 2578 1738 2616 permittatis,

1325 2617 1432 2656 Aliquo
1449 2615 1605 2653 Mandato,
1625 2616 1724 2652 vobis,
1739 2623 1786 2646 aut
1800 2613 1884 2644 alicui
1898 2610 2043 2650 vestrum,
2064 2613 2094 2642 in
2111 2613 2288 2643 contrarium
2308 2612 2351 2644 di-

1288 2655 1384 2693 recto,
1401 2664 1461 2685 nou
1477 2653 1615 2683 obstante.

2372 2057 2430 2095 dor²

1287 2768 1303 2808 J
1323 2730 1412 2774 Teste
1430 2730 1514 2768 Rege
1527 2728 1601 2768 apud
1616 2728 1739 2768 Cast-rum
1748 2726 1830 2766 fidum
1851 2726 2018 2766 Rothomagi
2031 2750 2040 2766 ,
2055 2717 2170 2759 decimo
2183 2727 2290 2760 ottavo
2303 2706 2358 2761 die'

1307 2778 1418 2800 anual'u.

1446 2848 1617 2880 Consimiles
1633 2829 1737 2879 fiiterm
1754 2847 1858 2878 habent
1871 2846 2035 2887 subscripti,
2052 2845 2201 2885 videlicet,

1328 2928 1467 2967 Magister
1485 2906 1573 2959 cnido
1595 2928 1739 2959 Dronaille
1753 2953 1763 2967 ,
1789 2927 1882 2958 diffitus
1903 2927 2103 2966 Deffienbourc,
2121 2927 2170 2964 qui
2185 2925 2352 2956 Sacramen-

1291 2976 1352 2998 tum
1365 2968 1495 2999 debitum
1509 2968 1546 2998 de
1562 2967 1767 2998 Conservando
1782 2965 1905 3003 Pacem,
1925 2967 1985 2996 &c.
2003 2967 2038 2995 de
2057 2965 2283 3004 quibuscumque
2295 2963 2352 2995 Be-

1291 3006 1397 3037 neficiis
1411 3007 1461 3037 suis
1474 3008 1545 3037 infra
1561 3006 1711 3037 Ducatum
1727 3006 1817 3043 Regis
1829 3003 2040 3041 Normanniae,
2059 3004 2119 3035 &c.

1331 3083 1454 3114 Michael
1467 3083 1620 3122 chapperon
1644 3082 1810 3120 Capellanus
1823 3103 1833 3118 ‚
1855 3080 1960 3118 juratus
1974 3102 1983 3118 ,
1999 3080 2060 3111 ἃς.
2078 3079 2114 3111 de
2129 3078 2354 3119 quibuscumque

1293 3122 1438 3153 Beneficiis
1452 3122 1504 3153 suis
1520 3122 1592 3152 infra
1608 3121 1757 3152 Ducatum
1773 3119 1976 3150 Normanniae.

1330 3202 1478 3239 Stephanus
1490 3200 1656 3239 Amoureuft
1675 3199 1862 3238 Cappellanus
1875 3222 1884 3236 ‚
1904 3200 2028 3237 juratus,
2046 3199 2108 3230 &c.
2123 3198 2159 3230 de
2172 3197 2354 3237 quibuscum-

1297 3251 1351 3279 que
1368 3240 1514 3272 Beneficiis
1526 3240 1578 3270 suis
1593 3240 1665 3270 infra
1678 3239 1825 3270 Ducatum
1843 3237 1930 3277 Regis
1943 3237 2120 3277 praedictum.

1338 3319 1479 3357 Magister
1494 3320 1617 3360 Nicafius
1630 3319 1654 3349 le
1669 3323 1756 3357 Goix,
1778 3319 1955 3350 Licenciatus
1966 3319 1995 3349 in
2006 3317 2148 3356 Legibus,
2162 3316 2284 3348 Curatus
2296 3316 2354 3348 Ec-

1299 3358 1389 3389 cleliae
1406 3358 1575 3389 Parochialis
1589 3359 1626 3389 de
1638 3358 1819 3396 Turgunulle
1837 3357 2020 3388 Lexoviensis
2042 3356 2184 3387 Dioecefis
2199 3378 2209 3393 ,
2234 3357 2282 3394 qui
2303 3354 2354 3386 Sa-

1297 3406 1476 3428 cramentum
1490 3396 1634 3436 debitum,
1651 3398 1712 3429 ἃς.
1732 3396 1767 3428 de
1779 3395 1922 3427 Beneficio
1934 3395 1984 3427 suo
1999 3395 2158 3433 praediuite,
2172 3395 2233 3426 &c.

1337 3478 1423 3507 Guido
1437 3478 1469 3507 de
1485 3478 1602 3508 Albiaco
1617 3476 1782 3508 Canonicus
1794 3474 2050 3515 Rothomagenfis,
2065 3472 2240 3511 Curatusque
2251 3470 2355 3502 Eccle-

1304 3515 1350 3546 fiae
1373 3516 1541 3546 Parochialis
1564 3516 1659 3546 Sanc‘ti
1682 3515 1799 3545 Martini
1815 3538 1825 3553 ,
1843 3515 1879 3545 de
1894 3514 2055 3551 Hareflieu‚
2072 3522 2106 3543 ac
2120 3511 2286 3554 Capellanus
2298 3509 2357 3541 Ca-

1304 3554 1430 3592 pellaniae
1451 3554 1536 3584 Vallis
1558 3554 1646 3592 Regis
1662 3563 1750 3591 prope
1763 3553 1937 3584 Pontisararn
1950 3561 1982 3584 ut
1994 3552 2112 3587 dicitur,
2130 3559 2177 3587 qui
2191 3548 2357 3579 Sacramen-

1304 3601 1367 3623 tum
1380 3593 1509 3624 debitum
1518 3616 1529 3632 ,
1544 3591 1605 3627 ὠς.
1619 3600 1650 3622 ut
1660 3593 1756 3632 fiapra.

1340 3668 1514 3713 Isim-bardus
1531 3668 1567 3698 du
1581 3668 1634 3698 Val
1652 3667 1834 3712 Capellanus‚
1852 3666 1973 3710 Curatus
1988 3663 2123 3707 Ecclefiae
2135 3661 2306 3708 Parocbialis
2320 3663 2356 3695 de

1307 3707 1455 3739 Berteville
1476 3707 1714 3747 Rothomagenlis
1734 3705 1877 3737 Dioecefis
1890 3727 1902 3744 ,
1921 3711 2025 3743 juratus
2045 3701 2147 3740 Ligeus
2169 3701 2275 3742 Regis,
2293 3701 2355 3738 ὀψε.

1305 3745 1434 3784 utficpra.

1341 3821 1490 3859 Stephanus
1504 3824 1599 3860 Legris
1616 3845 1626 3860 ,
1650 3823 1680 3853 in
1701 3829 1824 3860 utroque
1840 3819 1909 3860 Jure
1921 3817 2119 3856 LicenciatuS,
2132 3818 2236 3855 juratus
2253 3817 2359 3857 Ligeus

1308 3860 1416 3899 Regis,
1433 3858 1493 3895 &a
1515 3868 1545 3890 ut
1552 3860 1647 3901 fiaepra.
2014 3883 2016 3885 ,

1344 3935 1489 3974 Johannes
1505 3938 1602 3974 Legris
1615 3935 1761 3973 Clericus,
1779 3931 1946 3971 Capelianus
1962 3931 2133 3976 Capellaniae
2150 3932 2262 3964 Sanctae
2284 3931 2361 3972 Aga-⁴

1306 3973 1363 4007 thae
1386 3973 1510 4032 Cadumi
1524 3997 1535 4013 ,
1553 3984 1642 4014 prope
1661 3972 1870 4006 Monasterium
1889 3970 2064 4007 Monialium
2085 3971 2191 4004 situata:
2209 3994 2220 4009 ,
2239 3972 2362 4039 Ῑυητὲὲἒ,
