2562 4274
673 118 779 161 ET
865 119 1128 160 ACTA
1211 118 1687 163 PUBLICA.

2181 133 2226 177 13
2239 134 2264 172 9

0 209 58 237 lnn.
70 199 118 234 D.-
163 200 272 236 ITEM
283 227 292 242 ,
311 201 367 234 Co
375 213 425 248 irc
436 212 645 248 otnnATnM
662 206 702 236 est
717 207 815 243 quod,
832 205 947 236 durante
959 214 1086 243 tempore
1102 210 1173 243 prae-
1213 205 1400 244 pedicndum,
1420 215 1483 244 qute
1504 208 1531 236 in
1552 207 1699 238 Praemiffis
1712 219 1743 239 ac
1758 208 1866 248 singulis
1884 207 2095 240 Praemifforum
2117 202 2262 237 neceffaria
2282 206 2356 236 Ann.
2367 200 2409 235 Di

5 247 97 283 '1419.
127 242 206 273 sentis
221 243 425 276 Abstinentiae,
442 243 533 274 dietus
547 243 690 274 Dominus
709 247 767 272 Rex
783 248 902 274 Franciae
918 243 954 278 &
980 244 1090 282 Angli'ae
1115 253 1174 272 non

1138 281 1145 284 .
1215 243 1317 274 fuerint
1338 245 1382 275 seu
1401 246 1616 282 quomodolibet
1633 257 1788 285 oportuna,
1812 249 1894 278 etiam
1920 248 1939 277 si
1961 247 2130 278 Mandatum
2153 246 2263 282 exigant
2306 249 2391 283 14¹9³

0 288 48 311 iia.
67 291 93 317 5·
127 279 287 319 obsidebit,
313 290 358 311 aut
380 282 487 318 capiet,
513 292 562 326 per
583 282 626 319 se,
652 292 706 312 nec
722 292 775 324 'per
800 282 879 319 suos,
903 283 1002 320 aliquas
1023 282 1106 312 Villas
1130 284 1175 311 ieu
1216 291 1476 320 quantumcumque
1487 283 1616 321 speciale,

130 319 228 350 Castra
242 318 354 357 Regalia
368 317 438 349 dieti
453 319 606 357 Principis,
624 328 744 350 tenentia
759 328 863 356 partem
879 323 960 350 Ducis
971 321 1130 357 Burgundiae
1256 318 1385 349 Necnon
1400 320 1435 350 de
1453 323 1484 351 ὃς
1498 321 1574 358 super
1590 323 1724 352 omnibus
1739 324 1771 354 ὃς
1787 323 1912 362 lingulis,

167 358 273 394 ITEM,
291 357 557 387 CoNcoRDaTUM
570 359 610 388 est
626 358 722 395 quod,
740 367 797 386 non
820 358 948 389 obstante
972 359 1095 397 praesenti
1118 357 1180 388 Ab·
1260 358 1304 387 Ab
1325 359 1440 396 eisdem,
1464 363 1581 397 comite,
1606 359 1753 398 Johanne,
1776 362 1943 399 Willielmo,
1969 360 2116 400 Johanne,
2145 353 2268 389 Williel-

133 395 279 432 stinentifi,
298 394 372 425 bene
394 395 475 425 liceat
496 397 612 433 praefato
635 399 748 425 Domino
769 399 833 432 Regi
855 399 973 427 Franciae
992 396 1030 432 ῤ’
1049 396 1180 433 Anghae,
1222 405 1262 424 mo
1278 419 1286 432 ,
1309 396 1439 433 Johanne
1455 419 1463 434 ,
1488 398 1519 427 &
1538 397 1673 427 Richardo
1690 423 1699 436 ,
1725 402 1777 428 Sex
1790 422 1800 436 ,
1826 401 1978 438 Quinque,
2002 400 2045 429 vel
2066 400 2198 437 Quatuor
2217 408 2268 427 eo-

132 444 182 471 per
201 435 242 471 se,
265 435 299 464 ὃς
321 433 400 471 su08‚
424 435 533 464 traniire
554 445 601 472 per
621 434 720 463 Terras
741 434 783 463 seu
811 435 888 464 Loca
909 447 969 466 non
991 435 1113 473 firmata,
1130 434 1180 464 sub
1222 443 1300 470 rum,
1318 444 1385 464 cum
1406 435 1520 471 praefato
1539 435 1732 474 Consanguineo
1749 438 1850 476 nostro,
1872 446 1917 468 aut
1934 439 1984 467 suis
2004 436 2268 473 Ambaffiaroribus,

132 471 302 502 Obedientifi
319 471 389 501 dieti
416 471 552 509 Principis
574 471 672 502 Karoli
690 475 810 501 Franciae
825 473 982 512 existentia,
1001 474 1050 511 &,
1067 482 1096 503 ut
1110 481 1180 510 prae-
1223 471 1446 510 Commiilariis,
1465 473 1629 511 Deputatis,
1655 475 1710 504 sive
1729 475 1763 504 N
1767 477 1853 506 unciis
1872 476 2007 515 praedictis
2019 499 2028 514 ,
2053 477 2082 505 in
2103 473 2269 511 Praemiffis,

131 510 218 540 fertur
232 531 242 546 ,
277 518 382 545 partem
407 510 475 540 dieti
499 513 582 539 Ducis
604 510 766 546 Burgundiae
788 513 906 542 tenentia
921 535 930 549 ,
962 522 1015 550 pro
1037 510 1182 541 inferenda
1223 510 1266 541 vel
1284 520 1384 540 eorum
1399 512 1508 549 aliquo,
1526 512 1749 549 Apponetuaris,
1769 512 1975 551 Concordatis,
1994 514 2038 544 seu
2055 512 2220 550 Conclusis,

134 546 248 578 Guerra
262 548 299 577 illi
314 547 388 578 Parti
403 559 466 585 quae
477 548 576 578 dicitur
601 547 724 586 Dalploni
739 547 788 587 stu
803 553 977 588 Armeniaci,
994 558 1040 581 aut
1065 551 1098 579 ad
1124 549 1181 578 1¹0-
1263 547 1315 577 Per
1332 548 1398 578 Nos
1413 550 1485 579 bene
1500 550 1532 580 δε
1552 549 1666 581 fideliter
1680 551 1875 589 observandis,
1893 553 1920 580 in
1936 552 2069 582 Animam
2085 551 2207 581 nostram
2221 549 2273 588 Ju-

134 585 259 616 nendum
274 585 464 616 Obfidionem
481 586 561 616 alicui
579 585 729 623 Villarum,
748 586 929 626 Castrorum,
947 589 991 620 seu
1016 588 1182 624 Locorum,
1225 587 1359 624 randum,

133 624 183 654 sub
202 624 327 663 praesenti
342 624 516 654 Abstinentia
531 633 589 654 non
604 626 886 662 comprehensorum:
1267 626 1284 643 ³*
1306 624 1411 654 Literas
1424 626 1505 655 etiam
1519 625 1667 664 Sigillatas,
1685 625 1893 665 Obligationes,
1907 628 1940 658 δε
1954 628 2063 659 alterius
2079 626 2277 665 cujuscumque
2291 621 2310 642 ³
2332 618 2385 649 nt,

174 661 250 692 Bene
265 663 348 692 etiam
364 663 457 692 licebit
470 662 611 692 Gentibus
626 663 746 700 ejusdem
774 667 883 694 Domini
906 667 982 701 Regis
1005 667 1124 693 Franciae
1145 660 1183 696 ὠ·
1230 664 1339 699 generis
1350 662 1511 693 Securitates
1525 665 1556 694 ὅ(
1571 664 1741 702 Cautiones,
1759 667 1785 694 in
1803 665 1856 695 hac
1872 675 1946 700 parte
1965 674 2116 697 conventas
2139 665 2182 695 seu
2206 674 2278 694 con·
2293 661 2359 695 314·

138 700 268 738 Angliae,
288 701 337 730 hiis
360 699 490 738 Casibus,
508 710 563 730 tam
589 703 702 739 eundo,
720 703 806 739 quani
826 703 970 733 redeundo
981 726 990 740 ,
1016 712 1131 732 necnon
1157 702 1185 730 in
1230 701 1370 737 cordam,
1388 711 1439 737 pro
1454 701 1553 732 Nobis
1567 704 1600 733 ὃς
1616 703 1748 732 Nomine
1760 703 1857 732 nostro
1872 702 2024 741 Dandum,
2044 702 2229 739 Faciendum,
2241 703 2274 732 &

138 739 295 768 Oblidione
308 738 464 774 hujusmodi
479 739 659 770 immorando
669 763 677 777 ,
694 742 860 777 acciperem
874 742 955 778 locis,
976 741 1089 777 praefato
1105 740 1189 769 Prin·
1230 738 1439 778 Exponendum
1448 761 1458 776 ,
1476 750 1541 777 quas
1573 750 1647 770 arem
1663 742 1696 770 &
1711 742 1832 770 eundem
1846 740 1980 772 effectum
1996 743 2029 772 &
2044 743 2174 778 vigorem
2191 741 2278 769 habe-

140 778 196 814 cipi
213 776 315 806 Karolo
329 779 449 818 Franciif
464 778 607 816 subjeetis,
626 779 821 809 rationabiliter
839 780 870 808 ὃ(
892 781 1034 809 moderate
1051 777 1189 808 Victualia
1232 787 1260 807 re
1285 777 1435 814 volumus,
1452 786 1484 807 ac
1507 777 1526 807 fi
1586 788 1619 808 os
1640 780 1668 808 in
1691 778 1813 809 Peribna
1835 779 1931 810 nostra
1943 790 1986 809 eas
2001 779 2158 816 Daremus,
2174 778 2281 808 facere<

140 815 186 845 seu
205 814 347 844 Alimenta
363 825 414 852 pro
427 822 453 845 ie
466 817 497 846 &
514 816 687 846 Animalibus
701 816 768 854 suis,
787 818 856 846 dum
871 826 961 847 tamen
976 827 1006 846 ea
1032 826 1089 845 nori
1115 817 1189 846 acci·
1234 825 1313 852 mus,
1333 814 1377 844 seu
1391 823 1611 853 exponeremus,

140 853 215 891 piant
232 853 266 882 ab
283 853 349 890 hiis,
369 854 415 890 qui
432 854 588 892 hujusmodi
606 853 744 885 Victualia
757 854 790 883 ad
808 854 996 884 Vendendum
1012 855 1125 884 Parisius
1142 863 1189 892 ap-
1271 852 1307 883 Et
1328 852 1483 883 consimilia
1497 853 1692 891 Juramentum
1703 877 1712 892 ,
1729 855 1850 892 Lireras,
1868 854 2080 894 Obligationes,
2099 853 2286 890 Securitates,

142 892 332 928 portaverint,
350 891 398 920 niii
415 902 467 929 pro
486 893 581 922 Pretio
598 893 635 922 de
648 903 706 930 quo
730 894 799 922 inter
824 893 1011 930 Apportantes
1032 891 1191 931 hujusmodi
1235 891 1267 921 δε
1283 891 1433 921 Cautiones
1447 892 1509 921 alias
1522 892 1702 931 sufficientes,
1720 895 1752 924 &
1768 896 1794 922 in
1817 894 1868 923 hac
1894 904 1969 931 parte
1992 893 2090 924 Nobis
2108 892 2268 922 necessarias
2280 911 2290 928 ,

142 929 177 961 &
191 928 277 960 dictas
295 929 402 959 Gentes
416 932 519 967 poterit
532 931 729 961 rationabiliter
744 931 923 961 concordari:
1236 940 1288 966 pro
1302 929 1400 959 Nobis
1410 930 1443 960 &
1459 929 1591 961 Nomine
1605 931 1703 961 nostro
1713 955 1723 969 ,
1742 931 1915 970 petendum,
1934 931 2162 969 Recipiendum,
2177 931 2209 960 ὃς
2225 928 2289 968 Op-

182 967 250 998 Nec
263 967 321 998 aliis
333 966 465 1011 Casibus,
484 970 568 1006 quam
587 970 613 998 in
631 969 755 1006 praesenti
769 968 895 998 Articulo
909 969 1082 1008 expressatis,
1099 969 1194 999 licebit
1237 967 1400 1005 mendum,

2279 286 2341 311 Heni
2360 291 2388 318 ς,

6 1243 98 1272 ⁸1X.

8 1282 71 1318 813.

145 1005 265 1036 Subditis
280 1007 360 1036 unius
373 1005 460 1036 Partis
475 1007 517 1036 vel
533 1007 658 1044 alterius,
674 1009 770 1045 vigore
784 1008 922 1045 praei‘entis
937 1008 1138 1047 Abstinentiae,
1152 1009 1194 1037 in-

145 1044 220 1083 gredi
242 1044 360 1074 Limites
374 1043 554 1075 Obedientiae
567 1045 673 1075 alterius
686 1045 782 1075 Partis.

183 1082 290 1120 ITEM,
310 1081 573 1113 CoNcoRDATUM
594 1083 635 1113 est
655 1084 749 1122 quod,
766 1083 880 1114 durante
904 1085 1028 1121 praesenti
1044 1084 1198 1115 Abstinen-

148 1120 204 1156 tia,
222 1121 311 1151 dic‘tus
326 1119 459 1158 Princeps
469 1121 588 1151 Karalus
603 1126 723 1152 Franciae
759 1131 786 1151 er
803 1122 828 1152 se
854 1131 911 1152 non
933 1124 1013 1154 faciet
1039 1123 1197 1159 Guerram,

150 1169 203 1189 nec
217 1169 266 1196 per
280 1159 343 1188 illos
356 1160 404 1196 qui
422 1168 517 1190 tenent
532 1163 644 1189 Partem
667 1132 795 1199 Dolpgim'
807 1160 856 1199 seu
875 1163 1033 1190 Armeniaci
1056 1160 1112 1190 fieri
1136 1170 1199 1197 per-

150 1199 260 1234 mittet,
278 1207 326 1233 per
341 1197 421 1227 Loca
437 1198 562 1235 przesenti
578 1198 754 1229 Abstinentia
767 1199 883 1235 inclusa,
902 1200 979 1229 disto
994 1202 1058 1236 Regi
1078 1201 1199 1228 Franciae

150 1235 189 1271 ό·
205 1235 333 1273 Angliae,
352 1236 370 1253 ²*
386 1236 482 1266 Tei-ris
500 1238 532 1268 &
546 1237 708 1276 DominiiS,
725 1237 847 1268 Subditis
861 1246 906 1267 aut
921 1237 1044 1268 Varianis
1067 1237 1118 1267 suis
1139 1237 1201 1274 qui-

150 1275 334 1311 buicumque.

187 1312 232 1342 Ιτ
244 1321 313 1350 ΕΜ,
333 1312 419 1342 Con
429 1323 446 1344 c
457 1324 476 1344 o
487 1323 506 1344 R
520 1323 540 1344 t>
551 1323 570 1343 A
582 1322 604 1343 T
614 1322 670 1343 uixi
680 1337 688 1351 ‚
708 1314 748 1344 est
766 1314 844 1352 quod
860 1325 908 1352 per
920 1314 1029 1345 nullum
1046 1312 1203 1350 Attempta-

151 1359 212 1381 tuni
228 1351 386 1388 hujusmodi
403 1352 446 1382 seu
463 1352 656 1389 Interprisam,
675 1353 775 1382 faistarn
793 1362 843 1393 per
858 1353 992 1383 Subditos
1015 1353 1093 1382 unius
1116 1351 1204 1381 Partis

151 1390 197 1419 vel
217 1390 340 1428 alterius,
358 1399 455 1420 contra
480 1391 599 1429 superius
622 1390 791 1429 expoeffiua,
818 1390 900 1421 debet
922 1392 1035 1428 praesens
1055 1389 1207 1420 Abstinen-

155 1430 192 1459 tia
218 1428 322 1458 censeri
345 1438 440 1467 rupta,
458 1429 495 1459 set
517 1430 640 1459 manebit
663 1429 848 1459 nihilominus
869 1432 896 1459 in
919 1430 970 1460 suis
985 1430 1089 1459 robore
1110 1429 1143 1458 &
1165 1428 1206 1457 vi-

157 1477 236 1504 gore.

195 1505 231 1534 Et
246 1504 348 1534 debent
362 1506 459 1535 omnia
478 1505 647 1542 Attemptata
661 1505 695 1536 &
712 1505 861 1536 Malefat‘ta
873 1504 1048 1543 hujusmodi,
1066 1514 1115 1542 per
1125 1503 1208 1534 Con-

155 1544 307 1574 servatores
321 1544 352 1572 ὃ(
367 1542 586 1573 Commissarios
597 1567 606 1580 ,
621 1544 687 1573 hinc
703 1543 768 1573 inde
786 1543 944 1582 Deputatos
954 1567 963 1582 ,
982 1553 1065 1581 prout
1088 1542 1208 1579 singulos

156 1590 257 1612 eorum
273 1582 439 1618 concernit,
459 1581 530 1615 iuxta
546 1583 714 1619 exigentiam
735 1581 860 1612 Casuum
881 1583 1122 1613 occurrendorum
1133 1603 1142 1618 ,
1160 1580 1210 1610 de-

157 1621 217 1650 bite
231 1619 334 1658 corrigi
350 1620 382 1649 ,ὃς
399 1619 550 1649 reformari.

197 1657 232 1687 Et
248 1666 328 1687 erunt
343 1656 561 1687 Conservatores
574 1657 660 1687 dictae
676 1657 878 1706 Abstinentiae,

194 1696 253 1725 Pro
275 1695 357 1726 Parte
378 1695 447 1725 dieti
468 1695 592 1725 Domini
615 1699 689 1732 Regis
712 1700 834 1726 Framiae
853 1707 891 1731 (γ
916 1696 1047 1733 Angliae,
1067 1695 1211 1725 Dominus

159 1734 303 1773 Johamzes
316 1736 390 1773 Gray
407 1732 573 1770 Capitaneiis
588 1733 684 1764 Sandii
697 1734 835 1766 Germani
851 1737 879 1765 in
903 1735 993 1774 Laya,
1013 1736 1045 1765 &
1067 1734 1213 1764 Dominus

161 1771 316 1810 Radulphus
332 1771 476 1801 Cromwell
483 1797 491 1808 ,
514 1772 634 1802 Milites:

198 1810 253 1848 Et,
273 1819 336 1846 pro,
348 1809 427 1839 Parte
450 1810 518 1839 diSti
540 1810 676 1847 Principis
696 1811 794 1841 Karoli
809 1815 946 1849 Franciae,
964 1811 1105 1849 Johannes
1124 1812 1215 1839 Domi-

161 1860 211 1879 nus
225 1849 256 1877 de
271 1847 435 1885 Thoulonjon
449 1848 549 1886 Miles,
568 1852 726 1887 capitaneus
741 1852 865 1879 Nemorzs
878 1853 906 1879 V
905 1853 1057 1879 incenarum
1067 1872 1077 1888 ,
1096 1850 1128 1881 &
1140 1851 1214 1878 Prae-

157 1887 255 1928 pofitus
272 1886 432 1926 Parifienfis.

203 1925 239 1955 Ei·
265 1925 379 1961 quilibet
401 1924 656 1963 Conservatorum,
683 1925 804 1962 superius
824 1927 1053 1963 nominatorum,
1080 1925 1164 1956 habet
1184 1924 1217 1955 δε

163 1964 276 1994 habebit
292 1961 475 1993 sufficientem
488 1962 658 1994 Potestatem
673 1964 705 1994 ad
720 1965 878 1995 faciendum
901 1963 1036 2001 Reparari
1054 1965 1087 1996 ὃς
1111 1963 1219 1993 Emen-

166 2002 223 2032 dari
241 2001 336 2031 omnia
349 2000 479 2039 Iniurias,
497 2002 685 2040 Attemptata,
698 2002 849 2033 Malefatsta
859 2026 867 2041 ,
882 2004 914 2033 ὃς
932 2002 1066 2039 Dampna
1079 2011 1143 2040 que
1154 2001 1221 2031 fient

167 2039 201 2070 δε
216 2040 430 2069 committenter
450 2048 548 2070 contra
559 2040 707 2070 Tenorem
723 2042 896 2078 praesentium
911 2041 1169 2077 Abstinentiamm,
1187 2039 1220 2070 &

167 2078 204 2148 ἓξ
220 2077 399 2122 puniendum
414 2088 513 2108 omnes
530 2077 728 2110 Maiefattores
744 2079 896 2112 secundum
913 2079 992 2118 quod
1003 2078 1089 2110 Casus
1102 2078 1222 2118 exegerit

218 2124 343 2155 requirit.

368 2255 417 2286 De
439 2251 607 2286 Traaando
623 2255 714 2300 stipor
735 2256 860 2301 Treugis
884 2256 1024 2287 Franci-e.

1275 1006 1320 1036 Ac
1340 1005 1533 1044 quoscumque
1557 1007 1706 1038 Tractatus
1719 1032 1728 1045 ,
1754 1018 1800 1044 per
1824 1008 1915 1046 ipsos,
1939 1011 2065 1037 Comitem
2082 1030 2091 1046 ,
2113 1006 2293 1046 Johannem,

1241 1047 1283 1075 W
1282 1044 1414 1074 illielmum
1424 1067 1434 1082 ,
1451 1045 1626 1083 Johannem,
1645 1049 1686 1075 W
1686 1046 1840 1085 illielmum,
1857 1046 2014 1085 Johannem
2024 1069 2034 1084 ,
2053 1048 2085 1077 δε
2107 1045 2268 1075 Richardum
2279 1065 2289 1081 ‚

1241 1084 1311 1120 Sex,
1331 1083 1486 1120 Qiinque,
1505 1083 1548 1113 vel
1565 1084 1697 1122 Qatuor
1720 1095 1837 1123 eorum,
1856 1094 1968 1122 captos,
1987 1085 2042 1115 sive
2063 1085 2189 1121 habitos,
2206 1090 2291 1120 prout

1242 1132 1280 1151 eis
1298 1121 1387 1150 visum
1400 1121 1497 1158 fuerit,
1519 1121 1736 1156 prorogandum
1751 1124 1783 1153 &
1796 1122 2029 1154 Continuandum
2041 1145 2049 1160 ,

1280 1159 1495 1200 promittentes,
1514 1159 1590 1189 bona
1606 1160 1678 1198 fide,
1697 1162 1729 1191 &
1744 1162 1772 1191 in
1788 1162 1877 1192 verbo
1891 1161 2002 1200 Regio,
2019 1161 2052 1191 ad
2067 1158 2241 1190 Tenendum
2257 1159 2291 1189 δὲ

1244 1197 1476 1234 Oblervandum,
1493 1207 1525 1226 ac
1549 1200 1634 1227 teneri
1655 1201 1687 1229 ὗε
1707 1200 1843 1229 observari
1868 1200 2043 1237 faciendum,
2068 1198 2191 1236 Rarum,
2218 1196 2293 1226 Gra-

1244 1245 1323 1272 tum,
1339 1234 1482 1271 Firmum,
1500 1236 1533 1264 &
1551 1235 1653 1265 Stabile
1667 1244 1758 1266 toturn
1780 1238 1813 1267 &
1838 1238 1972 1276 quicquid
1996 1248 2044 1275 per
2065 1236 2230 1275 praedietos,
2245 1238 2295 1264 Co⁴

1245 1277 1353 1310 mitem,
1372 1271 1547 1310 Johamzem,
1566 1272 1759 1312 ll'illielmum,
1775 1274 1949 1314 Johannem,
1971 1279 2012 1305 W
2011 1275 2164 1313 illielmum,
2181 1272 2294 1313 Johan-

1246 1323 1324 1349 nem,
1348 1312 1380 1341 &
1401 1310 1581 1349 Richardum,
1608 1312 1681 1350 Sex,
1707 1312 1861 1351 Qiinque,
1884 1315 1929 1345 vel
1951 1314 2082 1352 Qiatuor
2102 1323 2202 1345 eorum
2218 1335 2227 1349 ,
2253 1312 2298 1342 Aa.

1249 1349 1506 1416 stum,dGesttim,
1531 1350 1576 1380 seu
1603 1350 1781 1381 Conclusum
1803 1351 1885 1382 fuerit
1907 1354 1937 1382 in
1960 1352 2107 1382 Praemissis
2130 1354 2163 1384 &
2187 1350 2300 1390 singulis

1249 1398 1347 1418 eorum
1368 1397 1433 1425 em,

1286 1426 1322 1456 Et
1339 1425 1417 1464 quod
1435 1424 1502 1455 Nos
1520 1425 1721 1456 Concedemus
1734 1427 1767 1458 &
1784 1426 1841 1457 fieri
1857 1428 1989 1458 faciemus
2015 1428 2117 1459 Literas
2140 1426 2302 1458 confirma-

1250 1466 1353 1502 torias,
1371 1465 1420 1495 sub
1437 1463 1548 1503 Magno
1562 1465 1659 1504 Sigillo
1675 1465 1773 1496 nostro
1783 1488 1792 1503 ‚
1806 1466 1841 1496 de
1856 1468 1889 1497 &
1904 1467 1982 1504 super
1996 1467 2129 1496 omnibus
2144 1467 2176 1497 &
2191 1467 2302 1506 singulis

1253 1503 1384 1533 Articulis
1400 1504 1433 1533 ὃς
1449 1502 1581 1541 Ρυηᾶῐε,
1599 1503 1635 1533 de
1651 1504 1751 1541 quibus
1769 1505 1841 1535 inter
1855 1515 1903 1535 eos
1918 1505 2000 1535 fuerit
2020 1504 2233 1534 Concordatum
2255 1505 2302 1535 seu

1253 1541 1438 1579 conclusum,
1457 1541 1490 1571 &
1504 1541 1538 1571 de
1554 1551 1604 1571 exe
1625 1543 1719 1572 nendo
1733 1543 1767 1573 ὃς
1784 1545 1883 1581 exequi
1906 1542 2037 1574 faciendo
2055 1543 2151 1573 eadem
2169 1552 2236 1573 cum
2254 1542 2304 1573 de⁴

1254 1580 1310 1610 bita
1334 1579 1503 1616 Diligentia,
1520 1580 1602 1610 secun
1624 1589 1672 1610 um
1694 1580 1844 1611 Tenorem
1870 1583 1903 1612 &
1926 1582 2059 1612 Formam
2076 1580 2306 1619 Praemissorum,

1254 1626 1390 1657 quantum
1405 1618 1439 1648 ad
1454 1617 1523 1648 Nos
1540 1618 1693 1648 dinoscitur
1708 1620 1863 1657 pertinere,

1294 1655 1332 1687 Et
1355 1656 1412 1686 hoc
1436 1655 1631 1687 Promittimus
1653 1658 1737 1687 etiam
1759 1658 1809 1688 sub
1827 1658 1968 1688 Cautione
1988 1658 2022 1689 &
2039 1657 2224 1696 Obligatione
2242 1665 2308 1687 om-

1256 1695 1337 1725 nium
1361 1694 1507 1725 Bonorum
1526 1694 1711 1733 nostrorum,
1730 1697 1879 1727 mobilium
1900 1697 1933 1727 &
1954 1696 2166 1734 immobilium,
2191 1695 2309 1733 praesen-

1256 1734 1329 1764 tium
1350 1734 1383 1764 ἃ
1409 1732 1587 1771 futurorum,
1608 1735 1643 1764 ita
1666 1734 1743 1771 quod
1766 1744 1908 1773 nunquam
1930 1745 1977 1772 per
1994 1735 2079 1772 Nos,
2097 1734 2142 1764 seu
2158 1734 2241 1764 alium
2256 1744 2311 1764 no-

1259 1773 1337 1802 mine
1358 1770 1456 1801 nostro
1466 1796 1480 1815 ,Ι
1491 1771 1635 1815 dicemus,
1659 1772 1809 1811 faciemus,
1834 1783 1879 1804 aut
1901 1782 2110 1811 proponemus,
2130 1773 2159 1802 in
2177 1772 2312 1810 Judicio,

1257 1820 1310 1840 nec
1326 1819 1416 1847 eittra,
1435 1820 1587 1847 quicquam
1600 1820 1628 1840 in
1641 1812 1832 1849 contrarium,

1299 1848 1465 1878 Mandantes
1487 1849 1621 1879 omnibus
1643 1850 1676 1879 ὃ(
1697 1849 1806 1888 lingulis
1823 1849 1998 1888 justiciariis,
2014 1851 2047 1880 ὃς
2070 1848 2192 1879 Subditis
2212 1847 2314 1879 nostris

1262 1886 1505 1924 quibuscumque,
1530 1889 1655 1925 quatinus
1679 1889 1817 1926 praefatis,
1843 1892 1957 1925 Comiti,
1974 1887 2122 1926 Johanm',
2142 1887 2313 1925 Willielmo,

1262 1924 1406 1964 Johanni,
1429 1924 1596 1964 Willielmo,
1621 1925 1766 1964 Joha‘nni,
1792 1928 1825 1958 ὃς
1845 1926 1997 1963 Richardo,
2015 1926 2083 1964 Sex,
2103 1927 2259 1964 Quinque,
2278 1927 2313 1957 &

1264 1964 1396 2000 Quatuor
1414 1963 1600 2002 eorumdem,
1619 1974 1651 1994 ac
1671 1974 1770 1995 eorum
1786 1965 1885 1996 Literis
1901 1965 1934 1996 &
1955 1965 2114 2002 Mandads,
2128 1963 2257 1994 obediant
2279 1965 2313 1995 ὃς

1264 2001 1407 2033 intendant
1421 2002 1449 2030 in
1462 2003 1595 2033 omnibus
1606 2002 1757 2041 diligenter.

1340 2039 1373 2069 In
1390 2040 1482 2078 cu'uS,
1500 2041 1560 2071 &c.

1267 2078 1497 2150 Νξξὲὶιξὺήξεε
1514 2078 1588 2116 apud
1611 2078 1714 2108 Villam
1730 2079 1807 2118 [icam
1829 2080 1860 2109 de
1882 2082 1982 2110 Mante
1998 2079 2133 2110 vicesimo
2155 2080 2248 2117 primo
2271 2079 2316 2111 die

1896 2192 1949 2225 Per
1960 2190 2042 2234 ipftem
2058 2197 2159 2233 Regem.

1270 2263 1444 2302 innovantur
1458 2269 1682 2301 Commiffiones
1691 2271 1725 2303 ad
1739 2270 1934 2302 Tra<9mndum
1949 2271 1985 2301 de
1998 2271 2072 2302 Pace
2088 2271 2159 2301 inter
2171 2272 2265 2307 Regem
2286 2270 2321 2301 δε

1308 2310 1532 2350 Confimguineum
1544 2309 1624 2349 sirum
1641 2313 1779 2347 Francia»,
1794 2310 1830 2339 de
1851 2310 1972 2347 Treugis
1991 2309 2149 2347 capiendis,
2166 2309 2201 2338 de
2222 2307 2324 2349 Matri-

1310 2350 1410 2379 monio
1432 2348 1623 2378 contrahendo
1641 2370 1651 2385 ,
1671 2349 1705 2378 ὃ(
1723 2348 1799 2378 salvis
1820 2347 2019 2378 Condustibus
2039 2347 2135 2377 fiendis
2147 2370 2157 2386 ,
2180 2347 2270 2377 modo
2290 2346 2325 2376 δί

1309 2386 1403 2418 forma
1418 2387 1518 2424 quibus
1531 2386 1608 2421 supra
1620 2387 1794 2427 scribuntur,
1811 2386 1848 2416 set
1862 2386 1912 2416 sub
1928 2386 2106 2416 Nominibus
2120 2386 2152 2416 &
2169 2384 2244 2415 Data
2260 2394 2325 2423 quae

1312 2427 1476 2464 sequuntur,
1496 2424 1640 2462 videlicet,

1313 2500 1455 2542 Johannis·
1468 2498 1585 2539 Epifiopi
1599 2498 1702 2538 'Roffi’ni

26 2350 104 2383 Ann.
115 2349 158 2380 D.
239 2342 297 2374 EX
315 2341 479 2380 Omnibus,
497 2340 531 2372 ad
542 2352 626 2381 (μσς,
645 2343 704 2374 &e
724 2342 857 2374 Salutem.

47 2398 132 2429 ¹419·
276 2381 372 2412 Sciatis
383 2380 461 2417 quod
476 2390 544 2417 nos,

27 2433 81 2457 An,
97 2438 124 2461 7·
214 2419 262 2450 De
278 2419 421 2456 fidelitate,
441 2418 599 2456 prudentia,
619 2420 871 2458 circumspectione
883 2444 892 2457 ,
908 2419 940 2450 ὃς
958 2418 1108 2456 industria,
1128 2414 1230 2447 carissi-

27 2473 62 2496 Η,
83 2476 111 2502 5,
178 2459 219 2487 mi
233 2457 443 2494 Consanguinei
461 2457 566 2494 nostri,
584 2457 714 2488 Richardi
728 2462 836 2488 Comitis
853 2461 1013 2495 Warwicae,
1031 2467 1080 2495 ac,
1099 2456 1231 2487 Dileeto-

32 2510 95 2534 Pat.
177 2504 242 2526 rum
262 2497 295 2527 &
321 2495 458 2526 Fidelium
478 2495 658 2532 nostrorum,
685 2496 814 2535 Magistri
832 2496 972 2535 Johannis
996 2499 1111 2533 Kempe,
1140 2493 1231 2524 Eleffi

0 2672 4 2831 i

0 2844 6 2930 l

4 3111 8 3118 γ
1 2933 9 3101 2⁴1&-

29 2549 119 2572 Norm.
137 2551 161 2577 7.

33 2586 161 2618 H.5.p.2.

0 2635 9 2651 l*
31 2630 67 2649 m-
85 2621 133 2656 46.

179 2533 349 2564 Confirmati
364 2533 522 2571 Roffensis‚
544 2537 584 2564 W
585 2533 686 2564 illielmi
698 2538 807 2565 Domini
822 2536 853 2565 de
866 2538 950 2574 Roos,
965 2533 1104 2573 Johannis
1117 2530 1233 2601 TXtoft,

179 2573 212 2603 &
231 2571 371 2602 Willielmi
388 2574 501 2610 Porter,
520 2572 664 2609 Militum,
683 2573 823 2612 Johamzis
846 2573 954 2603 Boteler
974 2572 1113 2610 Armigeri
1168 2571 1233 2600 rini-

179 2613 264 2649 ‘geriae
279 2611 382 2641 nostrae
392 2633 400 2648 ,
418 2612 451 2641 &
468 2610 597 2649 Magistri
613 2611 741 2641 Richardi
758 2612 881 2647 Caudray
895 2612 1042 2643 Secretarii
1058 2609 1161 2648 nostri,
1176 2608 1236 2648 ple*

181 2660 247 2680 nam
261 2658 386 2688 gerentes
398 2648 528 2679 fiduciam
537 2672 546 2685 ,

174 2689 178 2690 ⁷
220 2687 324 2725 Ipsos,
341 2690 485 2725 Comitem,
513 2686 688 2726 Johannem,
708 2687 902 2725 lVillielmum,
919 2685 1097 2726 Jvhmznem,
1116 2688 1157 2715 W
1157 2683 1236 2715 illie!-

182 2738 253 2756 mum
265 2750 274 2764 ,
288 2725 446 2763 Johannem
455 2749 464 2764 ,
478 2726 510 2756 ὅ(
525 2725 705 2764 Richardum,
725 2726 835 2757 nostros
850 2726 980 2756 Fecimus
989 2748 999 2764 ,
1015 2724 1217 2755 ordinavimus
1227 2747 1236 2760 ,

172 2765 216 2795 ’ἃ
231 2763 461 2801 ConstituimuS,
473 2774 506 2794 ac
521 2774 569 2801 per
580 2764 729 2795 Praelentes
745 2764 888 2803 Facimus,
905 2764 1095 2800 ordinamus,
1111 2763 1144 2793 &
1155 2761 1238 2791 Con-

182 2803 320 2833 stituimus
338 2806 420 2832 veros
433 2803 465 2833 &
481 2800 635 2838 legittimos
652 2801 882 2842 Ambaffiatores,
900 2802 1119 2840 Procuratores,
1135 2800 1239 2840 Nego-

183 2842 290 2872 tioi·um
305 2840 458 2877 Gestooes,
473 2840 507 2870 &
522 2839 659 2870 Nuncios
674 2841 818 2879 speciales,

221 2879 328 2910 Dantes
345 2879 378 2910 &
397 2877 597 2909 Concedentes
612 2880 650 2908 eis
664 2900 674 2916 ,
701 2879 755 2910 Sex
769 2903 779 2918 ,
837 2880 940 2917 uinque
955 2902 965 2916 ,
988 2879 1022 2910 &
1039 2878 1171 2917 Qatuor
1189 2886 1239 2907 eo*

184 2917 314 2948 rumdem
334 2917 463 2954 plenam,
479 2916 599 2947 Tenore
618 2915 814 2956 Praesentiam,
857 2917 1006 2948 otestatem
1026 2917 1059 2948 &
1080 2916 1239 2947 Auctorita-

185 2964 244 3024 ἔξω
263 2955 508 2998 εάηΤῐεᾶὶαηάιιω
523 2978 534 2993 ,
559 2953 805 2986 Concordandum
822 2978 832 2994 ,
858 2957 891 2986 ὅ(
917 2954 1031 2986 finaliter
1054 2954 1240 2985 Concludeu-

209 3003 256 3023 um
366 3023 370 3025 .
474 3024 476 3027 ,

226 3017 304 3061 Cu'm
326 3025 549 3067 consanguineo
570 3031 669 3062 nostro
691 3031 816 3062 Franciae
829 3054 839 3070 ,
865 3030 951 3061 suisve
969 3028 1215 3061 Ambaffiatoribus
1231 3051 1241 3067 ,

190 3069 588 3108 CommiffariiS,wDeputatis'
609 3070 668 3101 five
684 3069 827 3109 Nunciis‚
852 3069 1037 3100 sufficientem
1060 3070 1089 3099 in
1112 3079 1144 3099 ea
1164 3078 1241 3107 parte

179 3107 362 3139 'Pot'estatem
377 3106 542 3138 habentibus
549 3131 559 3146 ,

225 3146 274 3176 De
288 3147 321 3177 ὃ(
338 3145 416 3182 super
428 3145 564 3185 Treugis,
583 3146 634 3177 seu‘
646 3143 822 3176 Guerrarum
839 3145 1038 3184 Abstinentiis,
1054 3142 1242 3184 generalibus,

185 3185 233 3216 vel
242 3184 473 3222 particularibuS,
491 3193 540 3220 per
554 3183 653 3221 Mare,
670 3184 810 3223 Terram,
827 3184 874 3215 seu
892 3186 1003 3224 Aquas,
1021 3195 1054 3214 ac
1068 3193 1151 3215 tanto·
1167 3192 1241 3213 tem-

185 3231 258 3262 pore
275 3220 407 3290 ἀυῐεῑὲιῐίξ
419 3220 571 3252 secundum
587 3222 751 3263 quod-,inter
764 3233 813 3253 eos
828 3224 927 3255 melitis
941 3226 973 3255 δε
999 3222 1142 3253 efficacius
1163 3229 1242 3259 pote-

188 3269 224 3292 rit
238 3271 348 3294 concor
368 3271 406 3290 ari
590 3279 593 3285 .

180 3300 185 3303 ’
225 3299 283 3337 Pro
298 3299 395 3329 Nobis
406 3284 425 3335 ,'
435 3295 562 3335 ize—gnis,
578 3294 674 3328 Terris
684 3322 693 3336 ,
711 3298 826 3337 Patriis‚
847 3299 1008 3338 DominiiS,
1020 3297 1143 3330 Subditis
1154 3294 1242 3336 ,Vas-

180 3337 273 3374 saliis,
292 3337 418 3374 Amicis,
437 3336 579 3374 Alligatis,
598 3337 629 3367 ὃς
647 3334 856 3368 confoederatis
877 3338 978 3368 nostris
999 3336 1242 3375 quibuscumque,

189 3378 324 3407 omnibus
346 3374 553 3413 honestioribus
572 3375 604 3405 &
630 3374 811 3405 securioribus
834 3374 909 3414 Viis,
929 3375 1041 3414 Modo,
1065 3377 1097 3407 ὃς
1120 3374 1242 3412 Formi,

181 3415 293 3453 'quibus
309 3413 379 3445 inter
392 3414 418 3444 se
433 3421 564 3450 poterunt
577 3412 765 3450 concordare,

180 3475 182 3481 l
229 3453 268 3484 Et
283 3452 349 3491 ipsas
362 3451 509 3490 Treugas‚
528 3452 598 3481 inter
612 3450 639 3480 se
653 3451 802 3488 capiendas
814 3451 847 3482 ὃς
863 3450 1087 3490 concludendas,
1099 3451 1118 3482 si
1134 3451 1242 3482 necesse

185 3488 289 3529 fuerit,
309 3491 400 3522 Proro
421 3489 567 3520 andum&
584 3487 799 3529 Elongandum,
1122 3523 1128 3527 μ

185 3530 199 3536 ’“
228 3531 274 3561 Ac
287 3528 395 3560 easdem
443 3537 536 3568 reugas
551 3537 598 3565 per
613 3528 709 3559 omnia
721 3527 838 3566 Regna,
852 3527 973 3567 Terras,
988 3527 1021 3559 &
1039 3527 1177 3558 Dominia
1191 3538 1243 3557 no-

182 3567 248 3609 ]stra
269 3569 457 3636 qfuaecumque
480 3566 647 3605 proclamari
662 3566 696 3600 ὃς
714 3564 848 3604 publicari
864 3566 1052 3605 Faciendum,
1071 3562 1244 3604 ubicumque

193 3615 214 3636 o
235 3617 265 3636 us
289 3616 359 3638 uerit
469 3627 471 3629 -

188 3638 193 3682 J
215 3616 284 3681 pEt,
302 3655 332 3676 ut
347 3631 381 3677 eo
394 3641 500 3675 firmius
514 3644 546 3675 &
561 3642 749 3674 inviolabilius
761 3640 884 3682 Treugae
895 3642 1038 3680 praedietae
1051 3641 1244 3680 observentur,

192 3688 250 3712 tam
272 3692 319 3719 per
339 3682 481 3721 Terram,
520 3683 585 3712 uam
607 3691 656 3720 per
683 3681 783 3719 Mare,
801 3681 833 3711 &
859 3681 969 3718 Aquas,
994 3679 1029 3710 ad
1055 3679 1243 3719 Faciendum,

196 3719 415 3759 Ordinandum,
435 3722 468 3753 δε
527 3719 696 3760 eputandum
717 3728 759 3749 tot
780 3719 812 3750 &
834 3718 899 3749 tales
917 3717 1136 3749 Conservatores
1149 3718 1244 3756 &Ju-

194 3757 270 3787 dices
285 3759 462 3798 Treugarum
482 3758 692 3796 praedietarum,
708 3758 849 3795 generales
867 3758 900 3787 δε
917 3756 1060 3793 speciales,
1087 3758 1120 3788 &
1139 3758 1166 3786 in
1185 3765 1245 3786 tan-

187 3795 225 3826 ’to
242 3799 386 3833 numero,
408 3800 493 3835 prout
510 3797 628 3834 praefatis
642 3820 651 3834 ,
675 3797 772 3826 comiti
786 3818 796 3832 ,
817 3794 944 3833 Johanni
956 3819 966 3833 ,
992 3794 1141 3825 Willielmo
1155 3820 1164 3833 ‚
1188 3795 1244 3834 Jo-

188 3831 297 3871 hanni,
322 3833 486 3873 Willielmo,
505 3835 650 3874 Johanni,
673 3834 707 3865 δε
729 3833 861 3864 Richardo
905 3833 960 3863 Sex
974 3857 984 3871 ,
1012 3833 1148 3872 Qinque
1166 3857 1176 3871 ,
1202 3834 1245 3864 vel

196 3871 332 3909 Qatuor
351 3882 450 3904 eorum
471 3873 611 3905 videbitur
629 3872 776 3912 expedire,
800 3871 833 3902 ad
855 3857 1065 3908 dorrigendum
1084 3873 1117 3902 δ’(
1142 3871 1249 3903 Refor-

190 3908 336 3939 ‘mandum
351 3918 446 3940 totum
459 3911 492 3940 &
507 3911 642 3951 quicquid
655 3921 755 3943 contra
766 3910 853 3941 dietas
866 3911 990 3949 Treugas
1003 3909 1084 3941 fuerit
1104 3919 1249 3949 attempta-

201 3956 281 3984 tum,

240 3984 406 4022 Caeteraque
420 3981 517 4016 oirinia
530 3987 563 4019 δε
577 3988 679 4027 singula
694 3985 882 4025 Faciendum,
900 3984 1132 4024 Excercendiim‚
1148 3987 1182 4019 &
1193 3984 1252 4018 Ex-

208 4065 212 4069 Ι
249 4027 321 4071 Tpm.
340 4025 387 4053 ιν.
406 4025 440 4054 Ρ.
459 4023 517 4053 m.
730 4036 733 4037 ν

1315 2540 1444 2572 Richardi
1458 2543 1566 2568 Comitis
1581 2541 1672 2568 Warr.

1316 2579 1456 2618 Johannis
1468 2580 1577 2606 Domini
1591 2577 1623 2605 de
1637 2580 1703 2606 Roos
1720 2576 1826 2607 Militis.

1318 2617 1433 2648 Gilberti
1445 2614 1606 2655 Umfreville
1622 2614 1730 2645 Militis.

1320 2654 1462 2688 Willielmi
1480 2657 1575 2683 Porter
1592 2652 1700 2682 Militis.

1322 2693 1449 2734 Magistri
1461 2691 1588 2722 Richardi
1605 2691 1709 2721 cordon
1727 2691 1836 2729 Legum
1852 2689 2001 2722 Doctotis.

1320 2732 1450 2771 Magistri
1463 2730 1589 2761 Richardi
1607 2730 1730 2769 Caudray
1746 2730 1891 2761 Secretarii
1908 2730 2008 2768 Regis.

1319 2810 1406 2842 Teste
1422 2808 1505 2846 Rege
1518 2807 1590 2845 apud
1604 2806 1726 2845 Castrum
1740 2805 1814 2844 fixum
1827 2805 1985 2844 Rothomagi
1999 2806 2110 2844 Qiarto
2117 2804 2175 2835 Die
2183 2803 2333 2838 Februarii.

1963 2884 2015 2911 Per
2029 2881 2112 2921 ipsam
2127 2885 2232 2920 Regem.

1319 2967 1428 3003 ITEM,
1445 2969 1595 2995 innovatur
1608 2962 1749 3002 Commiffio
1764 2962 1804 2991 ad
1821 2961 2004 2992 Traffandum
2025 2971 2081 2991 cum
2102 2961 2187 2993 Duce
2207 2962 2333 2999 Burgum

1284 3007 1337 3037 diae
1359 3007 1390 3035 de
1411 3007 1536 3041 Treugis,
1553 3005 1582 3032 in
1594 3000 1692 3041 forme}
1715 3000 1769 3041 qua*
1777 3002 1880 3040 supra,
1895 2998 1932 3035 ό
1943 3000 1996 3040 fi‘b
2014 3000 2174 3031 Nominibus
2189 3000 2227 3035 ὀ·
2250 2998 2333 3031 Data

1278 3047 1407 3083 proximis
1414 3041 1507 3082 ficpra.

1911 3117 1964 3145 Per
1977 3111 2060 3154 ipsi'cm
2076 3117 2178 3152 Regem.
2201 3154 2211 3163 ἓ

1415 3251 1429 3263 ’
1584 3248 1632 3282 De
1655 3249 1771 3280 Mutuo
1794 3246 1866 3292 Regi
1882 3242 2033 3291 faciendo.

1351 3331 1375 3365 E
1387 3335 1417 3366 X
1466 3330 1584 3363 Dileffis
1602 3333 1634 3363 &
1657 3330 1794 3362 Fidelibus
1814 3330 1866 3361 suis
1910 3333 1997 3360 Simon
2020 3328 2099 3359 Felbr
2111 3338 2159 3368 gge
2179 3327 2333 3365 Chi'valer,

1285 3339 1347 3405 R
1372 3357 1495 3411 Johc’znni
1510 3370 1665 3411 Pyllyngton
1681 3369 1830 3406 Chivaler,
1848 3353 1952 3398 Tssomae
1970 3340 2124 3405 Wdevislr,
2142 3366 2248 3397 Thomae
2266 3368 2332 3395 Ψα-

1284 3414 1331 3450 ke,
1348 3407 1475 3450 Johanni
1492 3409 1644 3447 Longvyt'l,
1662 3405 1768 3438 Thomae
1784 3406 1890 3446 Mulfia,
1909 3408 1942 3438 ὃ(
1957 3405 2086 3445 Johanm·
2108 3406 2236 3446 Catesby,
2254 3405 2332 3435 Salu-

1285 3459 1353 3481 tem.
1411 3462 1414 3464 ·

1361 3489 1366 3517 i
1397 3488 1418 3517 is
1453 3487 1508 3517 uod

1319 3489 1415 3563 girarti,
1432 3498 1460 3554 {qn
1475 3510 1576 3555 ultimo
1591 3521 1780 3553 parliamento
1794 3518 1910 3559 nostr0,
1927 3519 2105 3558 Auitoritare
2115 3521 2234 3559 ejusdem
2244 3541 2260 3562 ,ι
2273 3518 2331 3548 Ora

1285 3564 1410 3595 dinatum
1424 3562 1519 3593 existat
1531 3561 1608 3599 quod
1626 3559 1723 3590 Tertia
1736 3559 1804 3590 Pars
1818 3561 1896 3590 unius
1910 3555 2042 3589 Decimae
2056 3561 2089 3590 &
2104 3561 2182 3589 unius
2192 3558 2331 3601 *Quintae-

1284 3603 1421 3640 dccimae,
1439 3600 1568 3632 concessa
1591 3600 1625 3628 de
1641 3598 1731 3628 LaiCis
1764 3599 1798 3628 ad
1813 3597 1925 3628 Festum
1942 3597 2037 3628 Sanffi
2056 3596 2172 3628 Martini
2191 3606 2219 3625 in
2240 3594 2333 3638 Yeme

1288 3641 1376 3679 (quod
1391 3638 1443 3670 erit
1461 3637 1548 3669 Anno
1568 3637 1692 3668 Domini
1717 3623 1889 3674 Millelimo,
1907 3635 2209 3675 Quadringentesimo,
2228 3632 2336 3663 Vicesi-

1287 3680 1349 3715 mo)
1368 3677 1498 3714 levanda,
1515 3677 1549 3707 ad
1564 3675 1740 3706 Solutionem
1756 3674 1888 3705 omnium
1905 3674 2034 3710 illorum,
2135 3710 2139 3716 .

1324 3718 1386 3756 Qii
1408 3715 1546 3746 Mutuum
1567 3714 1624 3744 sive
1644 3712 1832 3744 Chevantiam
1857 3713 1953 3743 Nobis
1967 3736 1977 3748 ,
2004 3721 2056 3750 pro
2077 3710 2185 3741 meliori
2207 3711 2240 3741 ὃς
2261 3706 2336 3740 cele-

1287 3757 1354 3787 riori
1374 3752 1542 3784 Refistentia
1563 3750 1685 3782 Malitiae
1705 3751 1890 3781 Inimicorum
1911 3750 2074 3780 nostrorum
2086 3770 2102 3792 .’
2128 3749 2160 3778 ὃ(
2184 3757 2236 3785 pro
2263 3757 2336 3779 con-»-

1288 3794 1441 3825 servatione
1451 3792 1565 3830 Jurium
1586 3791 1620 3822 &
1640 3787 1710 3822 salva
1731 3788 1866 3820 Custodia
1889 3788 1984 3827 Regni
2005 3786 2108 3824 nostri,
2124 3786 2215 3817 facere
2236 3787 2336 3818 volae-

1289 3835 1364 3868 rint,

1330 3869 1508 3906 Assignetur,
1792 3903 1797 3908 ⁸
2027 3878 2044 3909 j
2103 3900 2108 3905 ‘

1328 3909 1346 3927 ’¹‘
1367 3907 1404 3938 Et
1418 3907 1495 3944 quod
1512 3902 1698 3936 Cancellarius
1715 3899 1911 3945 Angliaeapro
1924 3908 2052 3943 ternpore
2066 3897 2199 3938 existens,

1293 3994 1369 4016 catus
1389 3983 1425 4014 de
1443 3981 1552 4014 Mutuo
1574 3981 1631 4013 sive
1653 3979 1837 4046 Chevantga,²
1842 3977 1920 4015 quod
1938 3976 1985 4008 vel
2005 3984 2091 4015 quam
2110 3975 2200 4016 aliqua
2213 3973 2345 4046 Capitssilca

2357 3334 2431 3366 Ann.
2444 3332 2485 3365 D.

2383 3384 2467 3413 1419.

2355 3418 2410 3440 An.
2426 3425 2452 3449 7.

2354 3494 2410 3517 Par.
2425 3475 2453 3525 .7.

2354 3533 2387 3556 H.
2402 3537 2427 3563 5.
2448 3532 2487 3555 mg

2377 3894 2392 3911 ¹⁸
2418 3892 2444 3921 X

1329 3944 1383 3976 Per
1396 3944 1609 3975 Thesaurariuin
1623 3941 1745 3981 ejusdem
1760 3941 1868 3979 Regni,
1888 3937 1933 3968 vel
1945 3948 2002 3976 eJus
2026 3936 2218 3976 Deputatum,
2237 3935 2341 3975 certifi·
2357 3895 2420 3969 8¹51·
