2562 4274
198 95 274 134 118

52 173 180 205 Ann.D.
205 219 210 222 ὓ

72 222 155 252 1415.

88 264 113 280 η.
137 262 158 280 “.

540 262 647 293 Petitio
667 258 797 292 Gilberii
814 234 932 295 Talbot.

326 350 377 378 Au
395 349 446 376 Roi
464 346 550 386 nostre
570 345 767 386 trqlredoubte,
792 345 830 382 &
850 350 999 386 Soveraign
1016 349 1149 385 seigneur.

582 426 626 453 Le
644 426 701 461 Roy
718 422 748 452 Ia
765 426 882 454 Grante.

204 501 357 556 SUpplie
375 499 668 539 Tressiurnblement,
686 500 781 532 vostre
802 500 890 541 Liege
907 501 1070 538 Servitour,
1088 499 1194 529 Gilbert
1210 503 1269 531 Sire

47 523 102 585 ’ἑὼ
120 525 146 552 3'
257 540 289 569 de
306 539 403 570 Talbot
422 550 495 580 que,

48 581 89 623 E}
100 564 181 620 {jn-0·
244 577 342 609 Come
359 588 430 608 vous
450 579 487 609 lui
505 587 569 618 eyes
585 578 752 616 Ordeignez
766 578 802 609 de
820 588 893 608 vous
907 577 1062 615 Servir,en
1078 577 1173 607 vostre
1184 577 1268 608 Roial

46 619 106 662 Pin.
153 616 168 629 ‘²
201 614 309 657 Viage,
327 628 342 647 a
360 617 474 647 Present
485 640 495 655 ,
513 619 531 648 ii
552 617 648 648 Dieux
669 616 773 655 pleast,
790 627 851 647 vers
867 615 904 647 les
921 615 1024 647 Parties
1042 615 1078 646 de
1097 614 1247 656 Gascoyne
1257 639 1269 655 ,

47 674 104 700 Cr„
199 665 239 686 ou
262 656 298 686 de
315 656 423 687 France
433 679 443 694 ,
460 666 516 687 oue
530 656 626 687 Trent
640 656 784 686 Homines
800 655 954 693 d’Armes,
973 665 1059 686 come
1076 664 1094 694 y
1113 655 1152 686 est
1165 664 1267 686 conte-

45 695 113 739 P‘JH‘
198 703 238 723 nu
264 704 301 725 en
325 695 349 725 la
376 694 534 725 Kalendare
559 694 595 725 de
612 694 708 725 vostre
728 693 864 734 Retenu,
884 694 1031 732 pardevers
1044 694 1069 724 la
1086 693 1214 725 Gardein
1232 694 1269 725 de

95 736 101 740 '
196 731 293 765 vostre
309 732 393 765 Prive
410 733 469 765 Seal
485 734 674 772 remaignante
684 756 693 771 ,

235 771 329 803 Please
348 783 363 803 a
382 772 478 803 vostre
493 772 630 803 Hautesse
646 771 853 810 graciousment
874 771 930 802 Lui
948 771 1098 809 Grantier,
1116 772 1161 809 q’il
1184 781 1266 809 purra

196 812 277 841 avoir
302 810 389 841 Deux
412 811 556 842 Bachelers
577 821 613 841 en
636 811 663 841 sa
677 811 885 851 Compaignie,
903 820 939 840 en
954 809 1048 841 vostre
1064 810 1141 840 dicke
1161 811 1266 850 Viage‚

197 849 230 879 &
252 860 287 888 qe
306 850 345 880 lui
363 851 482 880 mesmes
498 850 533 880 &
550 850 588 880 les
603 849 664 880 ditz
684 849 770 880 Deux
784 847 939 878 Rachelierr
950 857 1070 887 purront
1085 847 1157 878 estre
1173 850 1267 880 ‘I‘roi'z

196 887 232 916 de
249 889 287 918 les
300 889 460 919 avauntditz
469 889 564 918 Trent
581 887 728 918 Homrnes
743 887 893 924 d’Armes‚
914 889 1052 925 partiantz
1069 886 1107 917 les
1123 885 1219 926 Gages
1229 898 1265 918 en

197 926 267 958 celle
285 926 376 958 Partie
394 927 559 966 Ordeignez
570 950 580 966 ‚
599 936 636 957 en
654 937 742 957 oevre
756 925 792 956 de
811 924 936 956 Charite.

635 1004 676 1034 H.
695 1000 887 1032 chamberlain
904 1000 1106 1039 d'Engleterre.

501 1129 547 1160 De
572 1130 763 1161 Alarinariis
786 1125 961 1171 arcylandis.

41 1225 120 1256 Ann-
133 1225 172 1256 D⁴
196 1211 349 1267 REX,
377 1213 481 1244 dilesto
508 1213 558 1244 sibi
604 1213 735 1253 Johanm·
757 1213 926 1282 ΚχκὲςΪςΙὲοη,
955 1213 1097 1254 Magistro
1117 1216 1259 1255 cujusdam

58 1273 147 1303 1415-
272 1251 369 1295 Navis
387 1261 496 1284 vocatae
515 1252 540 1283 Ia
561 1237 700 1284 katerine
716 1253 752 1283 de
772 1253 795 1283 la
845 1263 936 1290 oure,
954 1253 1089 1285 Salutem.

38 1308 92 1332 An.
110 1314 135 1341 3·
228 1287 306 1320 Seias
329 1290 410 1329 quod
433 1291 630 1330 assignavimus
647 1291 696 1322 Te
719 1291 754 1322 ad
773 1300 818 1322 tot
837 1291 1022 1331 Marinarios,
1041 1304 1093 1329 pro
1108 1294 1261 1326 Guberna-

39 1346 73 1370 H.
91 1351 117 1376 5·
191 1328 270 1360 tione
286 1328 379 1360 Navis
397 1330 561 1369 praedidkae,
580 1339 653 1369 quot
667 1330 813 1361 neceffirii
828 1330 951 1369 fuerint,
970 1340 1027 1361 tam
1043 1334 1112 1363 infra
1130 1335 1260 1365 Liberta—

37 1384 95 1408 Pat.
116 1391 141 1418 3·
192 1374 249 1405 tes,
267 1368 352 1406 quam
372 1378 467 1407 extra,
491 1379 544 1407 pro
567 1368 698 1400 Denariis
715 1368 831 1406 nostris,
849 1370 879 1398 in
897 1369 951 1400 hac
969 1379 1046 1406 parte
1058 1372 1259 1403 rationabiliter

36 1424 72 1446 H.
90 1429 117 1454 5·
192 1405 380 1446 solvendis,&
392 1417 440 1446 per
448 1407 497 1438 Te
511 1407 679 1439 sufficientes
695 1407 854 1447 Deputatos
869 1416 932 1438 tuos
948 1408 1137 1440 Arestandum
1151 1413 1185 1443 &
1201 1412 1260 1444 Ca-

35 1464 63 1495 p·
91 1468 113 1486 ¹·
132 1468 170 1487 m.
188 1445 349 1514 giendum,
365 1447 399 1478 &
415 1456 479 1484 eos,
497 1445 596 1477 Nobis
614 1447 643 1477 in
659 1447 794 1486 obsequio
811 1445 911 1476 nostro
928 1445 1131 1488 deservituros,
1148 1460 1259 1488 ponen-

40 1505 53 1522 ι
79 1518 84 1523 .
118 1517 126 1525 .
210 1494 280 1522 umi

57 1505 74 1531 9
100 1497 118 1525 d
226 1522 265 1554 Et
290 1523 358 1555 ideo
378 1525 429 1555 tibi
445 1523 634 1563 Praecipimus
647 1524 727 1563 quod
746 1524 821 1554 circa
840 1522 986 1555 Praemiss'a
1005 1524 1151 1565 diligenter
1165 1529 1257 1561 inten-

188 1560 253 1599 das,
271 1571 304 1593 ac
317 1572 349 1593 ea
363 1563 448 1594 facias
463 1564 496 1594 &
510 1564 652 1601 exequaris
666 1565 694 1593 in
712 1562 806 1593 forma
819 1562 954 1600 praedieta
970 1573 976 1592 :

228 1599 340 1632 Damus
364 1611 459 1633 autem
484 1602 613 1632 universis
632 1602 665 1632 &
687 1601 798 1640 singulis
823 1601 1064 1641 vicecomitibus,
1084 1603 1258 1646 Maioribus,

187 1639 308 1679 Ballivis,
323 1639 555 1678 constabulario,
574 1639 721 1678 Ministris,
738 1650 771 1669 ac
789 1639 845 1669 aliis
857 1640 999 1671 Fidelibus
1015 1642 1047 1672 &
1065 1642 1189 1675 Subditis
1204 1657 1257 1676 no-

187 1677 250 1709 stris
271 1680 342 1710 infra
368 1679 545 1715 Libertates,
563 1680 597 1711 &
619 1687 712 1716 exsta,
730 1678 853 1722 Tenore¹
874 1678 1074 1719 praesentium,
1093 1682 1210 1714 firmiter
1228 1687 1257 1716 in

41 1734 57 1750 ff
77 1734 117 1761 IX
187 1716 348 1756 Mandatis,
373 1719 453 1756 quod
473 1717 563 1755 Tibi,
591 1719 625 1749 δε
646 1716 796 1755 Depuratis
816 1726 868 1747 tuis
884 1718 903 1737 ²*
923 1719 1080 1757 praedic'tis,
1097 1722 1125 1751 in
1145 1721 1257 1756 Execu-

40 1777 103 1807 ²39·
124 1755 130 1761 '
185 1757 263 1787 tione
279 1757 505 1795 praemissorum,
524 1756 702 1787 Intendentes
721 1755 789 1794 siut,
809 1755 997 1788 Consulentes
1016 1759 1049 1789 δε
1070 1759 1257 1804 Auxiliantes,

186 1803 271 1834 prout
289 1795 381 1826 decet.

223 1832 257 1863 In
276 1834 357 1864 cu‘us
391 1835 451 1866 &c.

256 1872 305 1903 Te
331 1883 347 1903 e
363 1857 446 1913 kege
458 1872 530 1913 apud
546 1872 822 1914 bbzstmorsaste›·iutti,
840 1872 944 1904 Tertio
959 1874 1005 1906 die
1022 1873 1103 1906 Maii.

853 1953 908 1981 Per
921 1950 1004 1990 ipsum
1018 1954 1124 1990 Regem.

235 2035 347 2069 Eodem
365 2031 456 2063 modo
471 2031 825 2102 affignanturvsgblsccrifth
853 2033 903 2064 sub
919 2032 1001 2066 Datis
1019 2034 1192 2076 subscriptis,

661 2082 670 2102 i
691 2082 707 2103 e
746 2082 762 2103 e
787 2095 796 2110 ‚

221 2149 402 2184 Willielmum
424 2149 563 2190 Robynsbn
591 2147 726 2188 Magister
743 2148 837 2180 Navis
856 2157 967 2181 vocatae
986 2150 1013 2181 le
1031 2150 1155 2183 Nicolas
1172 2152 1209 2184 de
1226 2153 1251 2184 la

183 2195 368 2263 Tgarehanus
393 2226 508 2257 Thomas
532 2226 670 2266 Magister
688 2226 834 2266 cujusdam
849 2225 945 2258 Navis
963 2236 1074 2259 vocatae
1093 2228 1119 2260 la
1139 2229 1253 2262 Trinite

181 2271 363 2349 Ryzhea’nnes
381 2308 459 2336 Pieri·
477 2303 616 2344 Magister
635 2303 778 2342 cujusdam
798 2302 892 2336 Navis
911 2312 1023 2336 vocatae
1041 2304 1068 2336 la
1087 2304 1161 2338 Petit
1180 2306 1252 2339 Tri-

180 2350 238 2380 nite
255 2348 291 2379 de
310 2347 335 2378 la
353 2345 463 2376 Toure.

215 2424 306 2455 Teste
324 2432 354 2454 ut
374 2422 461 2459 supra.

793 2490 796 2493 ,
841 2461 894 2488 Per
911 2460 994 2499 ipsium
1011 2462 1116 2498 Regem.

180 2584 187 2614 ι
218 2540 298 2612 ξ’έῖῖ.
316 2541 459 2571 Richeman
479 2539 616 2579 Magister
630 2538 771 2578 cujusdam
790 2537 885 2570 Navis
903 2547 1014 2571 vocatae
1031 2540 1055 2572 la
1069 2541 1196 2574 Gabriel]
1213 2544 1249 2575 de

190 2594 205 2614 a
254 2590 331 2611 oure.

216 2658 308 2690 Teste
323 2656 405 2697 Rege
420 2656 492 2695 apud
508 2654 776 2696 Westmonqsterium‚
794 2654 911 2686 decimo
923 2655 999 2686 sexto
1013 2657 1057 2688 die
1073 2657 1153 2688 Maii.

816 2734 869 2761 Per
883 2731 966 2771 ipfitm
981 2737 1084 2771 Regem.

215 2812 361 2852 Johannes
380 2809 507 2840 Huterell
524 2808 661 2850 Magister
679 2808 822 2847 cujusdam
841 2808 934 2841 Navis
952 2819 1063 2842 vocatae
1082 2811 1156 2844 Petit
1176 2812 1244 2845 Ma-

178 2854 220 2882 rie
237 2852 273 2882 de
290 2851 316 2882 la
332 2850 442 2881 Toure.
914 2859 926 2867 ‘¹

215 2927 308 2960 Teste
323 2927 404 2966 Rege
422 2925 495 2965 apud
522 2924 781 2964 Wstmonasterium
794 2934 894 2965 quarto
910 2925 957 2957 die
970 2926 1058 2965 Junii.

808 3005 861 3033 Per
875 3001 960 3042 ipsimi
976 3006 1083 3041 Regem.

213 3083 359 3113 Haukinur
382 3068 495 3111 Pitman
517 3079 655 3118 Magister
679 3080 772 3111 Navis
790 3089 901 3112 vocatae
918 3081 943 3112 la
961 3080 1049 3112 Rude
1066 3080 1143 3120 Cog.
1161 3083 1197 3112 de
1215 3083 1239 3114 la

174 3123 293 3161 Toure,
307 3121 432 3152 secundo
449 3119 496 3150 die
510 3119 643 3158 januarii.

521 3247 581 3278 Pro
606 3246 760 3278 Comitiva
785 3247 883 3292 Regis.

25 3345 102 3375 Ann-
118 3344 161 3378 D·
175 3329 372 3390 CAri'ffimus
390 3332 488 3360 Frater
506 3332 583 3377 Regis
599 3328 762 3377 Tliqmasste
785 3330 936 3368 Lancaslre
951 3354 961 3368 ‚
985 3329 1149 3370 Senefiallus
1167 3334 1235 3361 An-

240 3368 321 3407 gltae,
338 3371 407 3398 Dux
427 3368 591 3405 clarenaae,
609 3368 673 3398 alias
698 3368 790 3399 dicius
809 3368 924 3398 Thomas
947 3369 978 3398 de
1004 3369 1170 3408 Lancastre,
1187 3374 1235 3400 Se-

25 3394 132 3450 ‘1171415-
173 3406 304 3447 nefiallus
323 3406 451 3446 Angliae,
468 3410 537 3436 Dux
560 3406 724 3445 clarentiae,
739 3406 880 3445 cariffl'mus
897 3406 980 3436 Filius
997 3410 1108 3437 Domini
1123 3410 1236 3438 Henrici

23 3464 58 3488 Η,
73 3445 78 3450 '
101 3433 127 3460 3'
172 3456 262 3487 nuper
283 3448 361 3483 Regis
384 3444 497 3483 Angliae
521 3445 610 3476 Patris
629 3445 710 3485 ipsius
725 3445 836 3483 Ducis,
852 3446 918 3485 qui,
936 3446 966 3476 in
980 3445 1159 3484 Obsequium
1176 3446 1238 3476 Re-

23 3470 105 3526 Frage·
171 3486 230 3524 gis,
248 3483 339 3516 versus
360 3482 455 3514 Partes
469 3484 677 3522 ultramarinas,
694 3484 725 3513 in
742 3482 892 3514 Comitiva
907 3485 968 3522 sua,
984 3484 1161 3523 profeeturus
1179 3485 1236 3524 est,

25 3541 52 3563 H
106 3521 113 3528 '
130 3510 154 3538 3'
172 3525 279 3555 ibidem
305 3523 337 3552 in
361 3521 463 3552 eodem
489 3521 568 3552 Obse
591 3523 638 3553 uio
663 3529 837 3560 moraturuS,
854 3522 939 3554 habet
965 3522 1071 3553 Literas
1097 3523 1187 3563 Regis
1202 3524 1239 3554 de

24 3547 125 3606 mii-2,
169 3562 354 3594 Proteetione
370 3563 458 3597 (cum
477 3532 607 3591 Clausiiia
630 3559 771 3596 volumus)
788 3570 838 3598 per
863 3571 955 3592 unum
981 3561 1100 3592 Annum
1120 3562 1238 3594 duratu-

170 3611 211 3632 ras
214 3625 219 3630 .

208 3638 432 3715 Pr‘ale'iest‘tgtc‘issege
448 3673 523 3713 apud
539 3673 814 3715 westmonasterium,
831 3674 938 3705 oetavo
952 3675 998 3707 die
1017 3677 1109 3717 Maii,

209 3763 211 3765 ·
629 3753 683 3781 Per
698 3750 803 3781 Billam
819 3752 851 3781 de
866 3753 987 3782 Privato
1004 3753 1106 3791 Sigillo-

177 3831 391 3894 CArissimus
404 3831 638 3877 Consanguineus
654 3832 741 3871 Regis
751 3854 761 3869 ,
771 3831 930 3861 Edwardus
948 3836 1017 3877 Duqc
1034 3834 1170 3874 Eburum,
1181 3836 1241 3874 qui,

255 3881 284 3900 in
301 3871 481 3911 Obsequium
496 3871 525 3901 R
622 3870 714 3903 versus
729 3869 825 3901 Partes
839 3870 1050 3902 Transmarinas
1061 3874 1240 3912 profecturus

175 3908 236 3947 est,
250 3908 355 3951 ibidem
369 3910 398 3939 in
412 3909 516 3941 eodem
527 3880 680 3949 ffigissquio
694 3917 870 3947 moraturus,
884 3908 968 3940 habet
983 3909 1088 3941 Literas
1102 3911 1189 3951 Regis
1203 3912 1241 3943 de

172 3947 358 3979 Protec‘cione
376 3948 466 3984 (cum
491 3946 620 3981 Clausula
643 3946 787 3985 volumus)
808 3956 858 3986 per
881 3957 974 3978 unum
989 3948 1108 3981 Annum
1124 3951 1242 3983 duratu-

175 3996 225 4017 128.

722 83 1527 132 CONVENTIONES‚

1603 84 2005 138 LITERAE,

1349 170 1433 202 Praes.
1451 171 1514 202 ὅτε.
2402 170 2480 203 Ann.
2494 174 2536 204 D.

1387 209 1478 241 Teste
1491 209 1576 247 Rege
1595 209 1670 249 apud
1685 208 1961 251 Wstmonasterium,
1980 210 2087 243 ostavo
2101 210 2147 243 die
2161 210 2243 242 Maii.
2400 219 2509 287 111ρὲιὲ

1716 289 1771 318 Per
1789 287 1893 319 Billam
1912 289 1945 320 de
1963 291 2082 320 Privato
2100 287 2201 327 sigillo.

1537 413 1586 445 De
1611 411 1772 457 Senestallo
1798 416 1972 460 Aquitaniae
1993 411 2156 456 constituto.

1312 493 1392 551 RE
1404 494 1454 533 X,
1472 495 1580 540 dilecstis
1594 496 1627 527 ὃ(
1640 495 1767 541 fidelibus
1782 497 1882 528 nostris
1898 499 2048 537 universis,
2066 497 2190 529 Praelatis
2203 498 2237 530 δε
2253 498 2384 530 Personis
2401 504 2479 536 Ann,
2491 501 2532 538 D,

1323 570 1327 574 Ι
1384 533 1604 572 Ecclesiasticis,
1620 534 1805 578 ComitibuS,
1822 535 2050 568 Vicecomitibus
2061 561 2071 576 ,
2086 537 2260 576 Baronibus,
2278 538 2380 568 Nobi-
2421 553 2508 584 1415.

1311 568 1400 610 libus,
1419 582 1534 602 necnon
1561 572 1817 611 Universitatibus‚
1835 574 2085 614 Comunitatibu5‚
2101 576 2275 615 Civitatum,
2292 576 2381 608 Villa·
2396 587 2450 612 Αη,
2469 595 2495 622 3,

1311 617 1375 654 sum
1385 633 1393 648 ,
1409 609 1576 641 Castrorum
1593 610 1726 643 Ducatsis
1742 612 1831 643 nostri
1850 613 2046 654 Aquitanniae,
2061 615 2095 646 ὃς
2111 615 2303 653 Κεέῒοῐὶὸυε,
2313 614 2382 646 Ma·
2398 626 2432 650 H.
2453 631 2482 658 5,

1306 649 1431 692 loribus,
1456 651 1489 680 ὃς
1514 649 1761 681 Gubernatoribus
1775 660 1892 690 earum,
1910 662 2024 684 necnon
2043 652 2223 693 castellanis,
2241 653 2382 692 Praepofi-
2399 661 2469 697 Vasc.
2488 671 2515 698 3.

1311 695 1361 725 tis,
1380 687 1541 726 Capitaneis
1553 711 1562 727 ,
1582 689 1615 719 &
1638 689 1746 720 caeteris
1771 689 1941 728 quibuscum
1965 701 1999 722 ue
2015 691 2110 730 Ligeis
2123 691 2242 732 nostris,
2258 693 2287 724 in
2299 692 2380 725 dieto
2396 702 2433 726 Η.
2447 708 2478 735 5.

1311 725 1428 770 Ducatu
1444 727 1547 758 nostro
1562 727 1740 765 Aquitanniae
1757 727 1916 759 constitutis
1926 751 1937 767 ,
1976 729 2089 761 alutem.
2395 746 2435 767 m.
2450 747 2478 773 5.

1349 765 1447 796 Sciatis
1465 766 1545 804 quiid
1565 766 1651 803 Nos,

1347 803 1396 834 De
1421 804 1585 843 fidelitate,
1604 804 1760 843 Industria,
1783 803 1975 844 sufficientia,
1992 806 2027 836 δε
2050 804 2212 846 Probitate,
2229 807 2326 840 dilecti
2346 810 2382 842 ὃς

1309 839 1396 873 fidelis
1413 843 1519 882 nostri,
1537 843 1678 882 Johanm's
1695 846 1788 883 Tiptot
1801 842 1955 881 Cbivaler,
1971 843 2094 882 plenarie
2107 845 2303 886 confidentes,

1347 880 1482 912 Eundem
1507 882 1667 921 Johannem
1690 882 1917 920 Constituimus,
1934 882 2078 921 Fecimus,
2095 883 2129 914 &
2155 882 2379 926 Ordinavimus,

1310 918 1361 956 ἃ,
1379 919 1497 951 Tenore
1515 921 1698 952 Praesentiurn
1708 943 1718 960 ,
1748 920 1924 951 Ordinarnus
1944 922 1978 953 &
1994 920 2175 960 Deputarnus
2190 921 2380 956 Senescauum

1310 957 1444 990 nostrum
1461 959 1659 998 Aquitanniae3

1331 995 1384 1039 ‘Et
1401 997 1496 1028 eidem
1510 997 1654 1028 Officium
1669 998 1851 1029 Senescalciae
1867 998 1949 1036 ipfius
1964 998 2052 1029 nostri
2068 998 2293 1038 Ducatfis,cum
2308 1009 2377 1031 om-

1307 1035 1390 1066 nibus
1408 1035 1524 1074 Juribus
1538 1037 1572 1067 &
1587 1036 1779 1075 PertinentiiS,
1796 1038 1830 1068 ad
1845 1037 1955 1068 dietum
1971 1036 2116 1068 Officium
2130 1038 2227 1070 debite
2241 1039 2276 1070 &
2293 1040 2379 1070 ratio—

1307 1073 1436 1105 nabiliter
1458 1075 1661 1113 speetantibus,
1679 1074 1901 1106 Committirnus
1923 1086 1973 1113 per
1994 1076 2165 1116 Praesentes,
2182 1076 2378 1117 Habendum,

1307 1110 1491 1152 Regendum,
1510 1114 1543 1144 &
1555 1113 1772 1144 Excercendum
1783 1137 1791 1151 ‚
1809 1113 1942 1144 Nomine
1958 1115 2057 1145 nostro
2067 1139 2076 1153 ‚
2094 1115 2206 1146 dicium
2221 1115 2377 1156 Officium,

1310 1160 1378 1181 cum
1406 1151 1519 1190 Vadiis,
1537 1153 1566 1182 in
1586 1151 1631 1182 IN
1643 1161 1690 1182 DE
1700 1161 1721 1182 N
1733 1161 1756 1182 τ
1765 1162 1787 1183 υ
1798 1161 1820 1182 R
1832 1162 1850 1182 A
1861 1175 1870 1190 ,
1889 1154 1960 1182 inter
1981 1153 2049 1183 Nos
2064 1154 2099 1185 δε
2112 1153 2206 1194 Ipsum
2222 1155 2378 1194 confecta,

1309 1189 1488 1230 specificans,
1507 1191 1641 1230 quamdiu
1661 1191 1764 1221 nostrae
1780 1191 1913 1230 placuerit
1928 1190 2088 1229 voluntati,

1346 1228 1475 1268 Dantes,
1491 1231 1524 1262 ὃς
1547 1229 1767 1268 Concedemes,
1785 1232 1835 1268 &2
1856 1229 1978 1260 Tenore
2002 1230 2186 1262 Praesentium
2223 1231 2376 1265 Commit-

1305 1274 1393 1298 tentes
1415 1269 1508 1299 eidem
1531 1268 1690 1301 Senescallo
1711 1268 1809 1300 nostro
1854 1269 1946 1299 lenam
1968 1270 2002 1301 &
2024 1269 2141 1300 liberam
2166 1273 2181 1288 ³·
2195 1253 2372 1303 'Potestatem
2389 1268 2411 1290 *
2427 1270 2483 1301 IX.

1305 1305 1436 1346 Regendi
1456 1308 1490 1339 &
1511 1307 1687 1339 Excercendi
1700 1308 1813 1339 didium
1859 1306 1969 1338 fficium
1982 1309 2011 1338 in
2025 1307 2107 1339 dieto
2120 1308 2238 1340 Ducatu
2255 1310 2374 1351 nostro,
2392 1318 2456 1345 240·

1304 1345 1338 1375 &
1356 1346 1479 1385 qualibet
1492 1355 1568 1384 parte
1582 1346 1722 1391 ejusdem,
1770 1367 1778 1375 .

1341 1383 1378 1416 Et
1398 1386 1483 1416 etiam
1508 1384 1703 1424 Requirendi,
1720 1385 1754 1416 &
1769 1384 1907 1424 Exigendi
1917 1409 1927 1425 ‚
1944 1394 2027 1425 atque
2042 1385 2212 1424 Recipiendi
2225 1387 2262 1418 ab
2277 1389 2378 1419 omni-

1304 1422 1355 1453 bus
1384 1424 1417 1454 &
1440 1424 1551 1463 singulis
1576 1424 1670 1463 Ligeis
1694 1426 1729 1456 &
1754 1424 1897 1455 Fidelibus
1915 1424 2017 1455 nostris
2039 1425 2111 1455 dieti
2135 1424 2265 1457 Ducatsis
2284 1427 2375 1458 nostri

1302 1461 1508 1502 quodcumque
1524 1462 1675 1494 Fidelitatis
1690 1464 1724 1494 δε
1734 1462 1919 1494 obedientiae
1929 1462 2129 1501 Juramentum
2137 1487 2147 1503 ,

1342 1499 1377 1531 Et
1395 1503 1480 1532 etiam
1502 1501 1656 1533 Praestandi
1669 1501 1746 1541 quod
1761 1501 1802 1533 est
1815 1501 1937 1540 praestari
1951 1502 2119 1534 consuetum
2135 1513 2184 1541 per
2199 1503 2266 1535 alios
2277 1504 2377 1536 Senes—

1303 1539 1388 1570 callos
1398 1562 1407 1577 ,
1423 1541 1559 1571 haetenus
1571 1540 1755 1579 constitutos,

1336 1577 1469 1622 *Necnon
1489 1579 1525 1610 de
1543 1579 1766 1618 quibuscumque
1781 1579 1879 1611 Caufis
1895 1580 1930 1611 &
1944 1578 2100 1618 Negotiis,
2121 1579 2324 1613 Criminalibus
2337 1582 2372 1613 &

1302 1614 1462 1655 Civilibus,
1479 1618 1513 1649 ad
1536 1617 1648 1648 dictum
1669 1617 1814 1649 Officium
1834 1620 2039 1657 pertinentibus
2052 1642 2062 1657 ,
2085 1619 2234 1658 Judicandi
2253 1620 2287 1651 δε
2309 1619 2374 1651 Co-

1303 1655 1474 1695 gnoscendi,
1495 1656 1596 1687 nostro
1611 1657 1765 1695 Nomine,
1781 1657 1935 1696 injudicio
1952 1658 1997 1688 vel
2014 1667 2108 1696 extra,

1338 1694 1470 1726 Necnon
1487 1695 1683 1735 quoscumque
1703 1695 1858 1728 Sceleratos
1871 1719 1881 1734 ,
1902 1696 2098 1733 criminosos,
2123 1697 2157 1728 &
2181 1695 2320 1736 Delatos,
2338 1698 2373 1729 &

1301 1732 1338 1762 de
1356 1734 1580 1774 quibuscumque
1592 1733 1771 1764 Criminibus
1785 1738 1818 1766 &
1834 1735 1991 1765 Forisfaffis
2007 1735 2159 1773 culpabiles
2172 1735 2205 1766 ὃς
2220 1736 2374 1767 εοηνίἂοε

1303 1772 1527 1811 (cujuscumque
1549 1772 1659 1811 status,
1676 1772 1810 1811 Gradfis,
1827 1773 1872 1804 vel
1894 1773 2080 1804 Conditionis
2093 1773 2228 1808 existant)
2246 1773 2373 1806 Punien-

1299 1810 1347 1849 di,
1365 1811 1535 1850 Corrigendi
1556 1812 1591 1843 ὃς
1613 1810 1794 1851 Castigandi,
1811 1812 1845 1842 ὃς
1871 1811 1997 1842 debitam
2020 1811 2204 1842 Punitionem
2229 1811 2374 1845 Crimina-

1300 1849 1357 1880 lem
1371 1873 1380 1888 ,
1397 1850 1523 1881 Civilem
1544 1851 1589 1881 seu
1615 1850 1825 1888 Pecuniariam,
1843 1860 1877 1880 ac
1891 1850 2100 1881 Executionem
2116 1849 2224 1888 Judicii
2239 1850 2273 1881 &
2284 1851 2374 1890 Justi-

1299 1889 1468 1958 {iedprout
1481 1889 1601 1929 ,qualitas
1615 1888 1856 1929 Delinqucntium
1869 1889 1904 1920 δε
1921 1888 2144 1920 Forisfaetorum
2160 1890 2301 1929 exegerit,
2319 1890 2373 1922 Fa-

1319 1937 1363 1958 ien
1385 1938 1394 1958 i

1337 1966 1377 1997 Et
1391 1951 1477 1997 e’tiam
1489 1965 1664 1998 Potestatem
1676 1966 1865 2005 Absolvendi,
1885 1966 2054 2006 Qiietandi,
2073 1966 2106 1997 &
2120 1966 2275 1998 Relaxandi
2288 1968 2373 2007 quos—

1299 2014 1423 2045 cumque
1441 2005 1666 2050 Delinquentes,
1683 2005 1910 2043 forisfacientes,
1933 2004 2130 2049 Criminosos,
2149 2006 2183 2037 &
2201 2005 2373 2038 Maiefaeto-

1297 2053 1364 2113 {13³1ss
1372 2043 1767 2114 affiffim'ccssiffli'aizr?
1769 2043 2119 2114 ffer'viffifaffissi'oi?
2120 2046 2372 2116 Cssssiieffi‘rirm&

1296 2108 1536 2153 Forisfaciorum’
1546 2121 1712 2162 hujusmodi
1729 2121 1872 2160 debitam,
1895 2106 2096 2160 Rerriittendi,
2120 2119 2316 2162 Pardonandi,
2335 2123 2370 2155 &

1333 2161 1454 2191 uietandi

1297 2160 1511 2230 Qriminii’ms
1529 2200 1575 2231 seu
1595 2198 1773 2239 Forisfaffis,
1791 2197 1942 2230 Offensam
1963 2198 2069 2230 nostrae
2086 2199 2115 2230 R
2154 2200 2188 2230 iae
2203 2198 2371 2239 Magestatis

1296 2240 1554 2278 concernentibus,
1571 2238 1716 2271 dumtaxat
1737 2240 1879 2278 exceptis,
1896 2247 2021 2278 quorum
2039 2207 2252 2270 Remiei‘issonem
2267 2238 2369 2270 Nobis

1295 2277 1446 2316 specialiter
1462 2277 1649 2309 Reservamus
1658 2301 1669 2317 ‚

1336 2316 1447 2347 Damus
1469 2318 1555 2348 etiam
1573 2318 1607 2347 &
1620 2316 1818 2348 Concedimus
1835 2316 1928 2347 eidem
1944 2315 2042 2347 nostro
2057 2315 2215 2347 Senescallo
2234 2315 2365 2348 Potesta-

1295 2364 1353 2386 tem
1372 2355 1559 2394 Deponendi,
1578 2355 1775 2388 Ammovendi
1790 2358 1824 2388 &
1838 2355 2028 2393 Revocandi,
2045 2354 2081 2385 de
2092 2354 2266 2386 avisamento
2280 2354 2365 2387 Con-

1295 2395 1351 2425 cilii
1374 2395 1462 2425 nostri
1482 2395 1608 2433 ibidem,
1627 2395 1821 2434 quoscumque
1842 2393 2009 2425 Officiarios
2027 2392 2158 2432 nostros,
2174 2393 2310 2433 Judicoe,
2329 2395 2365 2426 &

1295 2433 1447 2464 Ministros
1465 2432 1604 2472 Justitiae‚
1621 2435 1650 2464 in
1671 2434 1789 2465 Ducatu
1809 2432 1908 2464 nostro
1933 2431 2072 2471 praediCto
2086 2432 2247 2470 existentes,
2264 2432 2301 2462 ab
2312 2442 2363 2463 eo-

1294 2483 1357 2503 rum
1374 2472 1489 2504 Officiis
1501 2473 1533 2503 &
1547 2472 1765 2512 Regiminibus,
1781 2471 1802 2502 si
1815 2472 1980 2510 Culpabiles
1992 2471 2102 2501 inventi
2116 2471 2235 2508 fuerint,
2252 2471 2287 2502 δε
2300 2470 2361 2501 Ca-

1293 2512 1335 2542 sus
1354 2513 1491 2551 exegerit,
1507 2512 1560 2550 &,
1577 2511 1647 2543 loco
1667 2512 1812 2551 ipsorum,
1829 2511 1898 2541 alios
1917 2509 2096 2541 Sufficientes
2110 2509 2143 2539 &
2161 2507 2286 2539 Idoneos
2302 2508 2361 2540 Po-

1293 2551 1377 2581 nendi
1391 2552 1425 2581 &
1441 2550 1621 2588 Deputandi,
1640 2551 1674 2581 &
1691 2553 1745 2589 ipsa
1757 2548 1865 2580 Officia
1883 2547 2079 2585 Comittendi,
2163 2585 2168 2591 ·

1331 2588 1445 2619 Officiis
1465 2588 1670 2619 Constabularii
1687 2591 1720 2620 &
1741 2588 1859 2626 Majoris
1877 2587 2005 2618 Civitatis
2022 2584 2196 2629 Burdegaliae
2206 2608 2216 2623 ,
2234 2595 2267 2616 ac
2290 2595 2356 2617 om-

1290 2628 1371 2657 nium
1390 2628 1527 2664 aliorum,
1546 2628 1648 2665 quibus
1667 2626 1773 2657 Officia
1796 2625 1831 2656 ad
1847 2626 2023 2656 Terminum
2039 2623 2114 2654 Vitae
2133 2622 2356 2663 Conceffimus,

1294 2665 1441 2696 dumtaxat
1459 2667 1600 2703 exceptis,
1618 2675 1740 2703 quorum
1760 2664 1983 2700 Dispolitionem
2003 2663 2086 2692 nobis
2103 2661 2305 2701 Reservamus,

1327 2703 1365 2735 Et
1384 2706 1468 2734 etiam
1483 2704 1681 2734 Concedimus
1694 2705 1727 2734 δε
1745 2702 1898 2732 Donamus
1914 2702 1995 2733 dicio
2011 2700 2171 2732 Senescallo
2186 2700 2288 2732 nostro
2299 2701 2359 2740 ple-

1290 2752 1355 2772 nam
1376 2744 1407 2773 ὃς
1430 2744 1546 2773 liberam
1561 2741 1734 2772 potestatem
1749 2740 1891 2771 Audiendi
1904 2740 1937 2771 ὅ(
1954 2738 2177 2778 Cognoscendi,
2193 2739 2358 2771 Decidendi

1288 2782 1321 2811 &
1345 2781 1549 2818 Terminandi,
1562 2780 1678 2820 Judicio
1700 2781 1734 2812 &
1749 2779 1879 2818 Justitifi,
1897 2780 2089 2817 quascumque
2103 2777 2207 2821 Causas
2219 2778 2253 2809 &
2266 2778 2356 2810 Vadia

1288 2819 1357 2850 Belli
1377 2820 1421 2850 scu
1445 2819 1560 2857 Duelli,
1577 2828 1676 2850 coram
1701 2819 1804 2850 eodem
1825 2817 1947 2849 dedu&a
1964 2817 1997 2849 &
2012 2817 2166 2855 vertentia,
2183 2825 2257 2847 inter
2276 2817 2358 2856 quas-

1289 2869 1415 2896 cumque
1432 2858 1582 2896 Personas,

1326 2897 1457 2928 Necnon
1470 2896 1643 2927 potestatem
1656 2897 1690 2928 δε
1704 2896 1876 2927 Facultatem
1893 2893 2041 2932 Faciendi,
2059 2891 2273 2937 Constituendi‚
2290 2892 2354 2925 De-

1286 2936 1422 2974 putandi,
1440 2937 1473 2967 &
1489 2935 1611 2966 Creandi
1629 2935 1666 2966 de
1682 2946 1778 2972 novo,
1796 2934 1897 2965 nostro
1910 2933 2044 2964 Nomine
2057 2933 2092 2961 &
2106 2931 2284 2963 Auctoritate
2298 2942 2353 2963 no—

1286 2974 1342 3005 stra
1366 2974 1474 3013 Regia,
1491 2984 1580 3004 urium
1603 2975 1636 3005 &
1652 2974 1743 3012 plures
1761 2974 1900 3005 Notarios
1913 2972 1959 3002 seu
1971 2969 2171 3017 'sabellio-nes,
2185 2970 2220 3000 ad
2235 2970 2355 3008 Regen-

1285 3014 1356 3044 dum
1371 3007 1635 3044 &Excercendum
1650 3012 1793 3043 Officium
1807 3011 2022 3041 Tabellionatus
2036 3018 2066 3038 in
2079 3008 2160 3040 dicto
2173 3008 2273 3040 nostro
2287 3009 2355 3041 Du-

1284 3061 1364 3090 catu,
1381 3051 1560 3083 Sufficientes
1595 3051 1688 3089 Aptos
1706 3052 1740 3082 δε
1759 3049 1882 3086 Fideles,
1985 3086 1990 3092 ’
2082 3086 2087 3091 “

1320 3090 1357 3121 Et
1375 3092 1458 3122 etiam
1479 3074 1653 3121 Potesiatern
1679 3088 1811 3120 Faciendi
1828 3088 1862 3118 &
1887 3085 2089 3130 Constituendi
2108 3085 2191 3117 Duos
2214 3086 2260 3117 vel
2278 3086 2354 3118 Tres

1282 3130 1430 3199 servientes
1452 3129 1498 3161 seu
1521 3128 1656 3168 Serjantes
1683 3127 1791 3166 Regios
1813 3149 1823 3165 ,
1853 3125 2018 3165 assignando
2042 3124 2148 3155 eisdem
2167 3123 2257 3156 Vadia
2279 3135 2355 3157 con·

1295 3177 1356 3199 ueta

1321 3192 1452 3237 Ngcnon
1471 3207 1570 3236 omnia
1589 3205 1638 3236 alia
1657 3205 1691 3237 &
1710 3203 1813 3244 singula
1831 3203 1982 3241 Faciendi,
1997 3201 2131 3242 Regendi
2163 3202 2353 3243 Excercendi,

1280 3246 1314 3276 &
1335 3245 1509 3286 Disponendi
1531 3245 1645 3281 omnia,
1663 3253 1727 3281 quae
1743 3244 1777 3274 ad
1794 3243 1908 3274 dicium
1931 3241 2062 3272 nostrum
2084 3224 2230 3285 Officium
2250 3241 2349 3273 Senes-

1281 3284 1379 3314 calciae
1407 3283 1587 3321 Aquitanniae
1608 3280 1703 3312 debite
1723 3282 1878 3320 pertinent,
1896 3281 1930 3312 &
1952 3291 2017 3319 quae
2031 3289 2080 3319 pei·
2096 3279 2165 3310 alios
2179 3279 2350 3312 Senescallos

1281 3323 1317 3353 de
1336 3322 1405 3359 Jure
1419 3321 1477 3352 fieri
1494 3321 1528 3352 &
1543 3322 1685 3352 excerceri
1699 3321 1920 3358 consueverunt,
1938 3321 2025 3350 etiarn
2038 3319 2058 3349 si
2074 3319 2181 3357 majora
2195 3317 2290 3350 forent
2303 3319 2347 3350 su-

1281 3361 1375 3399 perius
1389 3360 1555 3399 expressatis.

1319 3399 1478 3429 Afferentes
1500 3398 1604 3436 Grata,
1624 3398 1715 3438 Rata,
1735 3398 1769 3428 δε
1788 3396 1882 3427 Firma
1906 3396 2071 3434 habituros,
2087 3405 2153 3434 quae
2168 3404 2219 3434 per
2232 3394 2345 3425 dietum

1281 3437 1413 3505 nostrun}
1427 3437 1615 3468 senescallum
1631 3437 1703 3468 facita
1717 3437 1750 3467 &
1767 3435 1844 3476 gesta
1857 3436 1979 3473 fuerint,
1996 3436 2030 3466 δε
2045 3435 2181 3465 faciemus
2194 3432 2345 3464 inviolabi-

1280 3477 1343 3507 liter
1356 3477 1396 3506 ob
1407 3476 1494 3505 ei‘vari

1318 3498 1518 3551 Praecipienre's
1537 3515 1634 3552 vobis,
1654 3515 1688 3546 &
1708 3512 1837 3544 vestrum
1857 3511 1992 3548 cuilibet,
2015 3517 2066 3549 ut,
2088 3510 2119 3540 in
2141 3508 2289 3541 Praemiffis
2310 3511 2343 3541 &

1281 3555 1357 3585 circa
1377 3552 1540 3591 Praemissa,
1557 3553 1671 3593 pareatis
1689 3552 1722 3584 &
1737 3551 1890 3583 efficaciter
1902 3547 2058 3580 intendatis.

1320 3591 1353 3622 In
1371 3591 1451 3629 cujus
1462 3614 1471 3629 ,
1486 3592 1546 3621 &c.

1335 3629 1426 3661 Teste
1440 3629 1522 3669 Rege
1537 3629 1610 3668 apud
1626 3627 1898 3668 Wstmonqsterium,
1915 3624 2021 3655 oetavo
2038 3622 2083 3654 die
2098 3622 2182 3654 Maii.

1878 3703 1930 3731 Per
1941 3699 2024 3740 ipficm
2037 3702 2141 3738 Regem.

2301 4024 2346 4053 De
