<?xml version="1.0" encoding="UTF-8"?>
<!DOCTYPE html PUBLIC "-//W3C//DTD XHTML 1.0 Transitional//EN"
    "http://www.w3.org/TR/xhtml1/DTD/xhtml1-transitional.dtd">
<html xmlns="http://www.w3.org/1999/xhtml" xml:lang="en" lang="en">
 <head>
  <title>
</title>
<meta http-equiv="Content-Type" content="text/html;charset=utf-8" />
  <meta name='ocr-system' content='tesseract 3.04.00' />
  <meta name='ocr-capabilities' content='ocr_page ocr_carea ocr_par ocr_line ocrx_word'/>
</head>
<body>
  <div class='ocr_page' id='page_1' title='image "./fderaconventione04ryme_0780.png"; bbox 0 0 2562 4274; ppageno 0'>
   <div class='ocr_carea' id='block_1_1' title="bbox 197 128 272 180">
    <p class='ocr_par' dir='ltr' id='par_1_1' title="bbox 197 128 272 180">
     <span class='ocr_line' id='line_1_1' title="bbox 197 128 272 180; baseline 0.027 -16"><span class='ocrx_word' id='word_1_1' title='bbox 197 128 272 180; x_wconf 80' lang='lat'>138</span> 
     </span>
    </p>
   </div>
   <div class='ocr_carea' id='block_1_2' title="bbox 37 199 1251 2445">
    <p class='ocr_par' dir='ltr' id='par_1_2' title="bbox 38 199 1251 288">
     <span class='ocr_line' id='line_1_2' title="bbox 38 199 1251 250; baseline -0.01 -8"><span class='ocrx_word' id='word_1_2' title='bbox 38 209 115 242; x_wconf 90' lang='lat' dir='ltr'>Ann.</span> <span class='ocrx_word' id='word_1_3' title='bbox 130 210 171 240; x_wconf 94' lang='lat' dir='ltr'>D.</span> <span class='ocrx_word' id='word_1_4' title='bbox 191 220 274 250; x_wconf 82' lang='lat' dir='ltr'>vere,</span> <span class='ocrx_word' id='word_1_5' title='bbox 292 210 325 241; x_wconf 75' lang='grc' dir='ltr'>δε</span> <span class='ocrx_word' id='word_1_6' title='bbox 346 208 457 240; x_wconf 79' lang='lat' dir='ltr'>eosdem</span> <span class='ocrx_word' id='word_1_7' title='bbox 481 206 658 237; x_wconf 83' lang='lat' dir='ltr'>Mercatores</span> <span class='ocrx_word' id='word_1_8' title='bbox 680 205 713 236; x_wconf 91' lang='lat'>&amp;</span> <span class='ocrx_word' id='word_1_9' title='bbox 733 205 800 235; x_wconf 83' lang='lat' dir='ltr'>alios</span> <span class='ocrx_word' id='word_1_10' title='bbox 814 203 850 233; x_wconf 88' lang='lat' dir='ltr'>de</span> <span class='ocrx_word' id='word_1_11' title='bbox 861 203 947 247; x_wconf 33' lang='lat' dir='ltr'>dieto·</span> <span class='ocrx_word' id='word_1_12' title='bbox 956 202 1064 242; x_wconf 84' lang='lat' dir='ltr'>Regno</span> <span class='ocrx_word' id='word_1_13' title='bbox 1077 199 1251 246; x_wconf 58' lang='lat' dir='ltr'>nostro,ad</span> 
     </span>
     <span class='ocr_line' id='line_1_3' title="bbox 68 241 1245 288; baseline -0.009 -8"><span class='ocrx_word' id='word_1_14' title='bbox 68 250 150 288; x_wconf 76' lang='lat'>1428.</span> <span class='ocrx_word' id='word_1_15' title='bbox 189 249 285 280; x_wconf 88' lang='lat' dir='ltr'>Partes</span> <span class='ocrx_word' id='word_1_16' title='bbox 301 248 446 286; x_wconf 56' lang='lat' dir='ltr'>praedic‘tas</span> <span class='ocrx_word' id='word_1_17' title='bbox 462 255 613 282; x_wconf 86' lang='lat' dir='ltr'>venturos,</span> <span class='ocrx_word' id='word_1_18' title='bbox 628 243 703 282; x_wconf 82' lang='lat' dir='ltr'>juste</span> <span class='ocrx_word' id='word_1_19' title='bbox 717 243 751 274; x_wconf 89' lang='lat'>&amp;</span> <span class='ocrx_word' id='word_1_20' title='bbox 764 242 877 273; x_wconf 79' lang='lat' dir='ltr'>fideliter</span> <span class='ocrx_word' id='word_1_21' title='bbox 891 251 948 280; x_wconf 87' lang='lat' dir='ltr'>regi</span> <span class='ocrx_word' id='word_1_22' title='bbox 966 243 999 272; x_wconf 89' lang='lat'>&amp;</span> <span class='ocrx_word' id='word_1_23' title='bbox 1022 241 1180 279; x_wconf 65' lang='lat' dir='ltr'>pertractari</span> <span class='ocrx_word' id='word_1_24' title='bbox 1201 249 1245 284; x_wconf 74' lang='lat' dir='ltr'>in-</span> 
     </span>
    </p>

    <p class='ocr_par' dir='ltr' id='par_1_3' title="bbox 37 277 1245 515">
     <span class='ocr_line' id='line_1_4' title="bbox 37 277 1245 322; baseline -0.01 -2"><span class='ocrx_word' id='word_1_25' title='bbox 37 293 100 320; x_wconf 80' lang='lat' dir='ltr'>Hen.</span> <span class='ocrx_word' id='word_1_26' title='bbox 122 290 148 317; x_wconf 89' lang='grc'>6.</span> <span class='ocrx_word' id='word_1_27' title='bbox 185 290 256 320; x_wconf 73' lang='lat' dir='ltr'>time</span> <span class='ocrx_word' id='word_1_28' title='bbox 278 286 499 322; x_wconf 82' lang='lat' dir='ltr'>confiderantes,</span> <span class='ocrx_word' id='word_1_29' title='bbox 517 284 650 314; x_wconf 87' lang='lat' dir='ltr'>volumus</span> <span class='ocrx_word' id='word_1_30' title='bbox 669 282 719 318; x_wconf 87' lang='lat'>&amp;‚</span> <span class='ocrx_word' id='word_1_31' title='bbox 734 281 852 311; x_wconf 87' lang='lat' dir='ltr'>Tenore</span> <span class='ocrx_word' id='word_1_32' title='bbox 873 280 1056 311; x_wconf 87' lang='lat' dir='ltr'>Praesentium</span> <span class='ocrx_word' id='word_1_33' title='bbox 1070 301 1080 316; x_wconf 87' lang='lat'>‚</span> <span class='ocrx_word' id='word_1_34' title='bbox 1096 277 1245 309; x_wconf 83' lang='lat' dir='ltr'>Concedi-</span> 
     </span>
     <span class='ocr_line' id='line_1_5' title="bbox 187 316 1244 362; baseline -0.01 -5"><span class='ocrx_word' id='word_1_35' title='bbox 187 337 251 357; x_wconf 76' lang='lat' dir='ltr'>mus</span> <span class='ocrx_word' id='word_1_36' title='bbox 265 326 367 356; x_wconf 88' lang='lat' dir='ltr'>eisdem</span> <span class='ocrx_word' id='word_1_37' title='bbox 384 323 597 354; x_wconf 83' lang='lat' dir='ltr'>Mercatoribus</span> <span class='ocrx_word' id='word_1_38' title='bbox 610 321 689 359; x_wconf 79' lang='lat' dir='ltr'>quod</span> <span class='ocrx_word' id='word_1_39' title='bbox 703 320 771 357; x_wconf 86' lang='lat' dir='ltr'>ipsi,</span> <span class='ocrx_word' id='word_1_40' title='bbox 786 321 915 357; x_wconf 87' lang='lat' dir='ltr'>quotiens</span> <span class='ocrx_word' id='word_1_41' title='bbox 938 319 971 349; x_wconf 71' lang='grc' dir='ltr'>ὅ(</span> <span class='ocrx_word' id='word_1_42' title='bbox 991 318 1114 362; x_wconf 60' lang='grc' dir='ltr'>οιμιξιιιᾲο7</span> <span class='ocrx_word' id='word_1_43' title='bbox 1127 319 1165 347; x_wconf 89' lang='lat' dir='ltr'>eis</span> <span class='ocrx_word' id='word_1_44' title='bbox 1185 316 1244 354; x_wconf 86' lang='lat' dir='ltr'>pla-</span> 
     </span>
     <span class='ocr_line' id='line_1_6' title="bbox 186 356 1242 402; baseline -0.011 -6"><span class='ocrx_word' id='word_1_45' title='bbox 186 366 292 402; x_wconf 80' lang='lat' dir='ltr'>cuerit,</span> <span class='ocrx_word' id='word_1_46' title='bbox 311 366 340 394; x_wconf 80' lang='lat' dir='ltr'>in</span> <span class='ocrx_word' id='word_1_47' title='bbox 361 362 485 400; x_wconf 86' lang='lat' dir='ltr'>quodam</span> <span class='ocrx_word' id='word_1_48' title='bbox 500 360 585 390; x_wconf 87' lang='lat' dir='ltr'>Loco</span> <span class='ocrx_word' id='word_1_49' title='bbox 597 360 773 396; x_wconf 83' lang='lat' dir='ltr'>competenti</span> <span class='ocrx_word' id='word_1_50' title='bbox 788 360 820 389; x_wconf 87' lang='lat'>&amp;</span> <span class='ocrx_word' id='word_1_51' title='bbox 836 356 973 394; x_wconf 86' lang='lat' dir='ltr'>honesto,</span> <span class='ocrx_word' id='word_1_52' title='bbox 993 357 1042 386; x_wconf 90' lang='lat' dir='ltr'>ubi</span> <span class='ocrx_word' id='word_1_53' title='bbox 1066 358 1116 386; x_wconf 76' lang='lat' dir='ltr'>libi</span> <span class='ocrx_word' id='word_1_54' title='bbox 1130 356 1242 393; x_wconf 89' lang='lat' dir='ltr'>placue-</span> 
     </span>
     <span class='ocr_line' id='line_1_7' title="bbox 186 394 1240 439; baseline -0.01 -5"><span class='ocrx_word' id='word_1_55' title='bbox 186 406 222 434; x_wconf 88' lang='lat' dir='ltr'>rit</span> <span class='ocrx_word' id='word_1_56' title='bbox 255 403 281 433; x_wconf 89' lang='lat' dir='ltr'>se</span> <span class='ocrx_word' id='word_1_57' title='bbox 303 401 484 439; x_wconf 60' lang='lat' dir='ltr'>congregare</span> <span class='ocrx_word' id='word_1_58' title='bbox 509 401 541 430; x_wconf 87' lang='lat'>&amp;</span> <span class='ocrx_word' id='word_1_59' title='bbox 568 398 678 435; x_wconf 88' lang='lat' dir='ltr'>Unire,</span> <span class='ocrx_word' id='word_1_60' title='bbox 696 398 730 428; x_wconf 91' lang='lat'>&amp;</span> <span class='ocrx_word' id='word_1_61' title='bbox 753 406 842 427; x_wconf 81' lang='lat' dir='ltr'>certas</span> <span class='ocrx_word' id='word_1_62' title='bbox 861 395 995 426; x_wconf 78' lang='lat' dir='ltr'>Personas</span> <span class='ocrx_word' id='word_1_63' title='bbox 1016 394 1182 434; x_wconf 83' lang='lat' dir='ltr'>sufficientes</span> <span class='ocrx_word' id='word_1_64' title='bbox 1206 395 1240 424; x_wconf 67' lang='grc' dir='ltr'>ὅς</span> 
     </span>
     <span class='ocr_line' id='line_1_8' title="bbox 186 427 1240 478; baseline -0.008 -7"><span class='ocrx_word' id='word_1_65' title='bbox 186 427 300 472; x_wconf 58' lang='grc' dir='ltr'>ίάεζηεεε</span> <span class='ocrx_word' id='word_1_66' title='bbox 320 441 347 468; x_wconf 89' lang='lat' dir='ltr'>in</span> <span class='ocrx_word' id='word_1_67' title='bbox 372 432 585 469; x_wconf 69' lang='lat' dir='ltr'>Gubernatores</span> <span class='ocrx_word' id='word_1_68' title='bbox 602 437 681 474; x_wconf 83' lang='lat' dir='ltr'>suos,</span> <span class='ocrx_word' id='word_1_69' title='bbox 699 437 727 464; x_wconf 90' lang='lat' dir='ltr'>in</span> <span class='ocrx_word' id='word_1_70' title='bbox 751 435 854 466; x_wconf 89' lang='lat' dir='ltr'>eisdem</span> <span class='ocrx_word' id='word_1_71' title='bbox 879 433 1023 478; x_wconf 82' lang='lat' dir='ltr'>Partibus,</span> <span class='ocrx_word' id='word_1_72' title='bbox 1042 435 1113 477; x_wconf 77' lang='lat' dir='ltr'>inter</span> <span class='ocrx_word' id='word_1_73' title='bbox 1133 432 1187 478; x_wconf 77' lang='lat' dir='ltr'>Se,</span> <span class='ocrx_word' id='word_1_74' title='bbox 1205 432 1240 463; x_wconf 90' lang='lat' dir='ltr'>ad</span> 
     </span>
     <span class='ocr_line' id='line_1_9' title="bbox 183 472 1225 515; baseline -0.011 -5"><span class='ocrx_word' id='word_1_75' title='bbox 183 489 284 511; x_wconf 89' lang='lat' dir='ltr'>eorum</span> <span class='ocrx_word' id='word_1_76' title='bbox 299 478 427 515; x_wconf 82' lang='lat' dir='ltr'>libitum,</span> <span class='ocrx_word' id='word_1_77' title='bbox 446 477 555 514; x_wconf 80' lang='lat' dir='ltr'>Eligere</span> <span class='ocrx_word' id='word_1_78' title='bbox 570 476 603 506; x_wconf 89' lang='lat'>&amp;</span> <span class='ocrx_word' id='word_1_79' title='bbox 618 474 758 511; x_wconf 85' lang='lat' dir='ltr'>Optinei·e</span> <span class='ocrx_word' id='word_1_80' title='bbox 771 474 881 504; x_wconf 89' lang='lat' dir='ltr'>valeant</span> <span class='ocrx_word' id='word_1_81' title='bbox 895 473 984 503; x_wconf 80' lang='lat' dir='ltr'>libere</span> <span class='ocrx_word' id='word_1_82' title='bbox 998 472 1031 502; x_wconf 91' lang='lat'>&amp;</span> <span class='ocrx_word' id='word_1_83' title='bbox 1048 481 1182 508; x_wconf 76' lang='lat' dir='ltr'>impune,</span> <span class='ocrx_word' id='word_1_84' title='bbox 1219 509 1225 515; x_wconf 22' lang='grc' dir='ltr'><strong><em>ἢ</em></strong></span> 
     </span>
    </p>

    <p class='ocr_par' dir='ltr' id='par_1_4' title="bbox 178 508 1241 708">
     <span class='ocr_line' id='line_1_10' title="bbox 219 508 1241 551; baseline -0.01 -3"><span class='ocrx_word' id='word_1_85' title='bbox 219 518 327 548; x_wconf 83' lang='lat' dir='ltr'>Dantes</span> <span class='ocrx_word' id='word_1_86' title='bbox 345 517 379 546; x_wconf 67' lang='grc' dir='ltr'>ὃς</span> <span class='ocrx_word' id='word_1_87' title='bbox 402 515 603 546; x_wconf 80' lang='lat' dir='ltr'>Concedentes</span> <span class='ocrx_word' id='word_1_88' title='bbox 623 512 784 551; x_wconf 87' lang='lat' dir='ltr'>hujusmodi</span> <span class='ocrx_word' id='word_1_89' title='bbox 796 511 1058 548; x_wconf 79' lang='lat' dir='ltr'>Gubernatoribu5‚</span> <span class='ocrx_word' id='word_1_90' title='bbox 1095 519 1124 539; x_wconf 89' lang='lat' dir='ltr'>er</span> <span class='ocrx_word' id='word_1_91' title='bbox 1139 508 1241 546; x_wconf 63' lang='lat' dir='ltr'>praedi-</span> 
     </span>
     <span class='ocr_line' id='line_1_11' title="bbox 183 547 1239 591; baseline -0.009 -4"><span class='ocrx_word' id='word_1_92' title='bbox 183 556 246 587; x_wconf 73' lang='lat' dir='ltr'>‹stos</span> <span class='ocrx_word' id='word_1_93' title='bbox 268 555 443 585; x_wconf 81' lang='lat' dir='ltr'>Mercatores</span> <span class='ocrx_word' id='word_1_94' title='bbox 466 554 502 583; x_wconf 80' lang='lat' dir='ltr'>lic</span> <span class='ocrx_word' id='word_1_95' title='bbox 520 552 669 591; x_wconf 74' lang='lat' dir='ltr'><strong>eligendis,</strong></span> <span class='ocrx_word' id='word_1_96' title='bbox 686 560 822 588; x_wconf 71' lang='lat' dir='ltr'>quantum</span> <span class='ocrx_word' id='word_1_97' title='bbox 841 552 869 580; x_wconf 89' lang='lat' dir='ltr'>in</span> <span class='ocrx_word' id='word_1_98' title='bbox 888 550 970 580; x_wconf 89' lang='lat' dir='ltr'>nobis</span> <span class='ocrx_word' id='word_1_99' title='bbox 984 547 1046 586; x_wconf 85' lang='lat' dir='ltr'>est,</span> <span class='ocrx_word' id='word_1_100' title='bbox 1090 547 1239 578; x_wconf 81' lang='lat' dir='ltr'>otestatern</span> 
     </span>
     <span class='ocr_line' id='line_1_12' title="bbox 182 587 1238 630; baseline -0.009 -5"><span class='ocrx_word' id='word_1_101' title='bbox 182 596 217 626; x_wconf 84' lang='lat'>&amp;</span> <span class='ocrx_word' id='word_1_102' title='bbox 233 594 437 624; x_wconf 64' lang='lat' dir='ltr'>Auetoritatem</span> <span class='ocrx_word' id='word_1_103' title='bbox 452 591 581 630; x_wconf 82' lang='lat' dir='ltr'>speciales</span> <span class='ocrx_word' id='word_1_104' title='bbox 592 599 694 620; x_wconf 90' lang='lat' dir='ltr'>omnes</span> <span class='ocrx_word' id='word_1_105' title='bbox 706 590 740 621; x_wconf 91' lang='lat'>&amp;</span> <span class='ocrx_word' id='word_1_106' title='bbox 755 589 880 626; x_wconf 85' lang='lat' dir='ltr'>lingulos</span> <span class='ocrx_word' id='word_1_107' title='bbox 893 587 1069 618; x_wconf 88' lang='lat' dir='ltr'>Mercatores</span> <span class='ocrx_word' id='word_1_108' title='bbox 1085 587 1238 626; x_wconf 84' lang='lat' dir='ltr'>Anglicos,</span> 
     </span>
     <span class='ocr_line' id='line_1_13' title="bbox 180 626 1238 670; baseline -0.007 -7"><span class='ocrx_word' id='word_1_109' title='bbox 180 633 214 664; x_wconf 72' lang='lat' dir='ltr'>ad</span> <span class='ocrx_word' id='word_1_110' title='bbox 231 633 322 662; x_wconf 76' lang='lat' dir='ltr'>Partes</span> <span class='ocrx_word' id='word_1_111' title='bbox 339 631 484 669; x_wconf 68' lang='lat' dir='ltr'>praedichs</span> <span class='ocrx_word' id='word_1_112' title='bbox 499 631 534 660; x_wconf 88' lang='lat' dir='ltr'>de</span> <span class='ocrx_word' id='word_1_113' title='bbox 546 638 651 660; x_wconf 74' lang='lat' dir='ltr'>caetero</span> <span class='ocrx_word' id='word_1_114' title='bbox 665 629 808 659; x_wconf 88' lang='lat' dir='ltr'>venientes</span> <span class='ocrx_word' id='word_1_115' title='bbox 823 628 856 658; x_wconf 89' lang='lat'>&amp;</span> <span class='ocrx_word' id='word_1_116' title='bbox 870 627 1058 670; x_wconf 63' lang='lat' dir='ltr'>declinantes,</span> <span class='ocrx_word' id='word_1_117' title='bbox 1074 627 1183 663; x_wconf 78' lang='lat' dir='ltr'>perse,</span> <span class='ocrx_word' id='word_1_118' title='bbox 1193 626 1238 656; x_wconf 85' lang='lat' dir='ltr'>vel</span> 
     </span>
     <span class='ocr_line' id='line_1_14' title="bbox 178 663 1104 708; baseline -0.01 -6"><span class='ocrx_word' id='word_1_119' title='bbox 178 671 345 703; x_wconf 82' lang='lat' dir='ltr'>sufficientes</span> <span class='ocrx_word' id='word_1_120' title='bbox 362 671 437 700; x_wconf 87' lang='lat' dir='ltr'>Loca</span> <span class='ocrx_word' id='word_1_121' title='bbox 454 670 497 700; x_wconf 86' lang='lat' dir='ltr'>sua</span> <span class='ocrx_word' id='word_1_122' title='bbox 511 677 650 704; x_wconf 82' lang='lat' dir='ltr'>tenentes,</span> <span class='ocrx_word' id='word_1_123' title='bbox 668 666 799 706; x_wconf 86' lang='lat' dir='ltr'>Regendi</span> <span class='ocrx_word' id='word_1_124' title='bbox 811 667 844 697; x_wconf 74' lang='grc' dir='ltr'>δε</span> <span class='ocrx_word' id='word_1_125' title='bbox 860 663 1065 708; x_wconf 84' lang='lat' dir='ltr'>Gubernandi‚</span> <span class='ocrx_word' id='word_1_126' title='bbox 1099 703 1104 708; x_wconf 27' lang='grc' dir='ltr'>ι</span> 
     </span>
    </p>

    <p class='ocr_par' dir='ltr' id='par_1_5' title="bbox 182 702 1240 825">
     <span class='ocr_line' id='line_1_15' title="bbox 217 702 1240 744; baseline -0.007 -4"><span class='ocrx_word' id='word_1_127' title='bbox 217 710 261 740; x_wconf 88' lang='lat' dir='ltr'>Ac</span> <span class='ocrx_word' id='word_1_128' title='bbox 279 711 316 739; x_wconf 90' lang='lat' dir='ltr'>eis</span> <span class='ocrx_word' id='word_1_129' title='bbox 332 710 365 740; x_wconf 91' lang='lat'>&amp;</span> <span class='ocrx_word' id='word_1_130' title='bbox 378 718 478 738; x_wconf 89' lang='lat' dir='ltr'>eorum</span> <span class='ocrx_word' id='word_1_131' title='bbox 492 707 622 744; x_wconf 83' lang='lat' dir='ltr'>cuilibet,</span> <span class='ocrx_word' id='word_1_132' title='bbox 642 707 671 735; x_wconf 83' lang='lat' dir='ltr'>in</span> <span class='ocrx_word' id='word_1_133' title='bbox 686 706 738 735; x_wconf 88' lang='lat' dir='ltr'>suis</span> <span class='ocrx_word' id='word_1_134' title='bbox 753 703 849 734; x_wconf 80' lang='lat' dir='ltr'>Cauiis</span> <span class='ocrx_word' id='word_1_135' title='bbox 863 704 896 734; x_wconf 91' lang='lat'>&amp;</span> <span class='ocrx_word' id='word_1_136' title='bbox 913 702 1044 742; x_wconf 83' lang='lat' dir='ltr'>Qierelis</span> <span class='ocrx_word' id='word_1_137' title='bbox 1058 702 1240 741; x_wconf 75' lang='lat' dir='ltr'>quibuscum-</span> 
     </span>
     <span class='ocr_line' id='line_1_16' title="bbox 183 741 1237 787; baseline -0.007 -8"><span class='ocrx_word' id='word_1_138' title='bbox 183 759 254 787; x_wconf 85' lang='lat' dir='ltr'>qiie,</span> <span class='ocrx_word' id='word_1_139' title='bbox 274 749 345 778; x_wconf 88' lang='lat' dir='ltr'>inter</span> <span class='ocrx_word' id='word_1_140' title='bbox 370 758 418 778; x_wconf 86' lang='lat' dir='ltr'>eos</span> <span class='ocrx_word' id='word_1_141' title='bbox 440 748 467 777; x_wconf 89' lang='lat' dir='ltr'>in</span> <span class='ocrx_word' id='word_1_142' title='bbox 490 746 614 777; x_wconf 88' lang='lat' dir='ltr'>Partibus</span> <span class='ocrx_word' id='word_1_143' title='bbox 636 744 776 781; x_wconf 68' lang='lat' dir='ltr'>praedietis</span> <span class='ocrx_word' id='word_1_144' title='bbox 792 743 875 772; x_wconf 87' lang='lat' dir='ltr'>motis</span> <span class='ocrx_word' id='word_1_145' title='bbox 887 743 931 773; x_wconf 92' lang='lat' dir='ltr'>vel</span> <span class='ocrx_word' id='word_1_146' title='bbox 945 742 1111 779; x_wconf 82' lang='lat' dir='ltr'>movendis,</span> <span class='ocrx_word' id='word_1_147' title='bbox 1127 741 1237 781; x_wconf 82' lang='lat' dir='ltr'>plenam</span> 
     </span>
     <span class='ocr_line' id='line_1_17' title="bbox 182 782 1124 825; baseline -0.011 -6"><span class='ocrx_word' id='word_1_148' title='bbox 182 790 216 820; x_wconf 86' lang='lat'>&amp;</span> <span class='ocrx_word' id='word_1_149' title='bbox 230 788 349 818; x_wconf 91' lang='lat' dir='ltr'>celerem</span> <span class='ocrx_word' id='word_1_150' title='bbox 360 786 503 825; x_wconf 81' lang='lat' dir='ltr'>Justitiam</span> <span class='ocrx_word' id='word_1_151' title='bbox 520 782 667 820; x_wconf 89' lang='lat' dir='ltr'>Faciendi,</span> <span class='ocrx_word' id='word_1_152' title='bbox 851 820 855 824; x_wconf 39' lang='grc' dir='ltr'>Ι</span> <span class='ocrx_word' id='word_1_153' title='bbox 1023 819 1027 824; x_wconf 41' lang='grc'><strong><em>,</em></strong></span> <span class='ocrx_word' id='word_1_154' title='bbox 1118 820 1124 824; x_wconf 34' lang='lat'><strong>¹</strong></span> 
     </span>
    </p>

    <p class='ocr_par' dir='ltr' id='par_1_6' title="bbox 179 817 1238 981">
     <span class='ocr_line' id='line_1_18' title="bbox 221 817 1236 863; baseline -0.006 -7"><span class='ocrx_word' id='word_1_155' title='bbox 221 826 258 857; x_wconf 87' lang='lat' dir='ltr'>Et</span> <span class='ocrx_word' id='word_1_156' title='bbox 279 825 469 863; x_wconf 87' lang='lat' dir='ltr'>quascumque</span> <span class='ocrx_word' id='word_1_157' title='bbox 489 822 670 862; x_wconf 81' lang='lat' dir='ltr'>Quaestiones</span> <span class='ocrx_word' id='word_1_158' title='bbox 685 843 695 859; x_wconf 93' lang='lat'>,</span> <span class='ocrx_word' id='word_1_159' title='bbox 717 819 928 850; x_wconf 80' lang='lat' dir='ltr'>Contentiones</span> <span class='ocrx_word' id='word_1_160' title='bbox 943 842 953 855; x_wconf 87' lang='lat'>‚</span> <span class='ocrx_word' id='word_1_161' title='bbox 987 817 1152 849; x_wconf 89' lang='lat' dir='ltr'>Discordias</span> <span class='ocrx_word' id='word_1_162' title='bbox 1167 841 1176 857; x_wconf 84' lang='lat'>,</span> <span class='ocrx_word' id='word_1_163' title='bbox 1202 819 1236 850; x_wconf 92' lang='lat'>&amp;</span> 
     </span>
     <span class='ocr_line' id='line_1_19' title="bbox 180 858 1237 901; baseline -0.007 -6"><span class='ocrx_word' id='word_1_164' title='bbox 180 863 402 901; x_wconf 86' lang='lat' dir='ltr'>Debatas,inter</span> <span class='ocrx_word' id='word_1_165' title='bbox 417 862 491 901; x_wconf 87' lang='lat' dir='ltr'>ipsos</span> <span class='ocrx_word' id='word_1_166' title='bbox 507 861 680 892; x_wconf 85' lang='lat' dir='ltr'>Mercatores</span> <span class='ocrx_word' id='word_1_167' title='bbox 697 859 833 897; x_wconf 68' lang='lat' dir='ltr'>Angiicos</span> <span class='ocrx_word' id='word_1_168' title='bbox 849 859 882 888; x_wconf 87' lang='lat'>&amp;</span> <span class='ocrx_word' id='word_1_169' title='bbox 899 858 1023 888; x_wconf 88' lang='lat' dir='ltr'>Partium</span> <span class='ocrx_word' id='word_1_170' title='bbox 1041 858 1237 895; x_wconf 70' lang='lat' dir='ltr'>praedicstarum</span> 
     </span>
     <span class='ocr_line' id='line_1_20' title="bbox 180 896 1238 937; baseline -0.007 -4"><span class='ocrx_word' id='word_1_171' title='bbox 180 912 271 933; x_wconf 87' lang='lat' dir='ltr'>motas</span> <span class='ocrx_word' id='word_1_172' title='bbox 295 902 341 933; x_wconf 86' lang='lat' dir='ltr'>seu</span> <span class='ocrx_word' id='word_1_173' title='bbox 364 901 534 937; x_wconf 79' lang='lat' dir='ltr'>movendas,</span> <span class='ocrx_word' id='word_1_174' title='bbox 552 897 755 934; x_wconf 82' lang='lat' dir='ltr'>Reformandi,</span> <span class='ocrx_word' id='word_1_175' title='bbox 775 897 1082 934; x_wconf 82' lang='lat' dir='ltr'>Reforinationeinque</span> <span class='ocrx_word' id='word_1_176' title='bbox 1096 896 1238 935; x_wconf 83' lang='lat' dir='ltr'>Petendi,</span> 
     </span>
     <span class='ocr_line' id='line_1_21' title="bbox 179 936 1053 981; baseline -0.017 -7"><span class='ocrx_word' id='word_1_177' title='bbox 179 941 339 981; x_wconf 85' lang='lat' dir='ltr'>Reigendi‚</span> <span class='ocrx_word' id='word_1_178' title='bbox 359 939 498 975; x_wconf 77' lang='lat' dir='ltr'>Sedandi,</span> <span class='ocrx_word' id='word_1_179' title='bbox 515 940 548 969; x_wconf 90' lang='lat'>&amp;</span> <span class='ocrx_word' id='word_1_180' title='bbox 563 936 749 973; x_wconf 84' lang='lat' dir='ltr'>Pacificandi,</span> <span class='ocrx_word' id='word_1_181' title='bbox 1049 973 1053 978; x_wconf 34' lang='grc' dir='ltr'>Ι</span> 
     </span>
    </p>

    <p class='ocr_par' dir='ltr' id='par_1_7' title="bbox 175 971 1240 1250">
     <span class='ocr_line' id='line_1_22' title="bbox 217 971 1238 1019; baseline -0.009 -7"><span class='ocrx_word' id='word_1_182' title='bbox 217 980 254 1011; x_wconf 90' lang='lat' dir='ltr'>Et</span> <span class='ocrx_word' id='word_1_183' title='bbox 273 989 463 1019; x_wconf 82' lang='lat' dir='ltr'>quaecumque</span> <span class='ocrx_word' id='word_1_184' title='bbox 483 975 725 1015; x_wconf 81' lang='lat' dir='ltr'>Transgressiones</span> <span class='ocrx_word' id='word_1_185' title='bbox 739 997 748 1011; x_wconf 87' lang='lat'>‚</span> <span class='ocrx_word' id='word_1_186' title='bbox 768 972 903 1010; x_wconf 80' lang='lat' dir='ltr'>Dampna</span> <span class='ocrx_word' id='word_1_187' title='bbox 919 995 928 1010; x_wconf 92' lang='lat'>,</span> <span class='ocrx_word' id='word_1_188' title='bbox 946 971 1161 1011; x_wconf 77' lang='lat' dir='ltr'>Mesprifiones,</span> <span class='ocrx_word' id='word_1_189' title='bbox 1179 971 1238 1003; x_wconf 85' lang='lat' dir='ltr'>Ex-</span> 
     </span>
     <span class='ocr_line' id='line_1_23' title="bbox 179 1011 1239 1057; baseline -0.008 -7"><span class='ocrx_word' id='word_1_190' title='bbox 179 1019 270 1051; x_wconf 86' lang='lat' dir='ltr'>ceffus</span> <span class='ocrx_word' id='word_1_191' title='bbox 286 1042 294 1057; x_wconf 85' lang='grc'>,</span> <span class='ocrx_word' id='word_1_192' title='bbox 309 1019 334 1048; x_wconf 86' lang='lat' dir='ltr'>V</span> <span class='ocrx_word' id='word_1_193' title='bbox 339 1018 462 1048; x_wconf 87' lang='lat' dir='ltr'>ioleritias</span> <span class='ocrx_word' id='word_1_194' title='bbox 476 1038 486 1054; x_wconf 89' lang='lat'>‚</span> <span class='ocrx_word' id='word_1_195' title='bbox 504 1016 537 1046; x_wconf 87' lang='lat'>&amp;</span> <span class='ocrx_word' id='word_1_196' title='bbox 558 1013 671 1052; x_wconf 88' lang='lat' dir='ltr'>Injurias</span> <span class='ocrx_word' id='word_1_197' title='bbox 684 1037 694 1051; x_wconf 87' lang='lat'>,</span> <span class='ocrx_word' id='word_1_198' title='bbox 715 1012 924 1042; x_wconf 78' lang='lat' dir='ltr'>Mercatoribus</span> <span class='ocrx_word' id='word_1_199' title='bbox 946 1011 1070 1042; x_wconf 88' lang='lat' dir='ltr'>Partium</span> <span class='ocrx_word' id='word_1_200' title='bbox 1091 1011 1239 1049; x_wconf 62' lang='lat' dir='ltr'>praedicta-</span> 
     </span>
     <span class='ocr_line' id='line_1_24' title="bbox 180 1049 1239 1096; baseline -0.008 -7"><span class='ocrx_word' id='word_1_201' title='bbox 180 1067 244 1089; x_wconf 86' lang='lat' dir='ltr'>rum</span> <span class='ocrx_word' id='word_1_202' title='bbox 254 1081 264 1096; x_wconf 85' lang='lat'>,</span> <span class='ocrx_word' id='word_1_203' title='bbox 282 1067 331 1094; x_wconf 83' lang='lat' dir='ltr'>per</span> <span class='ocrx_word' id='word_1_204' title='bbox 345 1055 492 1094; x_wconf 66' lang='lat' dir='ltr'>praedicstos</span> <span class='ocrx_word' id='word_1_205' title='bbox 506 1053 682 1084; x_wconf 85' lang='lat' dir='ltr'>Mercatores</span> <span class='ocrx_word' id='word_1_206' title='bbox 696 1050 849 1089; x_wconf 67' lang='lat' dir='ltr'>Anguem,</span> <span class='ocrx_word' id='word_1_207' title='bbox 867 1049 940 1079; x_wconf 66' lang='lat' dir='ltr'>faeta</span> <span class='ocrx_word' id='word_1_208' title='bbox 958 1049 1002 1093; x_wconf 81' lang='lat' dir='ltr'>seu</span> <span class='ocrx_word' id='word_1_209' title='bbox 1015 1049 1160 1089; x_wconf 64' lang='lat' dir='ltr'>facienda,</span> <span class='ocrx_word' id='word_1_210' title='bbox 1178 1051 1239 1081; x_wconf 86' lang='lat' dir='ltr'>Re-</span> 
     </span>
     <span class='ocr_line' id='line_1_25' title="bbox 177 1088 1239 1134; baseline -0.006 -8"><span class='ocrx_word' id='word_1_211' title='bbox 177 1096 307 1134; x_wconf 72' lang='lat' dir='ltr'>digendi,</span> <span class='ocrx_word' id='word_1_212' title='bbox 327 1093 505 1132; x_wconf 78' lang='lat' dir='ltr'>Reparandi,</span> <span class='ocrx_word' id='word_1_213' title='bbox 520 1089 728 1127; x_wconf 87' lang='lat' dir='ltr'>Restaurandi,</span> <span class='ocrx_word' id='word_1_214' title='bbox 744 1090 777 1121; x_wconf 65' lang='grc' dir='ltr'>ὃς</span> <span class='ocrx_word' id='word_1_215' title='bbox 804 1088 980 1118; x_wconf 83' lang='lat' dir='ltr'>Emendandi</span> <span class='ocrx_word' id='word_1_216' title='bbox 996 1111 1005 1126; x_wconf 89' lang='lat'><em>‚</em></span> <span class='ocrx_word' id='word_1_217' title='bbox 1024 1089 1239 1128; x_wconf 87' lang='lat' dir='ltr'>consimilesque</span> 
     </span>
     <span class='ocr_line' id='line_1_26' title="bbox 175 1126 1239 1171; baseline -0.007 -6"><span class='ocrx_word' id='word_1_218' title='bbox 175 1129 399 1171; x_wconf 75' lang='lat' dir='ltr'>Restitutiones,</span> <span class='ocrx_word' id='word_1_219' title='bbox 420 1132 639 1170; x_wconf 85' lang='lat' dir='ltr'>Reparationes,</span> <span class='ocrx_word' id='word_1_220' title='bbox 658 1128 887 1158; x_wconf 78' lang='lat' dir='ltr'>Restaurationes</span> <span class='ocrx_word' id='word_1_221' title='bbox 897 1149 906 1165; x_wconf 91' lang='lat'>,</span> <span class='ocrx_word' id='word_1_222' title='bbox 922 1128 956 1157; x_wconf 89' lang='lat'>&amp;</span> <span class='ocrx_word' id='word_1_223' title='bbox 972 1126 1195 1159; x_wconf 89' lang='lat' dir='ltr'>Emendationes</span> <span class='ocrx_word' id='word_1_224' title='bbox 1202 1128 1239 1158; x_wconf 93' lang='lat' dir='ltr'>de</span> 
     </span>
     <span class='ocr_line' id='line_1_27' title="bbox 175 1165 1240 1211; baseline -0.007 -6"><span class='ocrx_word' id='word_1_225' title='bbox 175 1173 238 1211; x_wconf 78' lang='lat' dir='ltr'>ipsis</span> <span class='ocrx_word' id='word_1_226' title='bbox 254 1172 465 1203; x_wconf 88' lang='lat' dir='ltr'>Mercatoribus</span> <span class='ocrx_word' id='word_1_227' title='bbox 481 1170 607 1201; x_wconf 82' lang='lat' dir='ltr'>Patrium</span> <span class='ocrx_word' id='word_1_228' title='bbox 624 1167 821 1206; x_wconf 59' lang='lat' dir='ltr'>praedictarum</span> <span class='ocrx_word' id='word_1_229' title='bbox 836 1165 881 1196; x_wconf 91' lang='lat' dir='ltr'>seu</span> <span class='ocrx_word' id='word_1_230' title='bbox 900 1165 1049 1205; x_wconf 86' lang='lat' dir='ltr'>Deputatis</span> <span class='ocrx_word' id='word_1_231' title='bbox 1064 1167 1114 1197; x_wconf 83' lang='lat' dir='ltr'>suis</span> <span class='ocrx_word' id='word_1_232' title='bbox 1130 1166 1240 1206; x_wconf 83' lang='lat' dir='ltr'>Requi·</span> 
     </span>
     <span class='ocr_line' id='line_1_28' title="bbox 177 1207 1109 1250; baseline -0.012 -8"><span class='ocrx_word' id='word_1_233' title='bbox 177 1211 275 1250; x_wconf 83' lang='lat' dir='ltr'>rendi,</span> <span class='ocrx_word' id='word_1_234' title='bbox 294 1209 428 1247; x_wconf 89' lang='lat' dir='ltr'>Petendi,</span> <span class='ocrx_word' id='word_1_235' title='bbox 449 1210 482 1241; x_wconf 86' lang='lat'>&amp;</span> <span class='ocrx_word' id='word_1_236' title='bbox 496 1207 686 1246; x_wconf 86' lang='lat' dir='ltr'>Recipiendi,</span> <span class='ocrx_word' id='word_1_237' title='bbox 895 1244 899 1248; x_wconf 30' lang='grc' dir='ltr'>ι</span> <span class='ocrx_word' id='word_1_238' title='bbox 1105 1244 1109 1249; x_wconf 93' lang='lat'>.</span> 
     </span>
    </p>

    <p class='ocr_par' dir='ltr' id='par_1_8' title="bbox 173 1242 1238 1404">
     <span class='ocr_line' id='line_1_29' title="bbox 213 1242 1238 1287; baseline -0.007 -6"><span class='ocrx_word' id='word_1_239' title='bbox 213 1250 276 1287; x_wconf 89' lang='lat' dir='ltr'>Ac,</span> <span class='ocrx_word' id='word_1_240' title='bbox 293 1249 330 1280; x_wconf 86' lang='lat' dir='ltr'>de</span> <span class='ocrx_word' id='word_1_241' title='bbox 344 1250 462 1280; x_wconf 90' lang='lat' dir='ltr'>comuni</span> <span class='ocrx_word' id='word_1_242' title='bbox 479 1247 582 1277; x_wconf 76' lang='lat' dir='ltr'>all&#39;ensu</span> <span class='ocrx_word' id='word_1_243' title='bbox 599 1245 801 1287; x_wconf 82' lang='lat' dir='ltr'>Mercatorum</span> <span class='ocrx_word' id='word_1_244' title='bbox 815 1242 1006 1282; x_wconf 83' lang='lat' dir='ltr'>Anglicorum</span> <span class='ocrx_word' id='word_1_245' title='bbox 1025 1243 1238 1283; x_wconf 72' lang='lat' dir='ltr'>praeditstorum,</span> 
     </span>
     <span class='ocr_line' id='line_1_30' title="bbox 175 1282 1237 1326; baseline -0.007 -6"><span class='ocrx_word' id='word_1_246' title='bbox 175 1288 300 1325; x_wconf 80' lang='lat' dir='ltr'>Statuta,</span> <span class='ocrx_word' id='word_1_247' title='bbox 319 1287 536 1322; x_wconf 84' lang='lat' dir='ltr'>Ordinationes,</span> <span class='ocrx_word' id='word_1_248' title='bbox 553 1286 586 1316; x_wconf 68' lang='grc' dir='ltr'>ὅ(</span> <span class='ocrx_word' id='word_1_249' title='bbox 609 1282 850 1320; x_wconf 76' lang='lat' dir='ltr'>eonsuetudines,</span> <span class='ocrx_word' id='word_1_250' title='bbox 865 1291 950 1319; x_wconf 84' lang='lat' dir='ltr'>prout</span> <span class='ocrx_word' id='word_1_251' title='bbox 966 1292 1020 1326; x_wconf 77' lang='lat' dir='ltr'>pro</span> <span class='ocrx_word' id='word_1_252' title='bbox 1040 1282 1150 1313; x_wconf 89' lang='lat' dir='ltr'>meliori</span> <span class='ocrx_word' id='word_1_253' title='bbox 1171 1282 1237 1314; x_wconf 89' lang='lat' dir='ltr'>Gu-</span> 
     </span>
     <span class='ocr_line' id='line_1_31' title="bbox 173 1321 1234 1359; baseline -0.004 -2"><span class='ocrx_word' id='word_1_254' title='bbox 173 1328 340 1358; x_wconf 72' lang='lat' dir='ltr'>bernatione</span> <span class='ocrx_word' id='word_1_255' title='bbox 364 1324 458 1356; x_wconf 68' lang='lat' dir='ltr'>Status</span> <span class='ocrx_word' id='word_1_256' title='bbox 488 1323 659 1355; x_wconf 85' lang='lat' dir='ltr'>eorumdem</span> <span class='ocrx_word' id='word_1_257' title='bbox 690 1321 890 1352; x_wconf 83' lang='lat' dir='ltr'>Mercatorum</span> <span class='ocrx_word' id='word_1_258' title='bbox 912 1321 1105 1359; x_wconf 84' lang='lat' dir='ltr'>Anglicorum</span> <span class='ocrx_word' id='word_1_259' title='bbox 1128 1323 1159 1352; x_wconf 90' lang='lat' dir='ltr'>in</span> <span class='ocrx_word' id='word_1_260' title='bbox 1180 1323 1234 1353; x_wconf 81' lang='lat' dir='ltr'>hac</span> 
     </span>
     <span class='ocr_line' id='line_1_32' title="bbox 173 1358 1046 1404; baseline -0.011 -8"><span class='ocrx_word' id='word_1_261' title='bbox 173 1366 315 1398; x_wconf 85' lang='lat' dir='ltr'>videbitur</span> <span class='ocrx_word' id='word_1_262' title='bbox 329 1364 475 1403; x_wconf 82' lang='lat' dir='ltr'>expedire,</span> <span class='ocrx_word' id='word_1_263' title='bbox 493 1362 615 1394; x_wconf 85' lang='lat' dir='ltr'>faciendi</span> <span class='ocrx_word' id='word_1_264' title='bbox 629 1362 662 1392; x_wconf 67' lang='grc' dir='ltr'>δε</span> <span class='ocrx_word' id='word_1_265' title='bbox 679 1358 859 1402; x_wconf 73' lang='lat' dir='ltr'>stabiliendi,</span> <span class='ocrx_word' id='word_1_266' title='bbox 1040 1398 1046 1404; x_wconf 63' lang='lat'>,</span> 
     </span>
    </p>

    <p class='ocr_par' dir='ltr' id='par_1_9' title="bbox 170 1397 1234 1595">
     <span class='ocr_line' id='line_1_33' title="bbox 209 1397 1233 1440; baseline -0.004 -6"><span class='ocrx_word' id='word_1_267' title='bbox 209 1404 246 1434; x_wconf 88' lang='lat' dir='ltr'>Et</span> <span class='ocrx_word' id='word_1_268' title='bbox 262 1413 363 1434; x_wconf 87' lang='lat' dir='ltr'>omnes</span> <span class='ocrx_word' id='word_1_269' title='bbox 377 1404 410 1434; x_wconf 90' lang='lat'>&amp;</span> <span class='ocrx_word' id='word_1_270' title='bbox 427 1402 551 1440; x_wconf 85' lang='lat' dir='ltr'>singulos</span> <span class='ocrx_word' id='word_1_271' title='bbox 568 1400 744 1431; x_wconf 86' lang='lat' dir='ltr'>Mercatores</span> <span class='ocrx_word' id='word_1_272' title='bbox 767 1397 920 1437; x_wconf 87' lang='lat' dir='ltr'>Anglicos,</span> <span class='ocrx_word' id='word_1_273' title='bbox 940 1398 1060 1435; x_wconf 77' lang='lat' dir='ltr'>praei‘atis</span> <span class='ocrx_word' id='word_1_274' title='bbox 1080 1397 1233 1430; x_wconf 77' lang='lat' dir='ltr'>Guberna-</span> 
     </span>
     <span class='ocr_line' id='line_1_34' title="bbox 170 1436 1234 1481; baseline -0.007 -7"><span class='ocrx_word' id='word_1_275' title='bbox 170 1443 299 1481; x_wconf 79' lang='lat' dir='ltr'>toribus,</span> <span class='ocrx_word' id='word_1_276' title='bbox 316 1442 355 1472; x_wconf 87' lang='lat' dir='ltr'>sic</span> <span class='ocrx_word' id='word_1_277' title='bbox 369 1441 520 1481; x_wconf 81' lang='lat' dir='ltr'>eligendis,</span> <span class='ocrx_word' id='word_1_278' title='bbox 536 1440 581 1471; x_wconf 86' lang='lat' dir='ltr'>vel</span> <span class='ocrx_word' id='word_1_279' title='bbox 602 1447 703 1470; x_wconf 88' lang='lat' dir='ltr'>eorum</span> <span class='ocrx_word' id='word_1_280' title='bbox 722 1437 978 1479; x_wconf 78' lang='lat' dir='ltr'>Locatenentibus,</span> <span class='ocrx_word' id='word_1_281' title='bbox 995 1436 1042 1467; x_wconf 87' lang='lat' dir='ltr'>seu</span> <span class='ocrx_word' id='word_1_282' title='bbox 1063 1446 1164 1467; x_wconf 88' lang='lat' dir='ltr'>eorum</span> <span class='ocrx_word' id='word_1_283' title='bbox 1185 1438 1234 1468; x_wconf 85' lang='lat' dir='ltr'>ali-</span> 
     </span>
     <span class='ocr_line' id='line_1_35' title="bbox 171 1473 1230 1520; baseline -0.007 -7"><span class='ocrx_word' id='word_1_284' title='bbox 171 1483 218 1513; x_wconf 87' lang='lat' dir='ltr'>cui</span> <span class='ocrx_word' id='word_1_285' title='bbox 235 1504 244 1520; x_wconf 90' lang='lat'>‚</span> <span class='ocrx_word' id='word_1_286' title='bbox 262 1491 308 1511; x_wconf 86' lang='lat' dir='ltr'>aut</span> <span class='ocrx_word' id='word_1_287' title='bbox 329 1481 411 1512; x_wconf 67' lang='lat' dir='ltr'>alicui</span> <span class='ocrx_word' id='word_1_288' title='bbox 434 1480 609 1511; x_wconf 86' lang='lat' dir='ltr'>Statutorum</span> <span class='ocrx_word' id='word_1_289' title='bbox 624 1501 633 1516; x_wconf 92' lang='lat'>‚</span> <span class='ocrx_word' id='word_1_290' title='bbox 651 1476 874 1507; x_wconf 74' lang='lat' dir='ltr'>ordinationum</span> <span class='ocrx_word' id='word_1_291' title='bbox 891 1498 900 1512; x_wconf 91' lang='lat'>,</span> <span class='ocrx_word' id='word_1_292' title='bbox 925 1476 958 1507; x_wconf 91' lang='lat'>&amp;</span> <span class='ocrx_word' id='word_1_293' title='bbox 980 1473 1230 1507; x_wconf 86' lang='lat' dir='ltr'>Consuetudinum</span> 
     </span>
     <span class='ocr_line' id='line_1_36' title="bbox 172 1512 1230 1558; baseline -0.006 -7"><span class='ocrx_word' id='word_1_294' title='bbox 172 1520 375 1558; x_wconf 61' lang='lat' dir='ltr'>praedici-orum</span> <span class='ocrx_word' id='word_1_295' title='bbox 391 1515 730 1555; x_wconf 84' lang='lat' dir='ltr'>Contrarios‚Rebelles,</span> <span class='ocrx_word' id='word_1_296' title='bbox 749 1513 793 1544; x_wconf 85' lang='lat' dir='ltr'>vel</span> <span class='ocrx_word' id='word_1_297' title='bbox 802 1512 1018 1552; x_wconf 77' lang='lat' dir='ltr'>inobedientes,</span> <span class='ocrx_word' id='word_1_298' title='bbox 1031 1514 1113 1553; x_wconf 83' lang='lat' dir='ltr'>juxta</span> <span class='ocrx_word' id='word_1_299' title='bbox 1128 1516 1230 1554; x_wconf 73' lang='lat' dir='ltr'>Quan-</span> 
     </span>
     <span class='ocr_line' id='line_1_37' title="bbox 171 1551 1071 1595; baseline -0.006 -6"><span class='ocrx_word' id='word_1_300' title='bbox 171 1561 278 1590; x_wconf 78' lang='lat' dir='ltr'>titatem</span> <span class='ocrx_word' id='word_1_301' title='bbox 297 1557 404 1588; x_wconf 64' lang='lat' dir='ltr'>Delieti</span> <span class='ocrx_word' id='word_1_302' title='bbox 420 1557 478 1595; x_wconf 92' lang='lat' dir='ltr'>sui,</span> <span class='ocrx_word' id='word_1_303' title='bbox 496 1558 525 1587; x_wconf 93' lang='lat' dir='ltr'>in</span> <span class='ocrx_word' id='word_1_304' title='bbox 540 1555 593 1586; x_wconf 59' lang='lat' dir='ltr'>hic</span> <span class='ocrx_word' id='word_1_305' title='bbox 609 1562 684 1592; x_wconf 84' lang='lat' dir='ltr'>parte</span> <span class='ocrx_word' id='word_1_306' title='bbox 701 1552 899 1584; x_wconf 82' lang='lat' dir='ltr'>rationabiliter</span> <span class='ocrx_word' id='word_1_307' title='bbox 916 1551 1071 1592; x_wconf 87' lang='lat' dir='ltr'>Puniendi‚</span> 
     </span>
    </p>

    <p class='ocr_par' dir='ltr' id='par_1_10' title="bbox 164 1591 1232 2134">
     <span class='ocr_line' id='line_1_38' title="bbox 210 1591 1231 1634; baseline -0.004 -6"><span class='ocrx_word' id='word_1_308' title='bbox 210 1597 345 1629; x_wconf 75' lang='lat' dir='ltr'>Volentes</span> <span class='ocrx_word' id='word_1_309' title='bbox 360 1596 470 1634; x_wconf 86' lang='lat' dir='ltr'>insuper</span> <span class='ocrx_word' id='word_1_310' title='bbox 483 1596 578 1626; x_wconf 85' lang='lat' dir='ltr'>omnia</span> <span class='ocrx_word' id='word_1_311' title='bbox 589 1592 663 1631; x_wconf 84' lang='lat' dir='ltr'>justa</span> <span class='ocrx_word' id='word_1_312' title='bbox 678 1592 710 1622; x_wconf 87' lang='lat'>&amp;</span> <span class='ocrx_word' id='word_1_313' title='bbox 730 1592 902 1622; x_wconf 79' lang='lat' dir='ltr'>rationabilia</span> <span class='ocrx_word' id='word_1_314' title='bbox 920 1591 1044 1631; x_wconf 84' lang='lat' dir='ltr'>Statura,</span> <span class='ocrx_word' id='word_1_315' title='bbox 1061 1591 1231 1624; x_wconf 85' lang='lat' dir='ltr'>Ordinatio-</span> 
     </span>
     <span class='ocr_line' id='line_1_39' title="bbox 172 1629 1232 1674; baseline -0.005 -8"><span class='ocrx_word' id='word_1_316' title='bbox 172 1646 239 1674; x_wconf 80' lang='lat' dir='ltr'>nes,</span> <span class='ocrx_word' id='word_1_317' title='bbox 259 1637 292 1667; x_wconf 73' lang='grc' dir='ltr'>δε</span> <span class='ocrx_word' id='word_1_318' title='bbox 304 1633 546 1672; x_wconf 70' lang='lat' dir='ltr'>Confiietudines,</span> <span class='ocrx_word' id='word_1_319' title='bbox 565 1642 613 1670; x_wconf 83' lang='lat' dir='ltr'>per</span> <span class='ocrx_word' id='word_1_320' title='bbox 629 1631 721 1662; x_wconf 64' lang='lat' dir='ltr'>distes</span> <span class='ocrx_word' id='word_1_321' title='bbox 737 1629 970 1668; x_wconf 75' lang='lat' dir='ltr'>Gubernatores,</span> <span class='ocrx_word' id='word_1_322' title='bbox 984 1630 1021 1661; x_wconf 87' lang='lat' dir='ltr'>fic</span> <span class='ocrx_word' id='word_1_323' title='bbox 1034 1631 1232 1671; x_wconf 84' lang='lat' dir='ltr'>eligendos,in</span> 
     </span>
     <span class='ocr_line' id='line_1_40' title="bbox 173 1669 1230 1711; baseline -0.003 -7"><span class='ocrx_word' id='word_1_324' title='bbox 173 1675 268 1705; x_wconf 65' lang='lat' dir='ltr'>foi-nii</span> <span class='ocrx_word' id='word_1_325' title='bbox 285 1673 434 1711; x_wconf 66' lang='lat' dir='ltr'>przefflc‘ifi,</span> <span class='ocrx_word' id='word_1_326' title='bbox 448 1671 575 1703; x_wconf 86' lang='lat' dir='ltr'>facienda</span> <span class='ocrx_word' id='word_1_327' title='bbox 587 1671 620 1702; x_wconf 91' lang='lat'>&amp;</span> <span class='ocrx_word' id='word_1_328' title='bbox 636 1669 816 1705; x_wconf 81' lang='lat' dir='ltr'>stabilienda,</span> <span class='ocrx_word' id='word_1_329' title='bbox 835 1678 951 1699; x_wconf 85' lang='lat' dir='ltr'>necnon</span> <span class='ocrx_word' id='word_1_330' title='bbox 972 1679 1074 1701; x_wconf 87' lang='lat' dir='ltr'>omnes</span> <span class='ocrx_word' id='word_1_331' title='bbox 1092 1669 1177 1707; x_wconf 85' lang='lat' dir='ltr'>justas</span> <span class='ocrx_word' id='word_1_332' title='bbox 1196 1672 1230 1701; x_wconf 66' lang='grc' dir='ltr'>ὃς</span> 
     </span>
     <span class='ocr_line' id='line_1_41' title="bbox 171 1706 1230 1751; baseline -0.004 -8"><span class='ocrx_word' id='word_1_333' title='bbox 171 1713 346 1744; x_wconf 78' lang='lat' dir='ltr'>rationabiles</span> <span class='ocrx_word' id='word_1_334' title='bbox 368 1711 583 1748; x_wconf 79' lang='lat' dir='ltr'>Ordinationes,</span> <span class='ocrx_word' id='word_1_335' title='bbox 601 1719 649 1747; x_wconf 89' lang='lat' dir='ltr'>per</span> <span class='ocrx_word' id='word_1_336' title='bbox 673 1706 1000 1751; x_wconf 30' lang='lat' dir='ltr'>nuper-*Gubernatores</span> <span class='ocrx_word' id='word_1_337' title='bbox 1026 1709 1230 1746; x_wconf 68' lang='lat' dir='ltr'>praedistorum</span> 
     </span>
     <span class='ocr_line' id='line_1_42' title="bbox 172 1745 1231 1787; baseline -0.003 -6"><span class='ocrx_word' id='word_1_338' title='bbox 172 1751 371 1782; x_wconf 57' lang='lat' dir='ltr'>B‘Iercatorum</span> <span class='ocrx_word' id='word_1_339' title='bbox 388 1749 597 1787; x_wconf 81' lang='lat' dir='ltr'>Anglicorum,</span> <span class='ocrx_word' id='word_1_340' title='bbox 615 1747 650 1778; x_wconf 94' lang='lat' dir='ltr'>de</span> <span class='ocrx_word' id='word_1_341' title='bbox 663 1756 782 1778; x_wconf 85' lang='lat' dir='ltr'>comum</span> <span class='ocrx_word' id='word_1_342' title='bbox 799 1745 905 1776; x_wconf 77' lang='lat' dir='ltr'>allensu</span> <span class='ocrx_word' id='word_1_343' title='bbox 919 1748 1089 1778; x_wconf 86' lang='lat' dir='ltr'>eorumdem</span> <span class='ocrx_word' id='word_1_344' title='bbox 1114 1746 1231 1778; x_wconf 83' lang='lat' dir='ltr'>Merca-</span> 
     </span>
     <span class='ocr_line' id='line_1_43' title="bbox 172 1784 1230 1827; baseline -0.004 -7"><span class='ocrx_word' id='word_1_345' title='bbox 172 1798 283 1826; x_wconf 84' lang='lat' dir='ltr'>torum,</span> <span class='ocrx_word' id='word_1_346' title='bbox 301 1799 354 1826; x_wconf 89' lang='lat' dir='ltr'>pro</span> <span class='ocrx_word' id='word_1_347' title='bbox 379 1787 536 1827; x_wconf 83' lang='lat' dir='ltr'>hujusmodi</span> <span class='ocrx_word' id='word_1_348' title='bbox 558 1786 776 1817; x_wconf 79' lang='lat' dir='ltr'>Gubernatione</span> <span class='ocrx_word' id='word_1_349' title='bbox 800 1784 860 1822; x_wconf 73' lang='lat' dir='ltr'>sua,</span> <span class='ocrx_word' id='word_1_350' title='bbox 878 1785 907 1815; x_wconf 88' lang='lat' dir='ltr'>in</span> <span class='ocrx_word' id='word_1_351' title='bbox 926 1784 1052 1817; x_wconf 86' lang='lat' dir='ltr'>Partibus</span> <span class='ocrx_word' id='word_1_352' title='bbox 1073 1786 1230 1824; x_wconf 70' lang='lat' dir='ltr'>praedic&#39;tis,</span> 
     </span>
     <span class='ocr_line' id='line_1_44' title="bbox 164 1822 1230 1867; baseline -0.005 -8"><span class='ocrx_word' id='word_1_353' title='bbox 164 1829 243 1867; x_wconf 78' lang='lat' dir='ltr'>juxta</span> <span class='ocrx_word' id='word_1_354' title='bbox 265 1827 416 1866; x_wconf 69' lang='lat' dir='ltr'>privilegia</span> <span class='ocrx_word' id='word_1_355' title='bbox 435 1827 468 1858; x_wconf 90' lang='lat'>&amp;</span> <span class='ocrx_word' id='word_1_356' title='bbox 491 1826 696 1862; x_wconf 56' lang='lat' dir='ltr'>Austoritates,</span> <span class='ocrx_word' id='word_1_357' title='bbox 716 1824 765 1854; x_wconf 85' lang='lat' dir='ltr'>libi</span> <span class='ocrx_word' id='word_1_358' title='bbox 787 1832 836 1861; x_wconf 86' lang='lat' dir='ltr'>per</span> <span class='ocrx_word' id='word_1_359' title='bbox 859 1822 1021 1863; x_wconf 78' lang='lat' dir='ltr'>Magistrum</span> <span class='ocrx_word' id='word_1_360' title='bbox 1043 1826 1164 1862; x_wconf 71' lang='lat' dir='ltr'>Pruciae,</span> <span class='ocrx_word' id='word_1_361' title='bbox 1185 1825 1230 1856; x_wconf 70' lang='lat' dir='ltr'>seu</span> 
     </span>
     <span class='ocr_line' id='line_1_45' title="bbox 168 1862 1231 1904; baseline -0.002 -9"><span class='ocrx_word' id='word_1_362' title='bbox 168 1867 234 1897; x_wconf 77' lang='lat' dir='ltr'>alios</span> <span class='ocrx_word' id='word_1_363' title='bbox 250 1869 380 1896; x_wconf 81' lang='lat' dir='ltr'>Dominos</span> <span class='ocrx_word' id='word_1_364' title='bbox 397 1869 522 1895; x_wconf 79' lang='lat' dir='ltr'>Partium</span> <span class='ocrx_word' id='word_1_365' title='bbox 537 1864 748 1903; x_wconf 63' lang='lat' dir='ltr'>praedillarum,</span> <span class='ocrx_word' id='word_1_366' title='bbox 766 1862 916 1900; x_wconf 74' lang='lat' dir='ltr'>concessa,</span> <span class='ocrx_word' id='word_1_367' title='bbox 935 1862 1020 1894; x_wconf 68' lang='lat' dir='ltr'>fac‘tas</span> <span class='ocrx_word' id='word_1_368' title='bbox 1031 1863 1064 1894; x_wconf 93' lang='lat'>&amp;</span> <span class='ocrx_word' id='word_1_369' title='bbox 1082 1862 1231 1904; x_wconf 65' lang='lat' dir='ltr'>stabilitas,</span> 
     </span>
     <span class='ocr_line' id='line_1_46' title="bbox 168 1902 1231 1943; baseline -0.002 -8"><span class='ocrx_word' id='word_1_370' title='bbox 168 1906 214 1935; x_wconf 86' lang='lat' dir='ltr'>seu</span> <span class='ocrx_word' id='word_1_371' title='bbox 232 1915 279 1943; x_wconf 84' lang='lat' dir='ltr'>per</span> <span class='ocrx_word' id='word_1_372' title='bbox 295 1904 443 1943; x_wconf 61' lang='lat' dir='ltr'>praedictos</span> <span class='ocrx_word' id='word_1_373' title='bbox 452 1903 682 1940; x_wconf 80' lang='lat' dir='ltr'>Gubernatores,</span> <span class='ocrx_word' id='word_1_374' title='bbox 700 1911 795 1938; x_wconf 92' lang='lat' dir='ltr'>nunc,</span> <span class='ocrx_word' id='word_1_375' title='bbox 811 1909 841 1931; x_wconf 91' lang='lat' dir='ltr'>ut</span> <span class='ocrx_word' id='word_1_376' title='bbox 856 1902 1053 1941; x_wconf 81' lang='lat' dir='ltr'>praemittitur,</span> <span class='ocrx_word' id='word_1_377' title='bbox 1071 1902 1231 1942; x_wconf 81' lang='lat' dir='ltr'>eligendos,</span> 
     </span>
     <span class='ocr_line' id='line_1_47' title="bbox 167 1939 1232 1982; baseline -0.003 -7"><span class='ocrx_word' id='word_1_378' title='bbox 167 1945 243 1982; x_wconf 79' lang='lat' dir='ltr'>juxta</span> <span class='ocrx_word' id='word_1_379' title='bbox 267 1944 417 1980; x_wconf 75' lang='lat' dir='ltr'>privilegia</span> <span class='ocrx_word' id='word_1_380' title='bbox 439 1943 590 1980; x_wconf 62' lang='lat' dir='ltr'>praedicta,</span> <span class='ocrx_word' id='word_1_381' title='bbox 608 1941 652 1972; x_wconf 90' lang='lat' dir='ltr'>seu</span> <span class='ocrx_word' id='word_1_382' title='bbox 678 1940 728 1971; x_wconf 89' lang='lat' dir='ltr'>alia</span> <span class='ocrx_word' id='word_1_383' title='bbox 753 1939 920 1979; x_wconf 77' lang='lat' dir='ltr'>privilegia,</span> <span class='ocrx_word' id='word_1_384' title='bbox 937 1939 1040 1971; x_wconf 90' lang='lat' dir='ltr'>eisdem</span> <span class='ocrx_word' id='word_1_385' title='bbox 1058 1940 1232 1973; x_wconf 88' lang='lat' dir='ltr'>Mercatori-</span> 
     </span>
     <span class='ocr_line' id='line_1_48' title="bbox 170 1978 1231 2020; baseline -0.005 -7"><span class='ocrx_word' id='word_1_386' title='bbox 170 1984 222 2013; x_wconf 85' lang='lat' dir='ltr'>bus</span> <span class='ocrx_word' id='word_1_387' title='bbox 238 1981 368 2019; x_wconf 83' lang='lat' dir='ltr'>Anglicis</span> <span class='ocrx_word' id='word_1_388' title='bbox 380 1992 429 2020; x_wconf 90' lang='lat' dir='ltr'>per</span> <span class='ocrx_word' id='word_1_389' title='bbox 447 1981 596 2019; x_wconf 61' lang='lat' dir='ltr'>praedictos</span> <span class='ocrx_word' id='word_1_390' title='bbox 607 2003 615 2018; x_wconf 92' lang='lat'>,</span> <span class='ocrx_word' id='word_1_391' title='bbox 637 1979 798 2019; x_wconf 76' lang='lat' dir='ltr'>Magistrum</span> <span class='ocrx_word' id='word_1_392' title='bbox 817 1978 850 2008; x_wconf 73' lang='grc' dir='ltr'>ὅ(</span> <span class='ocrx_word' id='word_1_393' title='bbox 877 1981 1024 2018; x_wconf 74' lang='lat' dir='ltr'>Dominus,</span> <span class='ocrx_word' id='word_1_394' title='bbox 1040 1979 1231 2018; x_wconf 62' lang='lat' dir='ltr'>imposterum</span> 
     </span>
     <span class='ocr_line' id='line_1_49' title="bbox 169 2016 1230 2059; baseline -0.002 -7"><span class='ocrx_word' id='word_1_395' title='bbox 169 2021 370 2059; x_wconf 85' lang='lat' dir='ltr'>concedenda,</span> <span class='ocrx_word' id='word_1_396' title='bbox 390 2019 530 2057; x_wconf 86' lang='lat' dir='ltr'>facienda,</span> <span class='ocrx_word' id='word_1_397' title='bbox 546 2020 579 2050; x_wconf 63' lang='grc' dir='ltr'>ὃς</span> <span class='ocrx_word' id='word_1_398' title='bbox 602 2018 781 2055; x_wconf 83' lang='lat' dir='ltr'>stabilienda,</span> <span class='ocrx_word' id='word_1_399' title='bbox 800 2016 874 2047; x_wconf 86' lang='lat' dir='ltr'>Rata</span> <span class='ocrx_word' id='word_1_400' title='bbox 887 2042 896 2055; x_wconf 83' lang='lat'>,</span> <span class='ocrx_word' id='word_1_401' title='bbox 917 2017 1030 2055; x_wconf 83' lang='lat' dir='ltr'>Firma,</span> <span class='ocrx_word' id='word_1_402' title='bbox 1049 2018 1083 2050; x_wconf 90' lang='lat'>&amp;</span> <span class='ocrx_word' id='word_1_403' title='bbox 1104 2018 1230 2058; x_wconf 86' lang='lat' dir='ltr'>Accepta</span> 
     </span>
     <span class='ocr_line' id='line_1_50' title="bbox 168 2055 1229 2098; baseline -0.001 -8"><span class='ocrx_word' id='word_1_404' title='bbox 168 2061 288 2097; x_wconf 76' lang='lat' dir='ltr'>habere,</span> <span class='ocrx_word' id='word_1_405' title='bbox 307 2060 340 2090; x_wconf 70' lang='lat' dir='ltr'>Sc</span> <span class='ocrx_word' id='word_1_406' title='bbox 356 2069 408 2098; x_wconf 89' lang='lat' dir='ltr'>pro</span> <span class='ocrx_word' id='word_1_407' title='bbox 426 2058 520 2097; x_wconf 88' lang='lat' dir='ltr'>Ratis,</span> <span class='ocrx_word' id='word_1_408' title='bbox 539 2057 658 2095; x_wconf 85' lang='lat' dir='ltr'>Firmis,</span> <span class='ocrx_word' id='word_1_409' title='bbox 676 2058 710 2088; x_wconf 89' lang='lat'>&amp;</span> <span class='ocrx_word' id='word_1_410' title='bbox 728 2056 863 2094; x_wconf 81' lang='lat' dir='ltr'>Acceptis</span> <span class='ocrx_word' id='word_1_411' title='bbox 883 2055 990 2086; x_wconf 86' lang='lat' dir='ltr'>ibidem</span> <span class='ocrx_word' id='word_1_412' title='bbox 1005 2055 1122 2088; x_wconf 86' lang='lat' dir='ltr'>firmiter</span> <span class='ocrx_word' id='word_1_413' title='bbox 1139 2058 1172 2089; x_wconf 89' lang='lat'>&amp;</span> <span class='ocrx_word' id='word_1_414' title='bbox 1186 2060 1229 2089; x_wconf 83' lang='lat' dir='ltr'>in-</span> 
     </span>
     <span class='ocr_line' id='line_1_51' title="bbox 169 2098 508 2134; baseline -0.015 -4"><span class='ocrx_word' id='word_1_415' title='bbox 169 2099 336 2130; x_wconf 84' lang='lat' dir='ltr'>violabiliter</span> <span class='ocrx_word' id='word_1_416' title='bbox 353 2098 508 2134; x_wconf 62' lang='lat' dir='ltr'>observari,</span> 
     </span>
    </p>

    <p class='ocr_par' dir='ltr' id='par_1_11' title="bbox 169 2132 1231 2366">
     <span class='ocr_line' id='line_1_52' title="bbox 207 2132 1230 2173; baseline -0.007 -7"><span class='ocrx_word' id='word_1_417' title='bbox 207 2138 317 2168; x_wconf 60' lang='lat' dir='ltr'>Damus</span> <span class='ocrx_word' id='word_1_418' title='bbox 340 2140 436 2168; x_wconf 71' lang='lat' dir='ltr'>autem</span> <span class='ocrx_word' id='word_1_419' title='bbox 458 2133 589 2166; x_wconf 87' lang='lat' dir='ltr'>universis</span> <span class='ocrx_word' id='word_1_420' title='bbox 606 2133 639 2164; x_wconf 91' lang='lat'>&amp;</span> <span class='ocrx_word' id='word_1_421' title='bbox 661 2132 770 2173; x_wconf 83' lang='lat' dir='ltr'>singulis</span> <span class='ocrx_word' id='word_1_422' title='bbox 788 2132 1002 2163; x_wconf 81' lang='lat' dir='ltr'>Mercatoribus</span> <span class='ocrx_word' id='word_1_423' title='bbox 1017 2132 1144 2173; x_wconf 87' lang='lat' dir='ltr'>Anglicis</span> <span class='ocrx_word' id='word_1_424' title='bbox 1157 2145 1230 2173; x_wconf 54' lang='grc' dir='ltr'>ρης-</span> 
     </span>
     <span class='ocr_line' id='line_1_53' title="bbox 169 2170 1229 2214; baseline -0.002 -7"><span class='ocrx_word' id='word_1_425' title='bbox 169 2175 270 2214; x_wconf 69' lang='lat' dir='ltr'>distis,</span> <span class='ocrx_word' id='word_1_426' title='bbox 292 2176 413 2206; x_wconf 89' lang='lat' dir='ltr'>Tenore</span> <span class='ocrx_word' id='word_1_427' title='bbox 435 2170 636 2209; x_wconf 84' lang='lat' dir='ltr'>Praesenrium,</span> <span class='ocrx_word' id='word_1_428' title='bbox 662 2173 780 2202; x_wconf 85' lang='lat' dir='ltr'>firmiter</span> <span class='ocrx_word' id='word_1_429' title='bbox 803 2173 831 2201; x_wconf 93' lang='lat' dir='ltr'>in</span> <span class='ocrx_word' id='word_1_430' title='bbox 858 2170 1000 2202; x_wconf 75' lang='lat' dir='ltr'>Mandatis</span> <span class='ocrx_word' id='word_1_431' title='bbox 1020 2173 1102 2210; x_wconf 77' lang='lat' dir='ltr'>qubd</span> <span class='ocrx_word' id='word_1_432' title='bbox 1124 2174 1229 2205; x_wconf 87' lang='lat' dir='ltr'>eisdem</span> 
     </span>
     <span class='ocr_line' id='line_1_54' title="bbox 169 2209 1231 2253; baseline -0.002 -8"><span class='ocrx_word' id='word_1_433' title='bbox 169 2214 433 2250; x_wconf 82' lang='lat' dir='ltr'>Gubernatoribus,</span> <span class='ocrx_word' id='word_1_434' title='bbox 453 2213 489 2243; x_wconf 90' lang='lat' dir='ltr'>sic</span> <span class='ocrx_word' id='word_1_435' title='bbox 501 2210 652 2250; x_wconf 84' lang='lat' dir='ltr'>eligendis,</span> <span class='ocrx_word' id='word_1_436' title='bbox 670 2211 703 2242; x_wconf 88' lang='lat'>&amp;</span> <span class='ocrx_word' id='word_1_437' title='bbox 717 2219 817 2240; x_wconf 89' lang='lat' dir='ltr'>eorum</span> <span class='ocrx_word' id='word_1_438' title='bbox 836 2209 1097 2253; x_wconf 81' lang='lat' dir='ltr'>Locatenentibus,</span> <span class='ocrx_word' id='word_1_439' title='bbox 1114 2213 1143 2242; x_wconf 90' lang='lat' dir='ltr'>in</span> <span class='ocrx_word' id='word_1_440' title='bbox 1153 2212 1231 2243; x_wconf 84' lang='lat' dir='ltr'>Prae-</span> 
     </span>
     <span class='ocr_line' id='line_1_55' title="bbox 171 2248 1228 2290; baseline -0.007 -6"><span class='ocrx_word' id='word_1_441' title='bbox 171 2252 258 2284; x_wconf 80' lang='lat' dir='ltr'>miffis</span> <span class='ocrx_word' id='word_1_442' title='bbox 273 2252 409 2283; x_wconf 87' lang='lat' dir='ltr'>omnibus</span> <span class='ocrx_word' id='word_1_443' title='bbox 421 2253 454 2284; x_wconf 87' lang='lat'>&amp;</span> <span class='ocrx_word' id='word_1_444' title='bbox 470 2251 596 2289; x_wconf 88' lang='lat' dir='ltr'>singulis,</span> <span class='ocrx_word' id='word_1_445' title='bbox 612 2258 645 2280; x_wconf 89' lang='lat' dir='ltr'>ac</span> <span class='ocrx_word' id='word_1_446' title='bbox 661 2249 735 2286; x_wconf 86' lang='lat' dir='ltr'>aliis,</span> <span class='ocrx_word' id='word_1_447' title='bbox 752 2248 1000 2279; x_wconf 80' lang='lat' dir='ltr'>Guberiiationern</span> <span class='ocrx_word' id='word_1_448' title='bbox 1023 2250 1057 2281; x_wconf 91' lang='lat'>&amp;</span> <span class='ocrx_word' id='word_1_449' title='bbox 1083 2251 1228 2290; x_wconf 75' lang='lat' dir='ltr'>Regimen</span> 
     </span>
     <span class='ocr_line' id='line_1_56' title="bbox 171 2286 1230 2330; baseline 0 -9"><span class='ocrx_word' id='word_1_450' title='bbox 171 2293 199 2321; x_wconf 89' lang='lat' dir='ltr'>in</span> <span class='ocrx_word' id='word_1_451' title='bbox 220 2292 273 2322; x_wconf 79' lang='lat' dir='ltr'>hac</span> <span class='ocrx_word' id='word_1_452' title='bbox 294 2299 369 2329; x_wconf 87' lang='lat' dir='ltr'>parte</span> <span class='ocrx_word' id='word_1_453' title='bbox 387 2290 629 2328; x_wconf 86' lang='lat' dir='ltr'>qualitercumque</span> <span class='ocrx_word' id='word_1_454' title='bbox 652 2287 890 2318; x_wconf 82' lang='lat' dir='ltr'>concernentibus</span> <span class='ocrx_word' id='word_1_455' title='bbox 904 2311 914 2325; x_wconf 93' lang='lat'>,</span> <span class='ocrx_word' id='word_1_456' title='bbox 947 2286 1126 2320; x_wconf 80' lang='lat' dir='ltr'>Intendentes</span> <span class='ocrx_word' id='word_1_457' title='bbox 1155 2290 1206 2321; x_wconf 91' lang='lat' dir='ltr'>sint</span> <span class='ocrx_word' id='word_1_458' title='bbox 1219 2314 1230 2330; x_wconf 91' lang='lat'>,</span> 
     </span>
     <span class='ocr_line' id='line_1_57' title="bbox 171 2326 1048 2366; baseline -0.007 -5"><span class='ocrx_word' id='word_1_459' title='bbox 171 2330 374 2366; x_wconf 82' lang='lat' dir='ltr'>Consulentes‚</span> <span class='ocrx_word' id='word_1_460' title='bbox 392 2328 584 2365; x_wconf 86' lang='lat' dir='ltr'>Obedientes,</span> <span class='ocrx_word' id='word_1_461' title='bbox 601 2327 635 2357; x_wconf 90' lang='lat'>&amp;</span> <span class='ocrx_word' id='word_1_462' title='bbox 651 2326 839 2365; x_wconf 82' lang='lat' dir='ltr'>Auxiliantes,</span> <span class='ocrx_word' id='word_1_463' title='bbox 859 2335 942 2363; x_wconf 87' lang='lat' dir='ltr'>prout</span> <span class='ocrx_word' id='word_1_464' title='bbox 956 2326 1048 2358; x_wconf 89' lang='lat' dir='ltr'>decet.</span> 
     </span>
    </p>

    <p class='ocr_par' dir='ltr' id='par_1_12' title="bbox 171 2364 1229 2445">
     <span class='ocr_line' id='line_1_58' title="bbox 209 2364 1229 2406; baseline 0 -7"><span class='ocrx_word' id='word_1_465' title='bbox 209 2369 227 2388; x_wconf 45' lang='grc' dir='ltr'>*Ψ</span> <span class='ocrx_word' id='word_1_466' title='bbox 248 2368 316 2399; x_wconf 84' lang='lat' dir='ltr'>Dat.</span> <span class='ocrx_word' id='word_1_467' title='bbox 329 2369 357 2397; x_wconf 88' lang='lat' dir='ltr'>in</span> <span class='ocrx_word' id='word_1_468' title='bbox 375 2366 485 2397; x_wconf 75' lang='lat' dir='ltr'>Palatio</span> <span class='ocrx_word' id='word_1_469' title='bbox 495 2365 581 2405; x_wconf 82' lang='lat' dir='ltr'>nostro</span> <span class='ocrx_word' id='word_1_470' title='bbox 597 2364 834 2406; x_wconf 78' lang='lat' dir='ltr'>Wstmonasterii,</span> <span class='ocrx_word' id='word_1_471' title='bbox 853 2365 902 2394; x_wconf 83' lang='lat' dir='ltr'>sub</span> <span class='ocrx_word' id='word_1_472' title='bbox 918 2364 1023 2402; x_wconf 88' lang='lat' dir='ltr'>Magni</span> <span class='ocrx_word' id='word_1_473' title='bbox 1036 2364 1126 2404; x_wconf 87' lang='lat' dir='ltr'>Sigilli</span> <span class='ocrx_word' id='word_1_474' title='bbox 1139 2366 1229 2399; x_wconf 82' lang='lat' dir='ltr'>nostri</span> 
     </span>
     <span class='ocr_line' id='line_1_59' title="bbox 171 2402 1061 2445; baseline -0.006 -6"><span class='ocrx_word' id='word_1_475' title='bbox 171 2406 370 2444; x_wconf 85' lang='lat' dir='ltr'>Testimonio,</span> <span class='ocrx_word' id='word_1_476' title='bbox 386 2406 425 2445; x_wconf 90' lang='lat' dir='ltr'>vj.</span> <span class='ocrx_word' id='word_1_477' title='bbox 441 2405 592 2445; x_wconf 88' lang='lat' dir='ltr'>dieJunii,</span> <span class='ocrx_word' id='word_1_478' title='bbox 610 2403 700 2434; x_wconf 90' lang='lat' dir='ltr'>Anno</span> <span class='ocrx_word' id='word_1_479' title='bbox 716 2403 816 2441; x_wconf 85' lang='lat' dir='ltr'>Regni</span> <span class='ocrx_word' id='word_1_480' title='bbox 831 2402 921 2433; x_wconf 85' lang='lat' dir='ltr'>nostri</span> <span class='ocrx_word' id='word_1_481' title='bbox 938 2403 1061 2441; x_wconf 85' lang='lat' dir='ltr'>Qiinto.</span> 
     </span>
    </p>
   </div>
   <div class='ocr_carea' id='block_1_3' title="bbox 26 2370 121 2446">
    <p class='ocr_par' dir='ltr' id='par_1_13' title="bbox 26 2370 121 2446">
     <span class='ocr_line' id='line_1_60' title="bbox 43 2370 121 2401; baseline 0 -13"><span class='ocrx_word' id='word_1_482' title='bbox 43 2370 62 2388; x_wconf 54' lang='lat'>³*</span> <span class='ocrx_word' id='word_1_483' title='bbox 83 2370 121 2401; x_wconf 60' lang='lat' dir='ltr'>X.</span> 
     </span>
     <span class='ocr_line' id='line_1_61' title="bbox 26 2420 92 2446; baseline 0.015 -9"><span class='ocrx_word' id='word_1_484' title='bbox 26 2420 92 2446; x_wconf 64' lang='lat'>401.</span> 
     </span>
    </p>
   </div>
   <div class='ocr_carea' id='block_1_4' title="bbox 172 2480 1232 2868">
    <p class='ocr_par' dir='ltr' id='par_1_14' title="bbox 172 2480 1232 2790">
     <span class='ocr_line' id='line_1_62' title="bbox 209 2480 1232 2520; baseline 0 -6"><span class='ocrx_word' id='word_1_485' title='bbox 209 2484 278 2514; x_wconf 91' lang='lat' dir='ltr'>Nos</span> <span class='ocrx_word' id='word_1_486' title='bbox 292 2491 404 2520; x_wconf 80' lang='lat' dir='ltr'>autem,</span> <span class='ocrx_word' id='word_1_487' title='bbox 423 2482 568 2520; x_wconf 70' lang='lat' dir='ltr'>praedicstas</span> <span class='ocrx_word' id='word_1_488' title='bbox 583 2481 689 2511; x_wconf 87' lang='lat' dir='ltr'>Literas</span> <span class='ocrx_word' id='word_1_489' title='bbox 702 2480 810 2518; x_wconf 68' lang='lat' dir='ltr'>praefati</span> <span class='ocrx_word' id='word_1_490' title='bbox 825 2483 891 2510; x_wconf 81' lang='lat' dir='ltr'>Avi</span> <span class='ocrx_word' id='word_1_491' title='bbox 907 2480 1005 2518; x_wconf 65' lang='lat' dir='ltr'>nostri,</span> <span class='ocrx_word' id='word_1_492' title='bbox 1023 2480 1058 2512; x_wconf 91' lang='lat' dir='ltr'>de</span> <span class='ocrx_word' id='word_1_493' title='bbox 1072 2482 1232 2520; x_wconf 87' lang='lat' dir='ltr'>hujusmodi</span> 
     </span>
     <span class='ocr_line' id='line_1_63' title="bbox 174 2519 1231 2553; baseline 0.001 -2"><span class='ocrx_word' id='word_1_494' title='bbox 174 2522 363 2553; x_wconf 88' lang='lat' dir='ltr'>Libertatibus</span> <span class='ocrx_word' id='word_1_495' title='bbox 377 2521 498 2551; x_wconf 81' lang='lat' dir='ltr'>minime</span> <span class='ocrx_word' id='word_1_496' title='bbox 514 2521 652 2552; x_wconf 84' lang='lat' dir='ltr'>revocatis</span> <span class='ocrx_word' id='word_1_497' title='bbox 685 2519 721 2549; x_wconf 89' lang='lat' dir='ltr'>de</span> <span class='ocrx_word' id='word_1_498' title='bbox 735 2519 906 2550; x_wconf 84' lang='lat' dir='ltr'>avisamento</span> <span class='ocrx_word' id='word_1_499' title='bbox 919 2520 952 2549; x_wconf 90' lang='lat'>&amp;</span> <span class='ocrx_word' id='word_1_500' title='bbox 966 2520 1070 2551; x_wconf 79' lang='lat' dir='ltr'>affensu</span> <span class='ocrx_word' id='word_1_501' title='bbox 1080 2520 1231 2552; x_wconf 90' lang='lat' dir='ltr'>Domino-</span> 
     </span>
     <span class='ocr_line' id='line_1_64' title="bbox 173 2542 1230 2600; baseline 0.001 -10"><span class='ocrx_word' id='word_1_502' title='bbox 173 2570 235 2590; x_wconf 82' lang='lat' dir='ltr'>rum</span> <span class='ocrx_word' id='word_1_503' title='bbox 251 2556 439 2598; x_wconf 80' lang='lat' dir='ltr'>Spiritualium</span> <span class='ocrx_word' id='word_1_504' title='bbox 460 2560 493 2590; x_wconf 72' lang='grc' dir='ltr'>δε</span> <span class='ocrx_word' id='word_1_505' title='bbox 510 2542 748 2596; x_wconf 75' lang='lat' dir='ltr'>Temporaiium,</span> <span class='ocrx_word' id='word_1_506' title='bbox 767 2556 1006 2600; x_wconf 79' lang='lat' dir='ltr'>inParliamento</span> <span class='ocrx_word' id='word_1_507' title='bbox 1024 2558 1138 2598; x_wconf 91' lang='lat' dir='ltr'>nostro,</span> <span class='ocrx_word' id='word_1_508' title='bbox 1157 2561 1230 2598; x_wconf 89' lang='lat' dir='ltr'>apud</span> 
     </span>
     <span class='ocr_line' id='line_1_65' title="bbox 173 2594 1229 2638; baseline 0.001 -10"><span class='ocrx_word' id='word_1_509' title='bbox 173 2597 477 2634; x_wconf 57' lang='lat' dir='ltr'>XVestmonasterium,</span> <span class='ocrx_word' id='word_1_510' title='bbox 496 2598 584 2628; x_wconf 85' lang='lat' dir='ltr'>Anno</span> <span class='ocrx_word' id='word_1_511' title='bbox 603 2596 700 2633; x_wconf 79' lang='lat' dir='ltr'>Regni</span> <span class='ocrx_word' id='word_1_512' title='bbox 720 2594 807 2626; x_wconf 89' lang='lat' dir='ltr'>nostri</span> <span class='ocrx_word' id='word_1_513' title='bbox 824 2598 918 2633; x_wconf 87' lang='lat' dir='ltr'>primo</span> <span class='ocrx_word' id='word_1_514' title='bbox 933 2598 1229 2638; x_wconf 87' lang='lat' dir='ltr'>tento,existcntium,</span> 
     </span>
     <span class='ocr_line' id='line_1_66' title="bbox 173 2634 1229 2675; baseline 0 -11"><span class='ocrx_word' id='word_1_515' title='bbox 173 2641 351 2674; x_wconf 72' lang='lat' dir='ltr'>Acceptamus</span> <span class='ocrx_word' id='word_1_516' title='bbox 365 2659 375 2673; x_wconf 79' lang='lat'>,</span> <span class='ocrx_word' id='word_1_517' title='bbox 391 2635 577 2674; x_wconf 71' lang='lat' dir='ltr'>Approhamus</span> <span class='ocrx_word' id='word_1_518' title='bbox 592 2657 599 2671; x_wconf 86' lang='lat'>,</span> <span class='ocrx_word' id='word_1_519' title='bbox 617 2634 793 2675; x_wconf 72' lang='lat' dir='ltr'>Ratificamus</span> <span class='ocrx_word' id='word_1_520' title='bbox 812 2656 821 2671; x_wconf 86' lang='lat'>‚</span> <span class='ocrx_word' id='word_1_521' title='bbox 841 2636 873 2665; x_wconf 86' lang='lat'>&amp;</span> <span class='ocrx_word' id='word_1_522' title='bbox 901 2634 1093 2675; x_wconf 73' lang='lat' dir='ltr'>confirmamus</span> <span class='ocrx_word' id='word_1_523' title='bbox 1110 2659 1120 2675; x_wconf 77' lang='lat'>‚</span> <span class='ocrx_word' id='word_1_524' title='bbox 1166 2648 1229 2669; x_wconf 75' lang='lat' dir='ltr'>tout</span> 
     </span>
     <span class='ocr_line' id='line_1_67' title="bbox 175 2672 1232 2713; baseline 0.002 -8"><span class='ocrx_word' id='word_1_525' title='bbox 175 2675 280 2705; x_wconf 80' lang='lat' dir='ltr'>Literae</span> <span class='ocrx_word' id='word_1_526' title='bbox 298 2674 441 2712; x_wconf 60' lang='lat' dir='ltr'>praedicta:</span> <span class='ocrx_word' id='word_1_527' title='bbox 453 2674 647 2703; x_wconf 85' lang='lat' dir='ltr'>rationabiliter</span> <span class='ocrx_word' id='word_1_528' title='bbox 662 2672 811 2709; x_wconf 81' lang='lat' dir='ltr'>testantur,</span> <span class='ocrx_word' id='word_1_529' title='bbox 829 2673 861 2703; x_wconf 89' lang='lat'>&amp;</span> <span class='ocrx_word' id='word_1_530' title='bbox 879 2683 962 2710; x_wconf 86' lang='lat' dir='ltr'>prout</span> <span class='ocrx_word' id='word_1_531' title='bbox 987 2674 1092 2713; x_wconf 84' lang='lat' dir='ltr'>praefati</span> <span class='ocrx_word' id='word_1_532' title='bbox 1115 2675 1141 2705; x_wconf 65' lang='lat' dir='ltr'><em>N</em></span> <span class='ocrx_word' id='word_1_533' title='bbox 1155 2687 1232 2707; x_wconf 88' lang='lat' dir='ltr'>erca-</span> 
     </span>
     <span class='ocr_line' id='line_1_68' title="bbox 175 2710 1231 2753; baseline 0.002 -10"><span class='ocrx_word' id='word_1_534' title='bbox 175 2722 249 2743; x_wconf 80' lang='lat' dir='ltr'>tores</span> <span class='ocrx_word' id='word_1_535' title='bbox 264 2713 296 2743; x_wconf 71' lang='grc' dir='ltr'>δε</span> <span class='ocrx_word' id='word_1_536' title='bbox 312 2711 531 2742; x_wconf 83' lang='lat' dir='ltr'>Praedeceffores</span> <span class='ocrx_word' id='word_1_537' title='bbox 545 2711 582 2741; x_wconf 90' lang='lat' dir='ltr'>sui</span> <span class='ocrx_word' id='word_1_538' title='bbox 598 2710 786 2753; x_wconf 85' lang='lat' dir='ltr'>Libertatibus</span> <span class='ocrx_word' id='word_1_539' title='bbox 797 2711 953 2749; x_wconf 62' lang='lat' dir='ltr'>praedictis,</span> <span class='ocrx_word' id='word_1_540' title='bbox 970 2722 986 2742; x_wconf 91' lang='lat' dir='ltr'>a</span> <span class='ocrx_word' id='word_1_541' title='bbox 1007 2720 1136 2750; x_wconf 86' lang='lat' dir='ltr'>tempore</span> <span class='ocrx_word' id='word_1_542' title='bbox 1157 2725 1231 2745; x_wconf 91' lang='lat' dir='ltr'>con-</span> 
     </span>
     <span class='ocr_line' id='line_1_69' title="bbox 172 2749 1191 2790; baseline 0.002 -9"><span class='ocrx_word' id='word_1_543' title='bbox 172 2752 301 2782; x_wconf 72' lang='lat' dir='ltr'>fefflonis</span> <span class='ocrx_word' id='word_1_544' title='bbox 316 2750 471 2782; x_wconf 83' lang='lat' dir='ltr'>Literarum</span> <span class='ocrx_word' id='word_1_545' title='bbox 488 2749 684 2788; x_wconf 69' lang='lat' dir='ltr'>praedic‘tarum</span> <span class='ocrx_word' id='word_1_546' title='bbox 693 2770 702 2785; x_wconf 87' lang='lat'>,</span> <span class='ocrx_word' id='word_1_547' title='bbox 712 2749 909 2779; x_wconf 83' lang='lat' dir='ltr'>rationabiliter</span> <span class='ocrx_word' id='word_1_548' title='bbox 923 2750 961 2780; x_wconf 85' lang='lat' dir='ltr'>ufi</span> <span class='ocrx_word' id='word_1_549' title='bbox 975 2750 1037 2781; x_wconf 89' lang='lat' dir='ltr'>sunt</span> <span class='ocrx_word' id='word_1_550' title='bbox 1051 2752 1084 2782; x_wconf 91' lang='lat'>&amp;</span> <span class='ocrx_word' id='word_1_551' title='bbox 1096 2753 1191 2790; x_wconf 83' lang='lat' dir='ltr'>gavili.</span> 
     </span>
    </p>

    <p class='ocr_par' dir='ltr' id='par_1_15' title="bbox 212 2789 438 2827">
     <span class='ocr_line' id='line_1_70' title="bbox 212 2789 438 2827; baseline -0.004 -8"><span class='ocrx_word' id='word_1_552' title='bbox 212 2789 246 2819; x_wconf 91' lang='lat' dir='ltr'>In</span> <span class='ocrx_word' id='word_1_553' title='bbox 261 2790 356 2827; x_wconf 78' lang='lat' dir='ltr'>eujus,</span> <span class='ocrx_word' id='word_1_554' title='bbox 376 2791 438 2821; x_wconf 88' lang='lat' dir='ltr'>&amp;c.</span> 
     </span>
    </p>

    <p class='ocr_par' dir='ltr' id='par_1_16' title="bbox 212 2824 1087 2868">
     <span class='ocr_line' id='line_1_71' title="bbox 212 2824 1087 2868; baseline -0.002 -9"><span class='ocrx_word' id='word_1_555' title='bbox 212 2827 301 2859; x_wconf 85' lang='lat' dir='ltr'>Teste</span> <span class='ocrx_word' id='word_1_556' title='bbox 314 2826 394 2868; x_wconf 78' lang='lat' dir='ltr'>Rege</span> <span class='ocrx_word' id='word_1_557' title='bbox 407 2826 480 2866; x_wconf 88' lang='lat' dir='ltr'>apud</span> <span class='ocrx_word' id='word_1_558' title='bbox 496 2824 771 2866; x_wconf 74' lang='lat' dir='ltr'>Wstmonasterium,</span> <span class='ocrx_word' id='word_1_559' title='bbox 791 2824 929 2856; x_wconf 88' lang='lat' dir='ltr'>vicesimo</span> <span class='ocrx_word' id='word_1_560' title='bbox 941 2824 986 2856; x_wconf 89' lang='lat' dir='ltr'>die</span> <span class='ocrx_word' id='word_1_561' title='bbox 999 2826 1087 2864; x_wconf 86' lang='lat' dir='ltr'>Junii.</span> 
     </span>
    </p>
   </div>
   <div class='ocr_carea' id='block_1_5' title="bbox 404 2900 1126 2943">
    <p class='ocr_par' dir='ltr' id='par_1_17' title="bbox 404 2900 1126 2943">
     <span class='ocr_line' id='line_1_72' title="bbox 404 2900 1126 2943; baseline 0.003 -10"><span class='ocrx_word' id='word_1_562' title='bbox 404 2905 458 2933; x_wconf 76' lang='lat' dir='ltr'>Per</span> <span class='ocrx_word' id='word_1_563' title='bbox 472 2902 552 2943; x_wconf 71' lang='lat' dir='ltr'>ipficm</span> <span class='ocrx_word' id='word_1_564' title='bbox 564 2905 659 2940; x_wconf 83' lang='lat' dir='ltr'>Regem</span> <span class='ocrx_word' id='word_1_565' title='bbox 676 2900 714 2937; x_wconf 66' lang='grc' dir='ltr'>ό·</span> <span class='ocrx_word' id='word_1_566' title='bbox 730 2900 872 2932; x_wconf 81' lang='lat' dir='ltr'>Concilium</span> <span class='ocrx_word' id='word_1_567' title='bbox 887 2905 916 2932; x_wconf 90' lang='lat' dir='ltr'>in</span> <span class='ocrx_word' id='word_1_568' title='bbox 931 2902 1126 2935; x_wconf 82' lang='lat' dir='ltr'>Parliamento.</span> 
     </span>
    </p>
   </div>
   <div class='ocr_carea' id='block_1_6' title="bbox 29 3023 1005 3142">
    <p class='ocr_par' dir='ltr' id='par_1_18' title="bbox 29 3023 1005 3142">
     <span class='ocr_line' id='line_1_73' title="bbox 400 3023 1005 3074; baseline 0.003 -15"><span class='ocrx_word' id='word_1_569' title='bbox 400 3028 446 3059; x_wconf 83' lang='lat' dir='ltr'>De</span> <span class='ocrx_word' id='word_1_570' title='bbox 464 3028 599 3059; x_wconf 79' lang='lat' dir='ltr'>Licentia</span> <span class='ocrx_word' id='word_1_571' title='bbox 617 3023 808 3058; x_wconf 77' lang='lat' dir='ltr'>deucendi</span> <span class='ocrx_word' id='word_1_572' title='bbox 824 3029 1005 3074; x_wconf 81' lang='lat' dir='ltr'>Peregrinos.</span> 
     </span>
     <span class='ocr_line' id='line_1_74' title="bbox 29 3111 160 3142; baseline -0.008 0"><span class='ocrx_word' id='word_1_573' title='bbox 29 3112 106 3142; x_wconf 75' lang='lat' dir='ltr'>Anu.</span> <span class='ocrx_word' id='word_1_574' title='bbox 119 3111 160 3142; x_wconf 87' lang='lat' dir='ltr'>D.</span> 
     </span>
    </p>
   </div>
   <div class='ocr_carea' id='block_1_7' title="bbox 29 3150 144 3217">
    <p class='ocr_par' dir='ltr' id='par_1_19' title="bbox 29 3150 144 3217">
     <span class='ocr_line' id='line_1_75' title="bbox 56 3150 144 3189; baseline -0.023 -9"><span class='ocrx_word' id='word_1_575' title='bbox 56 3150 144 3189; x_wconf 62' lang='lat'>1428.</span> 
     </span>
     <span class='ocr_line' id='line_1_76' title="bbox 29 3192 126 3217; baseline -0.01 0"><span class='ocrx_word' id='word_1_576' title='bbox 29 3193 81 3217; x_wconf 77' lang='lat' dir='ltr'>An.</span> <span class='ocrx_word' id='word_1_577' title='bbox 99 3192 126 3216; x_wconf 80' lang='lat'>6.</span> 
     </span>
    </p>
   </div>
   <div class='ocr_carea' id='block_1_8' title="bbox 176 3109 1232 3760">
    <p class='ocr_par' dir='ltr' id='par_1_20' title="bbox 178 3109 856 3167">
     <span class='ocr_line' id='line_1_77' title="bbox 178 3109 856 3167; baseline 0 -26"><span class='ocrx_word' id='word_1_578' title='bbox 178 3110 288 3167; x_wconf 73' lang='lat' dir='ltr'>REX</span> <span class='ocrx_word' id='word_1_579' title='bbox 309 3109 453 3140; x_wconf 87' lang='lat' dir='ltr'>Omnibus</span> <span class='ocrx_word' id='word_1_580' title='bbox 465 3133 474 3148; x_wconf 89' lang='lat'>,</span> <span class='ocrx_word' id='word_1_581' title='bbox 487 3109 521 3140; x_wconf 84' lang='lat' dir='ltr'>ad</span> <span class='ocrx_word' id='word_1_582' title='bbox 536 3120 623 3149; x_wconf 89' lang='lat' dir='ltr'>quos,</span> <span class='ocrx_word' id='word_1_583' title='bbox 640 3112 701 3142; x_wconf 60' lang='lat' dir='ltr'>&amp;a</span> <span class='ocrx_word' id='word_1_584' title='bbox 722 3109 856 3141; x_wconf 88' lang='lat' dir='ltr'>Salutem.</span> 
     </span>
    </p>

    <p class='ocr_par' dir='ltr' id='par_1_21' title="bbox 176 3148 1231 3454">
     <span class='ocr_line' id='line_1_78' title="bbox 267 3148 1231 3187; baseline 0.003 -8"><span class='ocrx_word' id='word_1_585' title='bbox 267 3150 363 3180; x_wconf 86' lang='lat' dir='ltr'>Sciatis</span> <span class='ocrx_word' id='word_1_586' title='bbox 376 3148 455 3187; x_wconf 82' lang='lat' dir='ltr'>quod</span> <span class='ocrx_word' id='word_1_587' title='bbox 472 3148 670 3179; x_wconf 83' lang='lat' dir='ltr'>Concessimus</span> <span class='ocrx_word' id='word_1_588' title='bbox 686 3150 718 3180; x_wconf 72' lang='grc' dir='ltr'>δε</span> <span class='ocrx_word' id='word_1_589' title='bbox 736 3149 891 3179; x_wconf 86' lang='lat' dir='ltr'>Licentiam</span> <span class='ocrx_word' id='word_1_590' title='bbox 906 3149 1046 3181; x_wconf 87' lang='lat' dir='ltr'>Dedimus</span> <span class='ocrx_word' id='word_1_591' title='bbox 1061 3151 1167 3182; x_wconf 83' lang='lat' dir='ltr'>Thomae</span> <span class='ocrx_word' id='word_1_592' title='bbox 1184 3155 1231 3182; x_wconf 86' lang='lat' dir='ltr'>A-</span> 
     </span>
     <span class='ocr_line' id='line_1_79' title="bbox 177 3185 1231 3255; baseline 0.007 -41"><span class='ocrx_word' id='word_1_593' title='bbox 177 3185 257 3224; x_wconf 81' lang='lat' dir='ltr'>dam,</span> <span class='ocrx_word' id='word_1_594' title='bbox 277 3186 417 3255; x_wconf 48' lang='lat' dir='ltr'>Magistro</span> <span class='ocrx_word' id='word_1_595' title='bbox 434 3187 529 3218; x_wconf 87' lang='lat' dir='ltr'>Navis</span> <span class='ocrx_word' id='word_1_596' title='bbox 544 3197 654 3218; x_wconf 82' lang='lat' dir='ltr'>vocatae</span> <span class='ocrx_word' id='word_1_597' title='bbox 668 3188 692 3218; x_wconf 88' lang='lat' dir='ltr'>le</span> <span class='ocrx_word' id='word_1_598' title='bbox 708 3187 800 3217; x_wconf 88' lang='lat' dir='ltr'>Marie</span> <span class='ocrx_word' id='word_1_599' title='bbox 811 3187 846 3217; x_wconf 91' lang='lat' dir='ltr'>de</span> <span class='ocrx_word' id='word_1_600' title='bbox 861 3187 1045 3226; x_wconf 69' lang='lat' dir='ltr'>Fouy,qu‹‘)d</span> <span class='ocrx_word' id='word_1_601' title='bbox 1062 3191 1117 3226; x_wconf 81' lang='lat' dir='ltr'>iple</span> <span class='ocrx_word' id='word_1_602' title='bbox 1134 3192 1231 3229; x_wconf 84' lang='lat' dir='ltr'>Qiin-</span> 
     </span>
     <span class='ocr_line' id='line_1_80' title="bbox 177 3225 1230 3266; baseline 0.005 -12"><span class='ocrx_word' id='word_1_603' title='bbox 177 3227 307 3263; x_wconf 76' lang='lat' dir='ltr'>quaginta</span> <span class='ocrx_word' id='word_1_604' title='bbox 352 3225 459 3255; x_wconf 88' lang='lat' dir='ltr'>ersonas</span> <span class='ocrx_word' id='word_1_605' title='bbox 473 3248 483 3264; x_wconf 82' lang='lat'>,</span> <span class='ocrx_word' id='word_1_606' title='bbox 510 3225 612 3262; x_wconf 84' lang='lat' dir='ltr'>Ligeos</span> <span class='ocrx_word' id='word_1_607' title='bbox 631 3226 742 3256; x_wconf 87' lang='lat' dir='ltr'>nostros</span> <span class='ocrx_word' id='word_1_608' title='bbox 756 3249 766 3264; x_wconf 89' lang='lat'>,</span> <span class='ocrx_word' id='word_1_609' title='bbox 782 3227 874 3255; x_wconf 87' lang='lat' dir='ltr'>versus</span> <span class='ocrx_word' id='word_1_610' title='bbox 894 3229 1021 3256; x_wconf 65' lang='lat' dir='ltr'>sancium</span> <span class='ocrx_word' id='word_1_611' title='bbox 1039 3228 1174 3266; x_wconf 72' lang='lat' dir='ltr'>Jacobum</span> <span class='ocrx_word' id='word_1_612' title='bbox 1200 3230 1230 3259; x_wconf 90' lang='lat' dir='ltr'>in</span> 
     </span>
     <span class='ocr_line' id='line_1_81' title="bbox 176 3262 1229 3304; baseline 0.005 -12"><span class='ocrx_word' id='word_1_613' title='bbox 176 3262 292 3293; x_wconf 76' lang='lat' dir='ltr'>Galiciis</span> <span class='ocrx_word' id='word_1_614' title='bbox 304 3265 419 3302; x_wconf 75' lang='lat' dir='ltr'>peregre</span> <span class='ocrx_word' id='word_1_615' title='bbox 434 3263 619 3301; x_wconf 57' lang='lat' dir='ltr'>profecturas,</span> <span class='ocrx_word' id='word_1_616' title='bbox 637 3265 666 3294; x_wconf 90' lang='lat' dir='ltr'>in</span> <span class='ocrx_word' id='word_1_617' title='bbox 684 3264 762 3294; x_wconf 90' lang='lat' dir='ltr'>Navi</span> <span class='ocrx_word' id='word_1_618' title='bbox 800 3265 912 3294; x_wconf 57' lang='lat' dir='ltr'>raedirsta</span> <span class='ocrx_word' id='word_1_619' title='bbox 928 3265 1080 3303; x_wconf 77' lang='lat' dir='ltr'>Eskippate</span> <span class='ocrx_word' id='word_1_620' title='bbox 1091 3289 1100 3304; x_wconf 88' lang='lat'>,</span> <span class='ocrx_word' id='word_1_621' title='bbox 1118 3268 1150 3296; x_wconf 66' lang='lat' dir='ltr'>Sc</span> <span class='ocrx_word' id='word_1_622' title='bbox 1171 3277 1229 3298; x_wconf 86' lang='lat' dir='ltr'>eas·</span> 
     </span>
     <span class='ocr_line' id='line_1_82' title="bbox 178 3274 1229 3343; baseline 0.004 -12"><span class='ocrx_word' id='word_1_623' title='bbox 178 3300 243 3331; x_wconf 90' lang='lat' dir='ltr'>dem</span> <span class='ocrx_word' id='word_1_624' title='bbox 261 3301 391 3332; x_wconf 75' lang='lat' dir='ltr'>Personas</span> <span class='ocrx_word' id='word_1_625' title='bbox 404 3302 437 3331; x_wconf 88' lang='lat' dir='ltr'>ad</span> <span class='ocrx_word' id='word_1_626' title='bbox 455 3303 567 3332; x_wconf 81' lang='lat' dir='ltr'>Locum</span> <span class='ocrx_word' id='word_1_627' title='bbox 583 3303 751 3340; x_wconf 65' lang='lat' dir='ltr'>praedi-stum</span> <span class='ocrx_word' id='word_1_628' title='bbox 767 3274 903 3341; x_wconf 55' lang='lat' dir='ltr'>igneae,</span> <span class='ocrx_word' id='word_1_629' title='bbox 921 3305 955 3334; x_wconf 88' lang='lat'>&amp;</span> <span class='ocrx_word' id='word_1_630' title='bbox 978 3314 1021 3334; x_wconf 78' lang='lat' dir='ltr'>eas</span> <span class='ocrx_word' id='word_1_631' title='bbox 1042 3306 1070 3334; x_wconf 93' lang='lat' dir='ltr'>in</span> <span class='ocrx_word' id='word_1_632' title='bbox 1094 3304 1229 3343; x_wconf 71' lang='lat' dir='ltr'>Regnum</span> 
     </span>
     <span class='ocr_line' id='line_1_83' title="bbox 176 3339 1230 3381; baseline 0.003 -11"><span class='ocrx_word' id='word_1_633' title='bbox 176 3339 305 3370; x_wconf 88' lang='lat' dir='ltr'>nostrum</span> <span class='ocrx_word' id='word_1_634' title='bbox 320 3339 487 3377; x_wconf 65' lang='lat' dir='ltr'>praedic&#39;tum</span> <span class='ocrx_word' id='word_1_635' title='bbox 496 3340 644 3371; x_wconf 86' lang='lat' dir='ltr'>Reducere</span> <span class='ocrx_word' id='word_1_636' title='bbox 658 3339 757 3377; x_wconf 83' lang='lat' dir='ltr'>possit,</span> <span class='ocrx_word' id='word_1_637' title='bbox 777 3341 879 3379; x_wconf 79' lang='lat' dir='ltr'>absque</span> <span class='ocrx_word' id='word_1_638' title='bbox 892 3342 1098 3379; x_wconf 88' lang='lat' dir='ltr'>impedimento</span> <span class='ocrx_word' id='word_1_639' title='bbox 1115 3344 1157 3372; x_wconf 82' lang='lat' dir='ltr'>vel</span> <span class='ocrx_word' id='word_1_640' title='bbox 1167 3354 1230 3381; x_wconf 84' lang='lat' dir='ltr'>pei·-</span> 
     </span>
     <span class='ocr_line' id='line_1_84' title="bbox 177 3377 1228 3417; baseline 0.005 -10"><span class='ocrx_word' id='word_1_641' title='bbox 177 3379 334 3407; x_wconf 78' lang='lat' dir='ltr'>turbatione</span> <span class='ocrx_word' id='word_1_642' title='bbox 348 3377 452 3416; x_wconf 84' lang='lat' dir='ltr'>nostri,</span> <span class='ocrx_word' id='word_1_643' title='bbox 471 3389 516 3409; x_wconf 90' lang='lat' dir='ltr'>aut</span> <span class='ocrx_word' id='word_1_644' title='bbox 531 3378 746 3409; x_wconf 82' lang='lat' dir='ltr'>Officiariorum</span> <span class='ocrx_word' id='word_1_645' title='bbox 756 3401 765 3417; x_wconf 85' lang='grc'>,</span> <span class='ocrx_word' id='word_1_646' title='bbox 780 3379 824 3410; x_wconf 88' lang='lat' dir='ltr'>seu</span> <span class='ocrx_word' id='word_1_647' title='bbox 841 3379 1044 3411; x_wconf 82' lang='lat' dir='ltr'>Ministrorum</span> <span class='ocrx_word' id='word_1_648' title='bbox 1063 3380 1228 3412; x_wconf 87' lang='lat' dir='ltr'>nostrorum</span> 
     </span>
     <span class='ocr_line' id='line_1_85' title="bbox 176 3425 441 3454; baseline -0.004 -8"><span class='ocrx_word' id='word_1_649' title='bbox 176 3425 441 3454; x_wconf 79' lang='lat' dir='ltr'>quorumcumque,</span> 
     </span>
    </p>

    <p class='ocr_par' dir='ltr' id='par_1_22' title="bbox 177 3454 1232 3754">
     <span class='ocr_line' id='line_1_86' title="bbox 212 3454 1231 3494; baseline 0.006 -11"><span class='ocrx_word' id='word_1_650' title='bbox 212 3454 328 3484; x_wconf 87' lang='lat' dir='ltr'>Proviso</span> <span class='ocrx_word' id='word_1_651' title='bbox 343 3454 448 3490; x_wconf 81' lang='lat' dir='ltr'>semper</span> <span class='ocrx_word' id='word_1_652' title='bbox 461 3454 540 3492; x_wconf 71' lang='lat' dir='ltr'>quod</span> <span class='ocrx_word' id='word_1_653' title='bbox 553 3454 662 3485; x_wconf 53' lang='lat' dir='ltr'>eaedem</span> <span class='ocrx_word' id='word_1_654' title='bbox 676 3454 807 3485; x_wconf 73' lang='lat' dir='ltr'>Personae</span> <span class='ocrx_word' id='word_1_655' title='bbox 822 3455 854 3485; x_wconf 67' lang='grc' dir='ltr'>δε</span> <span class='ocrx_word' id='word_1_656' title='bbox 868 3464 963 3486; x_wconf 85' lang='lat' dir='ltr'>earum</span> <span class='ocrx_word' id='word_1_657' title='bbox 979 3456 1111 3494; x_wconf 79' lang='lat' dir='ltr'>quaelibet</span> <span class='ocrx_word' id='word_1_658' title='bbox 1124 3457 1231 3489; x_wconf 88' lang='lat' dir='ltr'>Custo-</span> 
     </span>
     <span class='ocr_line' id='line_1_87' title="bbox 178 3492 1232 3534; baseline 0.005 -13"><span class='ocrx_word' id='word_1_659' title='bbox 178 3492 259 3522; x_wconf 76' lang='lat' dir='ltr'>dibus</span> <span class='ocrx_word' id='word_1_660' title='bbox 282 3492 413 3531; x_wconf 66' lang='lat' dir='ltr'>Pais-agii,</span> <span class='ocrx_word' id='word_1_661' title='bbox 433 3493 480 3521; x_wconf 86' lang='lat' dir='ltr'>ubi</span> <span class='ocrx_word' id='word_1_662' title='bbox 501 3503 544 3523; x_wconf 87' lang='lat' dir='ltr'>eas</span> <span class='ocrx_word' id='word_1_663' title='bbox 565 3493 716 3530; x_wconf 79' lang='lat' dir='ltr'>Eskippare</span> <span class='ocrx_word' id='word_1_664' title='bbox 734 3495 900 3531; x_wconf 69' lang='lat' dir='ltr'>contigerit,</span> <span class='ocrx_word' id='word_1_665' title='bbox 923 3494 1138 3526; x_wconf 78' lang='lat' dir='ltr'>Sacramentum</span> <span class='ocrx_word' id='word_1_666' title='bbox 1162 3506 1232 3534; x_wconf 72' lang='lat' dir='ltr'>prae—</span> 
     </span>
     <span class='ocr_line' id='line_1_88' title="bbox 180 3530 1232 3571; baseline 0.004 -11"><span class='ocrx_word' id='word_1_667' title='bbox 180 3530 250 3561; x_wconf 81' lang='lat' dir='ltr'>stent</span> <span class='ocrx_word' id='word_1_668' title='bbox 264 3531 410 3568; x_wconf 82' lang='lat' dir='ltr'>corporale</span> <span class='ocrx_word' id='word_1_669' title='bbox 427 3530 507 3568; x_wconf 79' lang='lat' dir='ltr'>quod</span> <span class='ocrx_word' id='word_1_670' title='bbox 521 3530 586 3568; x_wconf 64' lang='lat' dir='ltr'>ipfae</span> <span class='ocrx_word' id='word_1_671' title='bbox 607 3532 714 3569; x_wconf 87' lang='lat' dir='ltr'>aliqua,</span> <span class='ocrx_word' id='word_1_672' title='bbox 734 3532 831 3561; x_wconf 80' lang='lat' dir='ltr'>Nobis</span> <span class='ocrx_word' id='word_1_673' title='bbox 851 3532 897 3562; x_wconf 88' lang='lat' dir='ltr'>scu</span> <span class='ocrx_word' id='word_1_674' title='bbox 921 3532 1026 3571; x_wconf 82' lang='lat' dir='ltr'>Regno</span> <span class='ocrx_word' id='word_1_675' title='bbox 1050 3534 1149 3564; x_wconf 80' lang='lat' dir='ltr'>nostro</span> <span class='ocrx_word' id='word_1_676' title='bbox 1172 3535 1232 3565; x_wconf 81' lang='lat' dir='ltr'>An-</span> 
     </span>
     <span class='ocr_line' id='line_1_89' title="bbox 177 3568 1230 3611; baseline 0.005 -13"><span class='ocrx_word' id='word_1_677' title='bbox 177 3570 241 3606; x_wconf 75' lang='lat' dir='ltr'>glie</span> <span class='ocrx_word' id='word_1_678' title='bbox 263 3568 452 3607; x_wconf 64' lang='lat' dir='ltr'>praejudicialia</span> <span class='ocrx_word' id='word_1_679' title='bbox 476 3569 519 3599; x_wconf 90' lang='lat' dir='ltr'>seu</span> <span class='ocrx_word' id='word_1_680' title='bbox 539 3569 688 3606; x_wconf 84' lang='lat' dir='ltr'>dampnosa</span> <span class='ocrx_word' id='word_1_681' title='bbox 703 3593 712 3607; x_wconf 92' lang='lat'>,</span> <span class='ocrx_word' id='word_1_682' title='bbox 729 3579 775 3600; x_wconf 87' lang='lat' dir='ltr'>aut</span> <span class='ocrx_word' id='word_1_683' title='bbox 798 3571 907 3600; x_wconf 73' lang='lat' dir='ltr'>Aurum</span> <span class='ocrx_word' id='word_1_684' title='bbox 928 3571 974 3601; x_wconf 87' lang='lat' dir='ltr'>vel</span> <span class='ocrx_word' id='word_1_685' title='bbox 998 3572 1157 3609; x_wconf 78' lang='lat' dir='ltr'>Argentum</span> <span class='ocrx_word' id='word_1_686' title='bbox 1172 3597 1182 3611; x_wconf 87' lang='lat'>,</span> <span class='ocrx_word' id='word_1_687' title='bbox 1201 3584 1230 3603; x_wconf 93' lang='lat' dir='ltr'>in</span> 
     </span>
     <span class='ocr_line' id='line_1_90' title="bbox 179 3607 1232 3647; baseline 0.004 -10"><span class='ocrx_word' id='word_1_688' title='bbox 179 3607 269 3637; x_wconf 59' lang='lat' dir='ltr'>Missi</span> <span class='ocrx_word' id='word_1_689' title='bbox 293 3608 336 3638; x_wconf 89' lang='lat' dir='ltr'>vel</span> <span class='ocrx_word' id='word_1_690' title='bbox 363 3607 481 3637; x_wconf 84' lang='lat' dir='ltr'>Moneta</span> <span class='ocrx_word' id='word_1_691' title='bbox 496 3630 506 3644; x_wconf 91' lang='lat'>,</span> <span class='ocrx_word' id='word_1_692' title='bbox 525 3607 593 3637; x_wconf 84' lang='lat' dir='ltr'>ultra</span> <span class='ocrx_word' id='word_1_693' title='bbox 614 3608 786 3638; x_wconf 81' lang='lat' dir='ltr'>rationabiles</span> <span class='ocrx_word' id='word_1_694' title='bbox 803 3608 940 3645; x_wconf 79' lang='lat' dir='ltr'>Expensas</span> <span class='ocrx_word' id='word_1_695' title='bbox 959 3610 1032 3647; x_wconf 77' lang='lat' dir='ltr'>suaS,</span> <span class='ocrx_word' id='word_1_696' title='bbox 1057 3610 1151 3641; x_wconf 73' lang='lat' dir='ltr'>secum</span> <span class='ocrx_word' id='word_1_697' title='bbox 1173 3621 1232 3642; x_wconf 89' lang='lat' dir='ltr'>non</span> 
     </span>
     <span class='ocr_line' id='line_1_91' title="bbox 178 3646 1231 3686; baseline 0.005 -11"><span class='ocrx_word' id='word_1_698' title='bbox 178 3646 318 3684; x_wconf 71' lang='lat' dir='ltr'>deterant,</span> <span class='ocrx_word' id='word_1_699' title='bbox 339 3656 390 3675; x_wconf 87' lang='lat' dir='ltr'>nec</span> <span class='ocrx_word' id='word_1_700' title='bbox 407 3646 506 3675; x_wconf 87' lang='lat' dir='ltr'>deferri</span> <span class='ocrx_word' id='word_1_701' title='bbox 523 3646 640 3681; x_wconf 74' lang='lat' dir='ltr'>faciant,</span> <span class='ocrx_word' id='word_1_702' title='bbox 659 3657 712 3676; x_wconf 85' lang='lat' dir='ltr'>nec</span> <span class='ocrx_word' id='word_1_703' title='bbox 725 3647 838 3677; x_wconf 85' lang='lat' dir='ltr'>Secreta</span> <span class='ocrx_word' id='word_1_704' title='bbox 851 3647 920 3676; x_wconf 71' lang='lat' dir='ltr'>dieti·</span> <span class='ocrx_word' id='word_1_705' title='bbox 940 3647 1032 3686; x_wconf 81' lang='lat' dir='ltr'>Regni</span> <span class='ocrx_word' id='word_1_706' title='bbox 1048 3649 1136 3679; x_wconf 78' lang='lat' dir='ltr'>nostri</span> <span class='ocrx_word' id='word_1_707' title='bbox 1149 3649 1231 3680; x_wconf 87' lang='lat' dir='ltr'>alicui</span> 
     </span>
     <span class='ocr_line' id='line_1_92' title="bbox 180 3684 1188 3754; baseline 0.006 -41"><span class='ocrx_word' id='word_1_708' title='bbox 180 3685 458 3754; x_wconf 52' lang='lat' dir='ltr'>adlexnaievelssecnt,</span> <span class='ocrx_word' id='word_1_709' title='bbox 478 3684 515 3715; x_wconf 88' lang='lat' dir='ltr'>set</span> <span class='ocrx_word' id='word_1_710' title='bbox 531 3684 610 3722; x_wconf 78' lang='lat' dir='ltr'>quod</span> <span class='ocrx_word' id='word_1_711' title='bbox 625 3684 672 3720; x_wconf 84' lang='lat' dir='ltr'>ipfi</span> <span class='ocrx_word' id='word_1_712' title='bbox 687 3684 780 3715; x_wconf 86' lang='lat' dir='ltr'>fideles</span> <span class='ocrx_word' id='word_1_713' title='bbox 797 3685 879 3723; x_wconf 90' lang='lat' dir='ltr'>Ligei</span> <span class='ocrx_word' id='word_1_714' title='bbox 894 3685 982 3716; x_wconf 89' lang='lat' dir='ltr'>nostri</span> <span class='ocrx_word' id='word_1_715' title='bbox 997 3696 1188 3724; x_wconf 74' lang='lat' dir='ltr'>permaneant.</span> 
     </span>
    </p>

    <p class='ocr_par' dir='ltr' id='par_1_23' title="bbox 232 3732 440 3760">
     <span class='ocr_line' id='line_1_93' title="bbox 232 3732 440 3760; baseline 0 -9"><span class='ocrx_word' id='word_1_716' title='bbox 232 3733 250 3751; x_wconf 89' lang='lat' dir='ltr'>n</span> <span class='ocrx_word' id='word_1_717' title='bbox 266 3732 362 3760; x_wconf 73' lang='lat' dir='ltr'>cujus,</span> <span class='ocrx_word' id='word_1_718' title='bbox 415 3732 440 3753; x_wconf 94' lang='lat' dir='ltr'>c.</span> 
     </span>
    </p>
   </div>
   <div class='ocr_carea' id='block_1_9' title="bbox 30 3248 161 3332">
    <p class='ocr_par' dir='ltr' id='par_1_24' title="bbox 30 3248 161 3332">
     <span class='ocr_line' id='line_1_94' title="bbox 30 3248 141 3294; baseline 0.009 -1"><span class='ocrx_word' id='word_1_719' title='bbox 30 3248 141 3294; x_wconf 43' lang='lat' dir='ltr'>Fr1171.·6.</span> 
     </span>
     <span class='ocr_line' id='line_1_95' title="bbox 31 3305 161 3332; baseline -0.008 0"><span class='ocrx_word' id='word_1_720' title='bbox 31 3305 161 3332; x_wconf 75' lang='lat' dir='ltr'>H.6.m.2.</span> 
     </span>
    </p>
   </div>
   <div class='ocr_carea' id='block_1_10' title="bbox 214 3788 1090 3831">
    <p class='ocr_par' dir='ltr' id='par_1_25' title="bbox 214 3788 1090 3831">
     <span class='ocr_line' id='line_1_96' title="bbox 214 3788 1090 3831; baseline 0.005 -11"><span class='ocrx_word' id='word_1_721' title='bbox 214 3790 304 3820; x_wconf 87' lang='lat' dir='ltr'>Teste</span> <span class='ocrx_word' id='word_1_722' title='bbox 318 3790 400 3831; x_wconf 82' lang='lat' dir='ltr'>Rege</span> <span class='ocrx_word' id='word_1_723' title='bbox 417 3790 490 3829; x_wconf 81' lang='lat' dir='ltr'>apud</span> <span class='ocrx_word' id='word_1_724' title='bbox 506 3788 761 3831; x_wconf 56' lang='lat' dir='ltr'>westmonasterium</span> <span class='ocrx_word' id='word_1_725' title='bbox 770 3813 781 3829; x_wconf 87' lang='lat'>,</span> <span class='ocrx_word' id='word_1_726' title='bbox 798 3790 934 3822; x_wconf 86' lang='lat' dir='ltr'>vicefimo</span> <span class='ocrx_word' id='word_1_727' title='bbox 947 3790 993 3822; x_wconf 86' lang='lat' dir='ltr'>die</span> <span class='ocrx_word' id='word_1_728' title='bbox 1002 3791 1090 3831; x_wconf 75' lang='lat' dir='ltr'>Junii-</span> 
     </span>
    </p>
   </div>
   <div class='ocr_carea' id='block_1_11' title="bbox 180 3865 1234 4055">
    <p class='ocr_par' dir='ltr' id='par_1_26' title="bbox 180 3865 1234 4021">
     <span class='ocr_line' id='line_1_97' title="bbox 180 3865 846 3921; baseline 0 -26"><span class='ocrx_word' id='word_1_729' title='bbox 180 3865 292 3921; x_wconf 49' lang='grc' dir='ltr'>ΗΒΚ</span> <span class='ocrx_word' id='word_1_730' title='bbox 311 3867 461 3904; x_wconf 88' lang='lat' dir='ltr'>omnibus,</span> <span class='ocrx_word' id='word_1_731' title='bbox 478 3866 512 3896; x_wconf 90' lang='lat' dir='ltr'>ad</span> <span class='ocrx_word' id='word_1_732' title='bbox 528 3877 615 3904; x_wconf 86' lang='lat' dir='ltr'>quos,</span> <span class='ocrx_word' id='word_1_733' title='bbox 634 3867 694 3898; x_wconf 90' lang='lat' dir='ltr'>&amp;c.</span> <span class='ocrx_word' id='word_1_734' title='bbox 713 3866 846 3896; x_wconf 80' lang='lat' dir='ltr'>Salutem.</span> 
     </span>
     <span class='ocr_line' id='line_1_98' title="bbox 193 3904 1234 3942; baseline 0.003 -9"><span class='ocrx_word' id='word_1_735' title='bbox 193 3918 200 3921; x_wconf 71' lang='grc'><strong>-</strong></span> <span class='ocrx_word' id='word_1_736' title='bbox 270 3904 364 3934; x_wconf 81' lang='lat' dir='ltr'>Sciatis</span> <span class='ocrx_word' id='word_1_737' title='bbox 388 3905 468 3942; x_wconf 80' lang='lat' dir='ltr'>quod</span> <span class='ocrx_word' id='word_1_738' title='bbox 493 3905 691 3935; x_wconf 78' lang='lat' dir='ltr'>Conceslimus</span> <span class='ocrx_word' id='word_1_739' title='bbox 720 3907 752 3935; x_wconf 57' lang='grc' dir='ltr'>ἃ</span> <span class='ocrx_word' id='word_1_740' title='bbox 778 3904 931 3935; x_wconf 76' lang='lat' dir='ltr'>Licentiam</span> <span class='ocrx_word' id='word_1_741' title='bbox 959 3906 1095 3936; x_wconf 91' lang='lat' dir='ltr'>Dedimus</span> <span class='ocrx_word' id='word_1_742' title='bbox 1122 3907 1234 3936; x_wconf 80' lang='lat' dir='ltr'>Ricardo</span> 
     </span>
     <span class='ocr_line' id='line_1_99' title="bbox 180 3941 1233 3985; baseline 0.009 -18"><span class='ocrx_word' id='word_1_743' title='bbox 180 3942 282 3979; x_wconf 61' lang='lat' dir='ltr'>Dmy,</span> <span class='ocrx_word' id='word_1_744' title='bbox 301 3941 439 3980; x_wconf 74' lang='lat' dir='ltr'>Magistro</span> <span class='ocrx_word' id='word_1_745' title='bbox 464 3943 556 3973; x_wconf 74' lang='lat' dir='ltr'>Navis</span> <span class='ocrx_word' id='word_1_746' title='bbox 579 3953 687 3973; x_wconf 67' lang='lat' dir='ltr'>vocatae</span> <span class='ocrx_word' id='word_1_747' title='bbox 711 3943 736 3972; x_wconf 83' lang='lat' dir='ltr'>le</span> <span class='ocrx_word' id='word_1_748' title='bbox 761 3942 851 3972; x_wconf 62' lang='lat' dir='ltr'>marie</span> <span class='ocrx_word' id='word_1_749' title='bbox 872 3942 908 3974; x_wconf 85' lang='lat' dir='ltr'>de</span> <span class='ocrx_word' id='word_1_750' title='bbox 930 3943 1057 3983; x_wconf 61' lang='lat' dir='ltr'>Etonia,</span> <span class='ocrx_word' id='word_1_751' title='bbox 1077 3946 1153 3983; x_wconf 87' lang='lat' dir='ltr'>quod</span> <span class='ocrx_word' id='word_1_752' title='bbox 1176 3945 1233 3985; x_wconf 84' lang='lat' dir='ltr'>ipse</span> 
     </span>
     <span class='ocr_line' id='line_1_100' title="bbox 180 3978 841 4021; baseline 0.003 -13"><span class='ocrx_word' id='word_1_753' title='bbox 180 3978 309 4015; x_wconf 74' lang='lat' dir='ltr'>Triginta</span> <span class='ocrx_word' id='word_1_754' title='bbox 322 3979 471 4019; x_wconf 73' lang='lat' dir='ltr'>Personas,</span> <span class='ocrx_word' id='word_1_755' title='bbox 492 3981 614 4020; x_wconf 85' lang='lat' dir='ltr'>Ligeos,</span> <span class='ocrx_word' id='word_1_756' title='bbox 633 3981 692 4016; x_wconf 63' lang='lat' dir='ltr'>&amp;a</span> <span class='ocrx_word' id='word_1_757' title='bbox 706 3989 736 4012; x_wconf 77' lang='lat' dir='ltr'>ut</span> <span class='ocrx_word' id='word_1_758' title='bbox 746 3981 841 4021; x_wconf 77' lang='lat' dir='ltr'>supra.</span> 
     </span>
    </p>

    <p class='ocr_par' dir='ltr' id='par_1_27' title="bbox 216 4016 449 4055">
     <span class='ocr_line' id='line_1_101' title="bbox 216 4016 449 4055; baseline -0.009 -8"><span class='ocrx_word' id='word_1_759' title='bbox 216 4016 306 4047; x_wconf 85' lang='lat' dir='ltr'>Teste</span> <span class='ocrx_word' id='word_1_760' title='bbox 322 4025 352 4047; x_wconf 88' lang='lat' dir='ltr'>ut</span> <span class='ocrx_word' id='word_1_761' title='bbox 367 4018 449 4055; x_wconf 77' lang='lat' dir='ltr'>supra</span> 
     </span>
    </p>
   </div>
   <div class='ocr_carea' id='block_1_12' title="bbox 639 110 1440 165">
    <p class='ocr_par' dir='ltr' id='par_1_28' title="bbox 639 110 1440 165">
     <span class='ocr_line' id='line_1_102' title="bbox 639 110 1440 165; baseline -0.01 -4"><span class='ocrx_word' id='word_1_762' title='bbox 639 110 1440 165; x_wconf 49' lang='lat' dir='ltr'>CONVENTloNE&amp;</span> 
     </span>
    </p>
   </div>
   <div class='ocr_carea' id='block_1_13' title="bbox 1498 110 1904 161">
    <p class='ocr_par' dir='ltr' id='par_1_29' title="bbox 1498 110 1904 161">
     <span class='ocr_line' id='line_1_103' title="bbox 1498 110 1904 161; baseline 0.002 -8"><span class='ocrx_word' id='word_1_763' title='bbox 1498 110 1904 161; x_wconf 75' lang='lat' dir='ltr'>LITER&#39;AE,</span> 
     </span>
    </p>
   </div>
   <div class='ocr_carea' id='block_1_14' title="bbox 1279 202 2495 434">
    <p class='ocr_par' dir='ltr' id='par_1_30' title="bbox 1279 202 2495 434">
     <span class='ocr_line' id='line_1_104' title="bbox 2354 202 2495 237; baseline 0.028 -3"><span class='ocrx_word' id='word_1_764' title='bbox 2354 202 2444 234; x_wconf 68' lang='grc' dir='ltr'>ΑΜ.</span> <span class='ocrx_word' id='word_1_765' title='bbox 2452 205 2495 237; x_wconf 90' lang='lat' dir='ltr'>D.</span> 
     </span>
     <span class='ocr_line' id='line_1_105' title="bbox 1281 238 2472 299; baseline 0.002 -27"><span class='ocrx_word' id='word_1_766' title='bbox 1281 241 1398 299; x_wconf 80' lang='lat' dir='ltr'>REX</span> <span class='ocrx_word' id='word_1_767' title='bbox 1417 240 1583 281; x_wconf 80' lang='lat' dir='ltr'>Omnibus,</span> <span class='ocrx_word' id='word_1_768' title='bbox 1599 241 1634 273; x_wconf 90' lang='lat' dir='ltr'>ad</span> <span class='ocrx_word' id='word_1_769' title='bbox 1650 251 1738 281; x_wconf 79' lang='lat' dir='ltr'>quOS,</span> <span class='ocrx_word' id='word_1_770' title='bbox 1757 241 1817 273; x_wconf 87' lang='lat' dir='ltr'>&amp;c.</span> <span class='ocrx_word' id='word_1_771' title='bbox 1837 238 1971 272; x_wconf 85' lang='lat' dir='ltr'>Salutem.</span> <span class='ocrx_word' id='word_1_772' title='bbox 2113 278 2116 280; x_wconf 19' lang='lat' dir='ltr'>v</span> <span class='ocrx_word' id='word_1_773' title='bbox 2385 245 2472 282; x_wconf 76' lang='lat'>1428.</span> 
     </span>
     <span class='ocr_line' id='line_1_106' title="bbox 1374 279 2478 321; baseline 0.003 -11"><span class='ocrx_word' id='word_1_774' title='bbox 1374 280 1472 311; x_wconf 84' lang='lat' dir='ltr'>Sciatis</span> <span class='ocrx_word' id='word_1_775' title='bbox 1493 280 1573 318; x_wconf 81' lang='lat' dir='ltr'>quod</span> <span class='ocrx_word' id='word_1_776' title='bbox 1595 280 1797 313; x_wconf 83' lang='lat' dir='ltr'>Conceffirniis</span> <span class='ocrx_word' id='word_1_777' title='bbox 1821 280 1855 310; x_wconf 91' lang='lat'>&amp;</span> <span class='ocrx_word' id='word_1_778' title='bbox 1876 279 2036 313; x_wconf 83' lang='lat' dir='ltr'>Licentiam</span> <span class='ocrx_word' id='word_1_779' title='bbox 2051 281 2193 314; x_wconf 76' lang='lat' dir='ltr'>Dedimus</span> <span class='ocrx_word' id='word_1_780' title='bbox 2212 281 2341 321; x_wconf 81' lang='lat' dir='ltr'>Johanm‘</span> <span class='ocrx_word' id='word_1_781' title='bbox 2365 285 2429 311; x_wconf 69' lang='lat' dir='ltr'>Han.</span> <span class='ocrx_word' id='word_1_782' title='bbox 2447 284 2478 312; x_wconf 79' lang='lat'>6.</span> 
     </span>
     <span class='ocr_line' id='line_1_107' title="bbox 1279 318 2341 361; baseline 0.008 -15"><span class='ocrx_word' id='word_1_783' title='bbox 1279 319 1433 359; x_wconf 81' lang='lat' dir='ltr'>Stanbury,</span> <span class='ocrx_word' id='word_1_784' title='bbox 1451 318 1588 358; x_wconf 86' lang='lat' dir='ltr'>Magistro</span> <span class='ocrx_word' id='word_1_785' title='bbox 1597 320 1689 358; x_wconf 83' lang='lat' dir='ltr'>Navis</span> <span class='ocrx_word' id='word_1_786' title='bbox 1706 324 1818 351; x_wconf 85' lang='lat' dir='ltr'>vocatae</span> <span class='ocrx_word' id='word_1_787' title='bbox 1832 319 1856 348; x_wconf 85' lang='lat' dir='ltr'>la</span> <span class='ocrx_word' id='word_1_788' title='bbox 1870 318 1985 352; x_wconf 85' lang='lat' dir='ltr'>Trinite</span> <span class='ocrx_word' id='word_1_789' title='bbox 1999 321 2036 352; x_wconf 87' lang='lat' dir='ltr'>de</span> <span class='ocrx_word' id='word_1_790' title='bbox 2044 320 2252 361; x_wconf 80' lang='lat' dir='ltr'>Dertemouth‚</span> <span class='ocrx_word' id='word_1_791' title='bbox 2262 322 2341 361; x_wconf 77' lang='lat' dir='ltr'>quod</span> 
     </span>
     <span class='ocr_line' id='line_1_108' title="bbox 1279 355 1962 426; baseline 0.004 -41"><span class='ocrx_word' id='word_1_792' title='bbox 1279 355 1572 426; x_wconf 34' lang='lat' dir='ltr'>ipstiffiffiinqifaginta</span> <span class='ocrx_word' id='word_1_793' title='bbox 1583 357 1733 398; x_wconf 80' lang='lat' dir='ltr'>Personas,</span> <span class='ocrx_word' id='word_1_794' title='bbox 1750 356 1809 393; x_wconf 59' lang='lat' dir='ltr'>&amp;n</span> <span class='ocrx_word' id='word_1_795' title='bbox 1827 357 1962 399; x_wconf 79' lang='lat' dir='ltr'>utsupra.</span> 
     </span>
     <span class='ocr_line' id='line_1_109' title="bbox 1350 404 1555 434; baseline -0.005 -8"><span class='ocrx_word' id='word_1_796' title='bbox 1350 405 1366 426; x_wconf 91' lang='lat' dir='ltr'>e</span> <span class='ocrx_word' id='word_1_797' title='bbox 1393 406 1408 426; x_wconf 92' lang='lat' dir='ltr'>e</span> <span class='ocrx_word' id='word_1_798' title='bbox 1423 404 1454 427; x_wconf 91' lang='lat' dir='ltr'>ut</span> <span class='ocrx_word' id='word_1_799' title='bbox 1479 405 1555 434; x_wconf 86' lang='lat' dir='ltr'>upra.</span> 
     </span>
    </p>
   </div>
   <div class='ocr_carea' id='block_1_15' title="bbox 1418 526 2185 570">
    <p class='ocr_par' dir='ltr' id='par_1_31' title="bbox 1418 526 2185 570">
     <span class='ocr_line' id='line_1_110' title="bbox 1418 526 2185 570; baseline 0.003 -11"><span class='ocrx_word' id='word_1_800' title='bbox 1418 527 1469 559; x_wconf 85' lang='lat' dir='ltr'>De</span> <span class='ocrx_word' id='word_1_801' title='bbox 1484 527 1654 558; x_wconf 81' lang='lat' dir='ltr'>Retinentia</span> <span class='ocrx_word' id='word_1_802' title='bbox 1675 526 1797 558; x_wconf 78' lang='lat' dir='ltr'>Comitis</span> <span class='ocrx_word' id='word_1_803' title='bbox 1812 529 1926 560; x_wconf 81' lang='lat' dir='ltr'>Sarum</span> <span class='ocrx_word' id='word_1_804' title='bbox 1936 552 1947 570; x_wconf 90' lang='lat'>,</span> <span class='ocrx_word' id='word_1_805' title='bbox 1971 527 2185 562; x_wconf 71' lang='lat' dir='ltr'>Proclamatio.</span> 
     </span>
    </p>
   </div>
   <div class='ocr_carea' id='block_1_16' title="bbox 1275 613 2485 1273">
    <p class='ocr_par' dir='ltr' id='par_1_32' title="bbox 1275 613 2485 1273">
     <span class='ocr_line' id='line_1_111' title="bbox 1277 613 1982 674; baseline 0.004 -28"><span class='ocrx_word' id='word_1_806' title='bbox 1277 614 1392 674; x_wconf 81' lang='lat' dir='ltr'>REX</span> <span class='ocrx_word' id='word_1_807' title='bbox 1411 613 1641 646; x_wconf 87' lang='lat' dir='ltr'>Vicecomitibus</span> <span class='ocrx_word' id='word_1_808' title='bbox 1654 613 1831 652; x_wconf 67' lang='lat' dir='ltr'>Londonise,</span> <span class='ocrx_word' id='word_1_809' title='bbox 1848 614 1982 648; x_wconf 81' lang='lat' dir='ltr'>Salutem.</span> 
     </span>
     <span class='ocr_line' id='line_1_112' title="bbox 1370 652 2450 707; baseline 0.006 -23"><span class='ocrx_word' id='word_1_810' title='bbox 1370 653 1553 697; x_wconf 79' lang='lat' dir='ltr'>Praecipiinus</span> <span class='ocrx_word' id='word_1_811' title='bbox 1573 653 1676 692; x_wconf 86' lang='lat' dir='ltr'>vobis,</span> <span class='ocrx_word' id='word_1_812' title='bbox 1694 652 1813 697; x_wconf 82' lang='lat' dir='ltr'>firmiter</span> <span class='ocrx_word' id='word_1_813' title='bbox 1833 655 2024 695; x_wconf 68' lang='lat' dir='ltr'>injungentes,</span> <span class='ocrx_word' id='word_1_814' title='bbox 2042 657 2121 696; x_wconf 82' lang='lat' dir='ltr'>quod</span> <span class='ocrx_word' id='word_1_815' title='bbox 2145 656 2255 698; x_wconf 88' lang='lat' dir='ltr'>statim,</span> <span class='ocrx_word' id='word_1_816' title='bbox 2273 658 2336 690; x_wconf 86' lang='lat' dir='ltr'>vifis</span> <span class='ocrx_word' id='word_1_817' title='bbox 2375 670 2450 707; x_wconf 78' lang='lat'>1423</span> 
     </span>
     <span class='ocr_line' id='line_1_113' title="bbox 1276 691 2460 736; baseline 0.006 -14"><span class='ocrx_word' id='word_1_818' title='bbox 1276 692 1474 730; x_wconf 85' lang='lat' dir='ltr'>praesentibus,</span> <span class='ocrx_word' id='word_1_819' title='bbox 1492 702 1520 721; x_wconf 89' lang='lat' dir='ltr'>iri</span> <span class='ocrx_word' id='word_1_820' title='bbox 1534 692 1645 731; x_wconf 80' lang='lat' dir='ltr'>singulis</span> <span class='ocrx_word' id='word_1_821' title='bbox 1660 691 1748 728; x_wconf 72' lang='lat' dir='ltr'>locis,</span> <span class='ocrx_word' id='word_1_822' title='bbox 1766 691 1836 721; x_wconf 79' lang='lat' dir='ltr'>infra</span> <span class='ocrx_word' id='word_1_823' title='bbox 1853 691 2007 724; x_wconf 81' lang='lat' dir='ltr'>Civitatem</span> <span class='ocrx_word' id='word_1_824' title='bbox 2029 695 2192 732; x_wconf 66' lang='lat' dir='ltr'>praediCtam</span> <span class='ocrx_word' id='word_1_825' title='bbox 2206 697 2241 728; x_wconf 86' lang='lat'>&amp;</span> <span class='ocrx_word' id='word_1_826' title='bbox 2258 697 2334 728; x_wconf 89' lang='lat' dir='ltr'>Sub·</span> <span class='ocrx_word' id='word_1_827' title='bbox 2356 710 2397 735; x_wconf 73' lang='lat' dir='ltr'>Aa</span> <span class='ocrx_word' id='word_1_828' title='bbox 2420 710 2437 736; x_wconf 92' lang='lat'>6</span> <span class='ocrx_word' id='word_1_829' title='bbox 2452 693 2460 701; x_wconf 74' lang='lat'><strong>⁴</strong></span> 
     </span>
     <span class='ocr_line' id='line_1_114' title="bbox 1277 730 2448 774; baseline 0.008 -14"><span class='ocrx_word' id='word_1_830' title='bbox 1277 731 1357 762; x_wconf 89' lang='lat' dir='ltr'>urbia</span> <span class='ocrx_word' id='word_1_831' title='bbox 1377 731 1518 769; x_wconf 80' lang='lat' dir='ltr'>ejusdem,</span> <span class='ocrx_word' id='word_1_832' title='bbox 1536 732 1585 761; x_wconf 91' lang='lat' dir='ltr'>ubi</span> <span class='ocrx_word' id='word_1_833' title='bbox 1601 731 1686 769; x_wconf 86' lang='lat' dir='ltr'>magis</span> <span class='ocrx_word' id='word_1_834' title='bbox 1703 730 1852 768; x_wconf 84' lang='lat' dir='ltr'>expediens</span> <span class='ocrx_word' id='word_1_835' title='bbox 1871 730 1957 763; x_wconf 87' lang='lat' dir='ltr'>fuerit</span> <span class='ocrx_word' id='word_1_836' title='bbox 1979 731 2014 764; x_wconf 74' lang='grc' dir='ltr'>ὅτ</span> <span class='ocrx_word' id='word_1_837' title='bbox 2027 734 2157 773; x_wconf 73' lang='lat' dir='ltr'>necesse,</span> <span class='ocrx_word' id='word_1_838' title='bbox 2171 735 2288 774; x_wconf 74' lang='lat' dir='ltr'>publice</span> <span class='ocrx_word' id='word_1_839' title='bbox 2302 745 2337 768; x_wconf 80' lang='lat' dir='ltr'>ex</span> <span class='ocrx_word' id='word_1_840' title='bbox 2355 749 2383 772; x_wconf 85' lang='lat' dir='ltr'><em>H</em></span> <span class='ocrx_word' id='word_1_841' title='bbox 2401 730 2429 773; x_wconf 65' lang='grc'>’6</span> <span class='ocrx_word' id='word_1_842' title='bbox 2441 731 2448 738; x_wconf 74' lang='grc'><strong>’</strong></span> 
     </span>
     <span class='ocr_line' id='line_1_115' title="bbox 1277 768 2476 822; baseline 0.001 -22"><span class='ocrx_word' id='word_1_843' title='bbox 1277 779 1355 808; x_wconf 83' lang='lat' dir='ltr'>parte</span> <span class='ocrx_word' id='word_1_844' title='bbox 1374 769 1470 800; x_wconf 73' lang='lat' dir='ltr'>nostra</span> <span class='ocrx_word' id='word_1_845' title='bbox 1484 768 1658 800; x_wconf 91' lang='lat' dir='ltr'>Proclamari</span> <span class='ocrx_word' id='word_1_846' title='bbox 1674 770 1796 806; x_wconf 88' lang='lat' dir='ltr'>faciatis,</span> <span class='ocrx_word' id='word_1_847' title='bbox 2351 768 2440 822; x_wconf 44' lang='lat' dir='ltr'>clivus·</span> <span class='ocrx_word' id='word_1_848' title='bbox 2457 786 2476 812; x_wconf 80' lang='grc' dir='ltr'>,ς</span> 
     </span>
     <span class='ocr_line' id='line_1_116' title="bbox 1312 806 2485 851; baseline 0.007 -13"><span class='ocrx_word' id='word_1_849' title='bbox 1312 807 1405 848; x_wconf 83' lang='lat' dir='ltr'>Qiod</span> <span class='ocrx_word' id='word_1_850' title='bbox 1421 808 1542 840; x_wconf 89' lang='lat' dir='ltr'>universi</span> <span class='ocrx_word' id='word_1_851' title='bbox 1557 809 1591 840; x_wconf 70' lang='grc' dir='ltr'>ὃς</span> <span class='ocrx_word' id='word_1_852' title='bbox 1607 808 1707 848; x_wconf 82' lang='lat' dir='ltr'>singuli</span> <span class='ocrx_word' id='word_1_853' title='bbox 1722 806 1871 846; x_wconf 82' lang='lat' dir='ltr'>Capitanei</span> <span class='ocrx_word' id='word_1_854' title='bbox 1885 817 1918 839; x_wconf 88' lang='lat' dir='ltr'>ac</span> <span class='ocrx_word' id='word_1_855' title='bbox 1935 807 2071 847; x_wconf 88' lang='lat' dir='ltr'>Soldarii,</span> <span class='ocrx_word' id='word_1_856' title='bbox 2090 810 2138 849; x_wconf 85' lang='lat' dir='ltr'>qni</span> <span class='ocrx_word' id='word_1_857' title='bbox 2157 811 2191 841; x_wconf 89' lang='lat' dir='ltr'>ad</span> <span class='ocrx_word' id='word_1_858' title='bbox 2223 813 2336 845; x_wconf 68' lang='lat' dir='ltr'>rosicis·</span> <span class='ocrx_word' id='word_1_859' title='bbox 2350 825 2421 850; x_wconf 82' lang='lat' dir='ltr'>H.6.</span> <span class='ocrx_word' id='word_1_860' title='bbox 2431 834 2456 851; x_wconf 90' lang='lat' dir='ltr'>m</span> <span class='ocrx_word' id='word_1_861' title='bbox 2478 809 2485 815; x_wconf 61' lang='lat'>⁸</span> 
     </span>
     <span class='ocr_line' id='line_1_117' title="bbox 1275 845 2466 898; baseline 0.004 -21"><span class='ocrx_word' id='word_1_862' title='bbox 1275 848 1399 878; x_wconf 89' lang='lat' dir='ltr'>cendum</span> <span class='ocrx_word' id='word_1_863' title='bbox 1411 870 1420 886; x_wconf 94' lang='lat'>,</span> <span class='ocrx_word' id='word_1_864' title='bbox 1439 848 1467 877; x_wconf 91' lang='lat' dir='ltr'>in</span> <span class='ocrx_word' id='word_1_865' title='bbox 1483 846 1662 886; x_wconf 85' lang='lat' dir='ltr'>Obsequium</span> <span class='ocrx_word' id='word_1_866' title='bbox 1675 846 1822 884; x_wconf 86' lang='lat' dir='ltr'>nostrum,</span> <span class='ocrx_word' id='word_1_867' title='bbox 1841 848 1870 876; x_wconf 89' lang='lat' dir='ltr'>in</span> <span class='ocrx_word' id='word_1_868' title='bbox 1885 845 2034 878; x_wconf 67' lang='lat' dir='ltr'>Comitiva</span> <span class='ocrx_word' id='word_1_869' title='bbox 2054 847 2185 879; x_wconf 75' lang='lat' dir='ltr'>mriffimi</span> <span class='ocrx_word' id='word_1_870' title='bbox 2235 854 2335 890; x_wconf 57' lang='lat' dir='ltr'>onsana</span> <span class='ocrx_word' id='word_1_871' title='bbox 2353 870 2380 898; x_wconf 64' lang='lat'>3,</span> <span class='ocrx_word' id='word_1_872' title='bbox 2402 847 2466 898; x_wconf 59' lang='lat' dir='ltr'><em>dors]</em></span> 
     </span>
     <span class='ocr_line' id='line_1_118' title="bbox 1276 885 2334 924; baseline 0.006 -9"><span class='ocrx_word' id='word_1_873' title='bbox 1276 887 1373 922; x_wconf 82' lang='lat' dir='ltr'>guinei</span> <span class='ocrx_word' id='word_1_874' title='bbox 1390 885 1480 916; x_wconf 87' lang='lat' dir='ltr'>nostri</span> <span class='ocrx_word' id='word_1_875' title='bbox 1503 885 1610 916; x_wconf 64' lang='lat' dir='ltr'>rhome</span> <span class='ocrx_word' id='word_1_876' title='bbox 1633 889 1744 916; x_wconf 83' lang='lat' dir='ltr'>Comitis</span> <span class='ocrx_word' id='word_1_877' title='bbox 1763 888 1878 923; x_wconf 78' lang='lat' dir='ltr'>Sarum,</span> <span class='ocrx_word' id='word_1_878' title='bbox 1893 886 1987 917; x_wconf 82' lang='lat' dir='ltr'>versus</span> <span class='ocrx_word' id='word_1_879' title='bbox 2009 886 2104 918; x_wconf 80' lang='lat' dir='ltr'>Partes</span> <span class='ocrx_word' id='word_1_880' title='bbox 2126 886 2254 920; x_wconf 78' lang='lat' dir='ltr'>Franciae</span> <span class='ocrx_word' id='word_1_881' title='bbox 2273 891 2334 924; x_wconf 79' lang='lat' dir='ltr'>flint</span> 
     </span>
     <span class='ocr_line' id='line_1_119' title="bbox 1276 922 2338 964; baseline 0.006 -10"><span class='ocrx_word' id='word_1_882' title='bbox 1276 923 1409 962; x_wconf 87' lang='lat' dir='ltr'>Retenti‚</span> <span class='ocrx_word' id='word_1_883' title='bbox 1428 923 1520 956; x_wconf 87' lang='lat' dir='ltr'>Parati</span> <span class='ocrx_word' id='word_1_884' title='bbox 1535 925 1603 963; x_wconf 90' lang='lat' dir='ltr'>sint,</span> <span class='ocrx_word' id='word_1_885' title='bbox 1623 924 1777 962; x_wconf 67' lang='lat' dir='ltr'>profecturi</span> <span class='ocrx_word' id='word_1_886' title='bbox 1791 932 1867 954; x_wconf 84' lang='lat' dir='ltr'>extra</span> <span class='ocrx_word' id='word_1_887' title='bbox 1890 922 2251 964; x_wconf 54' lang='lat' dir='ltr'>Civitatem-praedictam,</span> <span class='ocrx_word' id='word_1_888' title='bbox 2268 933 2338 961; x_wconf 79' lang='lat' dir='ltr'>cum</span> 
     </span>
     <span class='ocr_line' id='line_1_120' title="bbox 1275 961 2340 1006; baseline 0.006 -14"><span class='ocrx_word' id='word_1_889' title='bbox 1275 963 1379 993; x_wconf 85' lang='lat' dir='ltr'>eodem</span> <span class='ocrx_word' id='word_1_890' title='bbox 1393 962 1617 1000; x_wconf 79' lang='lat' dir='ltr'>consanguineo</span> <span class='ocrx_word' id='word_1_891' title='bbox 1632 962 1750 1000; x_wconf 83' lang='lat' dir='ltr'>nostro,</span> <span class='ocrx_word' id='word_1_892' title='bbox 1767 962 1814 993; x_wconf 93' lang='lat' dir='ltr'>die</span> <span class='ocrx_word' id='word_1_893' title='bbox 1829 961 1949 993; x_wconf 90' lang='lat' dir='ltr'>Veneris</span> <span class='ocrx_word' id='word_1_894' title='bbox 1963 965 2099 1001; x_wconf 81' lang='lat' dir='ltr'>proximo</span> <span class='ocrx_word' id='word_1_895' title='bbox 2120 965 2235 1005; x_wconf 73' lang='lat' dir='ltr'>stiturO,</span> <span class='ocrx_word' id='word_1_896' title='bbox 2255 966 2340 1006; x_wconf 86' lang='lat' dir='ltr'>usque</span> 
     </span>
     <span class='ocr_line' id='line_1_121' title="bbox 1277 999 2338 1045; baseline 0.006 -15"><span class='ocrx_word' id='word_1_897' title='bbox 1277 1000 1383 1031; x_wconf 89' lang='lat' dir='ltr'>Villam</span> <span class='ocrx_word' id='word_1_898' title='bbox 1399 1001 1527 1032; x_wconf 86' lang='lat' dir='ltr'>nostram</span> <span class='ocrx_word' id='word_1_899' title='bbox 1539 1001 1716 1040; x_wconf 85' lang='lat' dir='ltr'>Sandewici,</span> <span class='ocrx_word' id='word_1_900' title='bbox 1733 1010 1786 1038; x_wconf 91' lang='lat' dir='ltr'>pro</span> <span class='ocrx_word' id='word_1_901' title='bbox 1811 999 1993 1033; x_wconf 88' lang='lat' dir='ltr'>Liberatione</span> <span class='ocrx_word' id='word_1_902' title='bbox 2012 1002 2146 1035; x_wconf 83' lang='lat' dir='ltr'>Navium</span> <span class='ocrx_word' id='word_1_903' title='bbox 2166 1013 2221 1043; x_wconf 84' lang='lat' dir='ltr'>pro</span> <span class='ocrx_word' id='word_1_904' title='bbox 2237 1004 2338 1045; x_wconf 86' lang='lat' dir='ltr'>Eskip-</span> 
     </span>
     <span class='ocr_line' id='line_1_122' title="bbox 1277 1039 1974 1078; baseline 0 -8"><span class='ocrx_word' id='word_1_905' title='bbox 1277 1041 1392 1078; x_wconf 72' lang='lat' dir='ltr'>pacione</span> <span class='ocrx_word' id='word_1_906' title='bbox 1408 1040 1453 1071; x_wconf 74' lang='lat' dir='ltr'>sua</span> <span class='ocrx_word' id='word_1_907' title='bbox 1469 1040 1562 1070; x_wconf 85' lang='lat' dir='ltr'>versus</span> <span class='ocrx_word' id='word_1_908' title='bbox 1577 1048 1669 1078; x_wconf 88' lang='lat' dir='ltr'>partes</span> <span class='ocrx_word' id='word_1_909' title='bbox 1685 1039 1833 1078; x_wconf 67' lang='lat' dir='ltr'>praedietas</span> <span class='ocrx_word' id='word_1_910' title='bbox 1847 1039 1974 1070; x_wconf 88' lang='lat' dir='ltr'>habenda</span> 
     </span>
     <span class='ocr_line' id='line_1_123' title="bbox 1315 1062 2339 1122; baseline 0.006 -13"><span class='ocrx_word' id='word_1_911' title='bbox 1315 1077 1364 1109; x_wconf 91' lang='lat' dir='ltr'>Sic</span> <span class='ocrx_word' id='word_1_912' title='bbox 1378 1078 1458 1116; x_wconf 81' lang='lat' dir='ltr'>quod</span> <span class='ocrx_word' id='word_1_913' title='bbox 1473 1079 1540 1117; x_wconf 88' lang='lat' dir='ltr'>ipsi,</span> <span class='ocrx_word' id='word_1_914' title='bbox 1557 1079 1746 1109; x_wconf 88' lang='lat' dir='ltr'>incontinenti</span> <span class='ocrx_word' id='word_1_915' title='bbox 1761 1077 1825 1116; x_wconf 85' lang='lat' dir='ltr'>post</span> <span class='ocrx_word' id='word_1_916' title='bbox 1847 1078 1925 1108; x_wconf 87' lang='lat' dir='ltr'>diem</span> <span class='ocrx_word' id='word_1_917' title='bbox 1946 1062 2164 1111; x_wconf 63' lang='lat' dir='ltr'>Monstrationis</span> <span class='ocrx_word' id='word_1_918' title='bbox 2184 1080 2239 1112; x_wconf 85' lang='lat' dir='ltr'>suae</span> <span class='ocrx_word' id='word_1_919' title='bbox 2273 1092 2339 1122; x_wconf 78' lang='lat' dir='ltr'>quae</span> 
     </span>
     <span class='ocr_line' id='line_1_124' title="bbox 1277 1105 2341 1160; baseline 0.002 -14"><span class='ocrx_word' id='word_1_920' title='bbox 1277 1117 1347 1160; x_wconf 80' lang='lat' dir='ltr'>erit,</span> <span class='ocrx_word' id='word_1_921' title='bbox 1363 1117 1466 1156; x_wconf 89' lang='lat' dir='ltr'>absque</span> <span class='ocrx_word' id='word_1_922' title='bbox 1481 1117 1585 1155; x_wconf 90' lang='lat' dir='ltr'>dubio,</span> <span class='ocrx_word' id='word_1_923' title='bbox 1605 1117 1650 1148; x_wconf 89' lang='lat' dir='ltr'>die</span> <span class='ocrx_word' id='word_1_924' title='bbox 1666 1116 1807 1148; x_wconf 87' lang='lat' dir='ltr'>Mercurii</span> <span class='ocrx_word' id='word_1_925' title='bbox 1821 1116 1924 1147; x_wconf 88' lang='lat' dir='ltr'>ultimo</span> <span class='ocrx_word' id='word_1_926' title='bbox 1938 1116 1984 1148; x_wconf 90' lang='lat' dir='ltr'>die</span> <span class='ocrx_word' id='word_1_927' title='bbox 1997 1118 2138 1155; x_wconf 76' lang='lat' dir='ltr'>praesentis</span> <span class='ocrx_word' id='word_1_928' title='bbox 2160 1105 2269 1151; x_wconf 81' lang='lat' dir='ltr'>Mensis</span> <span class='ocrx_word' id='word_1_929' title='bbox 2285 1121 2341 1160; x_wconf 74' lang='lat' dir='ltr'>Ju-</span> 
     </span>
     <span class='ocr_line' id='line_1_125' title="bbox 1279 1155 2339 1200; baseline 0.008 -16"><span class='ocrx_word' id='word_1_930' title='bbox 1279 1156 1481 1198; x_wconf 42' lang='lat' dir='ltr'>nii,-pr0mpti</span> <span class='ocrx_word' id='word_1_931' title='bbox 1502 1156 1553 1186; x_wconf 87' lang='lat' dir='ltr'>sint</span> <span class='ocrx_word' id='word_1_932' title='bbox 1574 1158 1608 1187; x_wconf 89' lang='lat'>&amp;</span> <span class='ocrx_word' id='word_1_933' title='bbox 1631 1157 1717 1194; x_wconf 86' lang='lat' dir='ltr'>parati</span> <span class='ocrx_word' id='word_1_934' title='bbox 1736 1155 1828 1186; x_wconf 85' lang='lat' dir='ltr'>versus</span> <span class='ocrx_word' id='word_1_935' title='bbox 1853 1164 1941 1193; x_wconf 85' lang='lat' dir='ltr'>partes</span> <span class='ocrx_word' id='word_1_936' title='bbox 1966 1156 2129 1197; x_wconf 63' lang='lat' dir='ltr'>praedictas,</span> <span class='ocrx_word' id='word_1_937' title='bbox 2149 1157 2220 1190; x_wconf 80' lang='lat' dir='ltr'>Deo</span> <span class='ocrx_word' id='word_1_938' title='bbox 2234 1157 2339 1200; x_wconf 85' lang='lat' dir='ltr'>Duce,</span> 
     </span>
     <span class='ocr_line' id='line_1_126' title="bbox 1279 1194 1911 1232; baseline 0 -9"><span class='ocrx_word' id='word_1_939' title='bbox 1279 1194 1455 1232; x_wconf 47' lang='lat' dir='ltr'>promeruit,</span> <span class='ocrx_word' id='word_1_940' title='bbox 1471 1194 1510 1226; x_wconf 87' lang='lat' dir='ltr'>Et</span> <span class='ocrx_word' id='word_1_941' title='bbox 1525 1195 1583 1226; x_wconf 88' lang='lat' dir='ltr'>hoc</span> <span class='ocrx_word' id='word_1_942' title='bbox 1597 1195 1750 1225; x_wconf 87' lang='lat' dir='ltr'>nullatenus</span> <span class='ocrx_word' id='word_1_943' title='bbox 1766 1195 1911 1225; x_wconf 88' lang='lat' dir='ltr'>omittatis.</span> 
     </span>
     <span class='ocr_line' id='line_1_127' title="bbox 1315 1231 2097 1273; baseline 0.004 -11"><span class='ocrx_word' id='word_1_944' title='bbox 1315 1232 1405 1263; x_wconf 86' lang='lat' dir='ltr'>Teste</span> <span class='ocrx_word' id='word_1_945' title='bbox 1420 1232 1501 1272; x_wconf 84' lang='lat' dir='ltr'>Rege</span> <span class='ocrx_word' id='word_1_946' title='bbox 1513 1233 1588 1272; x_wconf 89' lang='lat' dir='ltr'>apud</span> <span class='ocrx_word' id='word_1_947' title='bbox 1602 1231 1860 1272; x_wconf 56' lang='lat' dir='ltr'>westmonasterium</span> <span class='ocrx_word' id='word_1_948' title='bbox 1869 1255 1878 1271; x_wconf 90' lang='lat'>,</span> <span class='ocrx_word' id='word_1_949' title='bbox 1896 1233 1942 1263; x_wconf 85' lang='lat' dir='ltr'>xxi</span> <span class='ocrx_word' id='word_1_950' title='bbox 1954 1231 2000 1264; x_wconf 88' lang='lat' dir='ltr'>die</span> <span class='ocrx_word' id='word_1_951' title='bbox 2010 1232 2097 1273; x_wconf 76' lang='lat' dir='ltr'>Junii-</span> 
     </span>
    </p>
   </div>
   <div class='ocr_carea' id='block_1_17' title="bbox 2353 627 2487 664">
    <p class='ocr_par' dir='ltr' id='par_1_33' title="bbox 2353 627 2487 664">
     <span class='ocr_line' id='line_1_128' title="bbox 2353 627 2487 664; baseline 0.03 -5"><span class='ocrx_word' id='word_1_952' title='bbox 2353 627 2429 661; x_wconf 86' lang='lat' dir='ltr'>Ann.</span> <span class='ocrx_word' id='word_1_953' title='bbox 2445 631 2487 664; x_wconf 94' lang='lat' dir='ltr'>D.</span> 
     </span>
    </p>
   </div>
   <div class='ocr_carea' id='block_1_18' title="bbox 1406 1357 2450 1408">
    <p class='ocr_par' dir='ltr' id='par_1_34' title="bbox 1406 1357 2450 1408">
     <span class='ocr_line' id='line_1_129' title="bbox 1406 1357 2450 1408; baseline 0.005 -18"><span class='ocrx_word' id='word_1_954' title='bbox 1406 1357 1432 1383; x_wconf 49' lang='grc' dir='ltr'>’ἓ</span> <span class='ocrx_word' id='word_1_955' title='bbox 1459 1361 1519 1391; x_wconf 87' lang='lat' dir='ltr'>Pro</span> <span class='ocrx_word' id='word_1_956' title='bbox 1538 1360 1651 1391; x_wconf 81' lang='lat' dir='ltr'>Comite</span> <span class='ocrx_word' id='word_1_957' title='bbox 1669 1361 1803 1401; x_wconf 76' lang='lat' dir='ltr'>Sarum,</span> <span class='ocrx_word' id='word_1_958' title='bbox 1827 1357 1864 1391; x_wconf 79' lang='lat' dir='ltr'>de</span> <span class='ocrx_word' id='word_1_959' title='bbox 1882 1357 2030 1402; x_wconf 77' lang='lat' dir='ltr'>Monstris</span> <span class='ocrx_word' id='word_1_960' title='bbox 2045 1360 2203 1408; x_wconf 84' lang='lat' dir='ltr'>capiendis.</span> <span class='ocrx_word' id='word_1_961' title='bbox 2372 1375 2391 1395; x_wconf 60' lang='lat' dir='ltr'><em>z</em></span> <span class='ocrx_word' id='word_1_962' title='bbox 2411 1377 2450 1405; x_wconf 55' lang='lat' dir='ltr'>X·</span> 
     </span>
    </p>
   </div>
   <div class='ocr_carea' id='block_1_19' title="bbox 2350 1423 2417 1449">
    <p class='ocr_par' dir='ltr' id='par_1_35' title="bbox 2350 1423 2417 1449">
     <span class='ocr_line' id='line_1_130' title="bbox 2350 1423 2417 1449; baseline 0.045 -9"><span class='ocrx_word' id='word_1_963' title='bbox 2350 1423 2417 1449; x_wconf 87' lang='lat'>402.</span> 
     </span>
    </p>
   </div>
   <div class='ocr_carea' id='block_1_20' title="bbox 1273 1441 2485 1500">
    <p class='ocr_par' dir='ltr' id='par_1_36' title="bbox 1273 1441 2485 1500">
     <span class='ocr_line' id='line_1_131' title="bbox 1273 1441 2485 1500; baseline 0.006 -28"><span class='ocrx_word' id='word_1_964' title='bbox 1273 1441 1406 1500; x_wconf 80' lang='lat' dir='ltr'>REX,</span> <span class='ocrx_word' id='word_1_965' title='bbox 1423 1443 1530 1474; x_wconf 74' lang='lat' dir='ltr'>dilectis</span> <span class='ocrx_word' id='word_1_966' title='bbox 1544 1443 1578 1474; x_wconf 91' lang='lat'>&amp;</span> <span class='ocrx_word' id='word_1_967' title='bbox 1592 1442 1719 1474; x_wconf 86' lang='lat' dir='ltr'>fidelibus</span> <span class='ocrx_word' id='word_1_968' title='bbox 1734 1443 1802 1482; x_wconf 85' lang='lat' dir='ltr'>suis,</span> <span class='ocrx_word' id='word_1_969' title='bbox 1819 1442 1927 1474; x_wconf 63' lang='lat' dir='ltr'>Thomae</span> <span class='ocrx_word' id='word_1_970' title='bbox 1947 1443 2047 1484; x_wconf 82' lang='lat' dir='ltr'>Kyrell</span> <span class='ocrx_word' id='word_1_971' title='bbox 2064 1444 2154 1476; x_wconf 89' lang='lat' dir='ltr'>Militi</span> <span class='ocrx_word' id='word_1_972' title='bbox 2176 1445 2210 1477; x_wconf 88' lang='lat'>&amp;</span> <span class='ocrx_word' id='word_1_973' title='bbox 2228 1446 2334 1478; x_wconf 63' lang='lat' dir='ltr'>Thomae</span> <span class='ocrx_word' id='word_1_974' title='bbox 2350 1452 2427 1482; x_wconf 87' lang='lat' dir='ltr'>Ann.</span> <span class='ocrx_word' id='word_1_975' title='bbox 2443 1452 2485 1486; x_wconf 77' lang='lat' dir='ltr'>D,</span> 
     </span>
    </p>
   </div>
   <div class='ocr_carea' id='block_1_21' title="bbox 1310 1481 2460 1602">
    <p class='ocr_par' dir='ltr' id='par_1_37' title="bbox 1310 1481 2460 1602">
     <span class='ocr_line' id='line_1_132' title="bbox 1346 1481 2460 1529; baseline 0.01 -18"><span class='ocrx_word' id='word_1_976' title='bbox 1346 1481 1493 1529; x_wconf 53' lang='lat' dir='ltr'>stqkdalq,</span> <span class='ocrx_word' id='word_1_977' title='bbox 1513 1482 1646 1513; x_wconf 80' lang='lat' dir='ltr'>Salutem.</span> <span class='ocrx_word' id='word_1_978' title='bbox 2371 1491 2460 1529; x_wconf 78' lang='lat'>1428.</span> 
     </span>
     <span class='ocr_line' id='line_1_133' title="bbox 1310 1519 2453 1560; baseline 0.008 -11"><span class='ocrx_word' id='word_1_979' title='bbox 1310 1519 1408 1550; x_wconf 90' lang='lat' dir='ltr'>Sciatis</span> <span class='ocrx_word' id='word_1_980' title='bbox 1424 1520 1504 1558; x_wconf 86' lang='lat' dir='ltr'>quod</span> <span class='ocrx_word' id='word_1_981' title='bbox 1518 1521 1603 1559; x_wconf 90' lang='lat' dir='ltr'>Nos,</span> <span class='ocrx_word' id='word_1_982' title='bbox 2350 1533 2403 1558; x_wconf 74' lang='lat' dir='ltr'>An.</span> <span class='ocrx_word' id='word_1_983' title='bbox 2423 1533 2453 1560; x_wconf 83' lang='grc'>6.</span> 
     </span>
     <span class='ocr_line' id='line_1_134' title="bbox 1310 1557 2432 1602; baseline 0.008 -14"><span class='ocrx_word' id='word_1_984' title='bbox 1310 1557 1359 1589; x_wconf 93' lang='lat' dir='ltr'>De</span> <span class='ocrx_word' id='word_1_985' title='bbox 1374 1558 1397 1589; x_wconf 89' lang='lat' dir='ltr'>F</span> <span class='ocrx_word' id='word_1_986' title='bbox 1398 1558 1519 1590; x_wconf 89' lang='lat' dir='ltr'>idelitate</span> <span class='ocrx_word' id='word_1_987' title='bbox 1531 1559 1565 1590; x_wconf 71' lang='grc' dir='ltr'>δε</span> <span class='ocrx_word' id='word_1_988' title='bbox 1578 1559 1833 1597; x_wconf 72' lang='lat' dir='ltr'>circumspeffione·</span> <span class='ocrx_word' id='word_1_989' title='bbox 1843 1559 1942 1590; x_wconf 84' lang='lat' dir='ltr'>vestris</span> <span class='ocrx_word' id='word_1_990' title='bbox 1954 1560 2064 1600; x_wconf 73' lang='lat' dir='ltr'>plenius</span> <span class='ocrx_word' id='word_1_991' title='bbox 2079 1560 2254 1594; x_wconf 68' lang='lat' dir='ltr'>confidentes</span> <span class='ocrx_word' id='word_1_992' title='bbox 2263 1586 2274 1602; x_wconf 91' lang='lat'>,</span> <span class='ocrx_word' id='word_1_993' title='bbox 2348 1572 2385 1597; x_wconf 81' lang='lat' dir='ltr'>H.</span> <span class='ocrx_word' id='word_1_994' title='bbox 2401 1568 2432 1599; x_wconf 82' lang='lat'>6.</span> 
     </span>
    </p>
   </div>
   <div class='ocr_carea' id='block_1_22' title="bbox 1269 1596 2482 2450">
    <p class='ocr_par' dir='ltr' id='par_1_38' title="bbox 1270 1596 2482 1867">
     <span class='ocr_line' id='line_1_135' title="bbox 1310 1596 2445 1637; baseline 0.007 -10"><span class='ocrx_word' id='word_1_995' title='bbox 1310 1596 1520 1634; x_wconf 84' lang='lat' dir='ltr'>Affignavimus</span> <span class='ocrx_word' id='word_1_996' title='bbox 1535 1597 1614 1637; x_wconf 86' lang='lat' dir='ltr'>Vos,</span> <span class='ocrx_word' id='word_1_997' title='bbox 1634 1599 1832 1636; x_wconf 64' lang='lat' dir='ltr'>conjunctim,</span> <span class='ocrx_word' id='word_1_998' title='bbox 1849 1599 1883 1629; x_wconf 91' lang='lat'>&amp;</span> <span class='ocrx_word' id='word_1_999' title='bbox 1894 1599 2022 1637; x_wconf 83' lang='lat' dir='ltr'>divilitn,</span> <span class='ocrx_word' id='word_1_1000' title='bbox 2038 1599 2072 1630; x_wconf 87' lang='lat' dir='ltr'>ad</span> <span class='ocrx_word' id='word_1_1001' title='bbox 2087 1598 2256 1633; x_wconf 86' lang='lat' dir='ltr'>Monstrum</span> <span class='ocrx_word' id='word_1_1002' title='bbox 2275 1600 2333 1634; x_wconf 88' lang='lat' dir='ltr'>five</span> <span class='ocrx_word' id='word_1_1003' title='bbox 2349 1609 2445 1636; x_wconf 82' lang='lat' dir='ltr'>Pat.6.</span> 
     </span>
     <span class='ocr_line' id='line_1_136' title="bbox 1272 1633 2482 1683; baseline 0.008 -19"><span class='ocrx_word' id='word_1_1004' title='bbox 1272 1633 1518 1667; x_wconf 87' lang='lat' dir='ltr'>Monstrationem</span> <span class='ocrx_word' id='word_1_1005' title='bbox 1533 1659 1543 1674; x_wconf 90' lang='lat'>,</span> <span class='ocrx_word' id='word_1_1006' title='bbox 1569 1635 1712 1667; x_wconf 83' lang='lat' dir='ltr'>Cariffimi</span> <span class='ocrx_word' id='word_1_1007' title='bbox 1730 1635 1941 1676; x_wconf 51' lang='lat' dir='ltr'>Confringuinei</span> <span class='ocrx_word' id='word_1_1008' title='bbox 1962 1639 2070 1675; x_wconf 83' lang='lat' dir='ltr'>nostri,</span> <span class='ocrx_word' id='word_1_1009' title='bbox 2089 1638 2202 1675; x_wconf 53' lang='lat' dir='ltr'>{Thomae</span> <span class='ocrx_word' id='word_1_1010' title='bbox 2224 1644 2334 1672; x_wconf 73' lang='lat' dir='ltr'>comitis</span> <span class='ocrx_word' id='word_1_1011' title='bbox 2351 1647 2482 1683; x_wconf 80' lang='lat' dir='ltr'>H.6.p.1.</span> 
     </span>
     <span class='ocr_line' id='line_1_137' title="bbox 1270 1673 2445 1720; baseline 0.009 -18"><span class='ocrx_word' id='word_1_1012' title='bbox 1270 1676 1384 1712; x_wconf 84' lang='lat' dir='ltr'>Sarum,</span> <span class='ocrx_word' id='word_1_1013' title='bbox 1401 1684 1435 1705; x_wconf 84' lang='lat' dir='ltr'>ac</span> <span class='ocrx_word' id='word_1_1014' title='bbox 1455 1673 1623 1705; x_wconf 89' lang='lat' dir='ltr'>Hominum</span> <span class='ocrx_word' id='word_1_1015' title='bbox 1643 1674 1678 1704; x_wconf 91' lang='lat' dir='ltr'>ad</span> <span class='ocrx_word' id='word_1_1016' title='bbox 1696 1674 1806 1711; x_wconf 86' lang='lat' dir='ltr'>Arma,</span> <span class='ocrx_word' id='word_1_1017' title='bbox 1825 1675 2010 1706; x_wconf 82' lang='lat' dir='ltr'>Armatorum</span> <span class='ocrx_word' id='word_1_1018' title='bbox 2025 1698 2036 1714; x_wconf 90' lang='lat'>‚</span> <span class='ocrx_word' id='word_1_1019' title='bbox 2050 1676 2280 1718; x_wconf 75' lang='lat' dir='ltr'>Sagittariorum,</span> <span class='ocrx_word' id='word_1_1020' title='bbox 2297 1681 2332 1712; x_wconf 69' lang='grc' dir='ltr'>ὃς</span> <span class='ocrx_word' id='word_1_1021' title='bbox 2351 1693 2387 1711; x_wconf 89' lang='lat' dir='ltr'>m.</span> <span class='ocrx_word' id='word_1_1022' title='bbox 2398 1693 2445 1720; x_wconf 88' lang='lat'>25·</span> 
     </span>
     <span class='ocr_line' id='line_1_138' title="bbox 1270 1711 2411 1758; baseline 0.008 -17"><span class='ocrx_word' id='word_1_1023' title='bbox 1270 1711 1392 1742; x_wconf 86' lang='lat' dir='ltr'>aliorum</span> <span class='ocrx_word' id='word_1_1024' title='bbox 1408 1713 1444 1743; x_wconf 92' lang='lat' dir='ltr'>de</span> <span class='ocrx_word' id='word_1_1025' title='bbox 1458 1711 1622 1744; x_wconf 87' lang='lat' dir='ltr'>Retinentia</span> <span class='ocrx_word' id='word_1_1026' title='bbox 1637 1713 1696 1750; x_wconf 82' lang='lat' dir='ltr'>sua,</span> <span class='ocrx_word' id='word_1_1027' title='bbox 1714 1713 1763 1751; x_wconf 90' lang='lat' dir='ltr'>qui</span> <span class='ocrx_word' id='word_1_1028' title='bbox 1778 1713 1806 1742; x_wconf 80' lang='lat' dir='ltr'>iti</span> <span class='ocrx_word' id='word_1_1029' title='bbox 1823 1711 2004 1750; x_wconf 85' lang='lat' dir='ltr'>Obsequium</span> <span class='ocrx_word' id='word_1_1030' title='bbox 2019 1713 2170 1755; x_wconf 83' lang='lat' dir='ltr'>nostrum,</span> <span class='ocrx_word' id='word_1_1031' title='bbox 2190 1717 2221 1747; x_wconf 88' lang='lat' dir='ltr'>in</span> <span class='ocrx_word' id='word_1_1032' title='bbox 2228 1717 2333 1749; x_wconf 90' lang='lat' dir='ltr'>Comi·</span> <span class='ocrx_word' id='word_1_1033' title='bbox 2348 1722 2411 1758; x_wconf 76' lang='lat' dir='ltr'>dors.</span> 
     </span>
     <span class='ocr_line' id='line_1_139' title="bbox 1272 1750 2333 1795; baseline 0.006 -14"><span class='ocrx_word' id='word_1_1034' title='bbox 1272 1751 1328 1781; x_wconf 91' lang='lat' dir='ltr'>tiva</span> <span class='ocrx_word' id='word_1_1035' title='bbox 1342 1751 1466 1789; x_wconf 84' lang='lat' dir='ltr'>ejusdem</span> <span class='ocrx_word' id='word_1_1036' title='bbox 1481 1750 1622 1789; x_wconf 87' lang='lat' dir='ltr'>Comitis,</span> <span class='ocrx_word' id='word_1_1037' title='bbox 1640 1750 1729 1782; x_wconf 88' lang='lat' dir='ltr'>versus</span> <span class='ocrx_word' id='word_1_1038' title='bbox 1743 1759 1833 1788; x_wconf 88' lang='lat' dir='ltr'>partes</span> <span class='ocrx_word' id='word_1_1039' title='bbox 1847 1750 1871 1780; x_wconf 83' lang='lat' dir='ltr'><strong>F</strong></span> <span class='ocrx_word' id='word_1_1040' title='bbox 1871 1752 1974 1781; x_wconf 78' lang='lat' dir='ltr'>ranciae</span> <span class='ocrx_word' id='word_1_1041' title='bbox 1987 1752 2145 1790; x_wconf 64' lang='lat' dir='ltr'>profeauri</span> <span class='ocrx_word' id='word_1_1042' title='bbox 2165 1754 2243 1793; x_wconf 88' lang='lat' dir='ltr'>sunt,</span> <span class='ocrx_word' id='word_1_1043' title='bbox 2259 1756 2333 1795; x_wconf 88' lang='lat' dir='ltr'>apud</span> 
     </span>
     <span class='ocr_line' id='line_1_140' title="bbox 1273 1787 2332 1830; baseline 0.006 -12"><span class='ocrx_word' id='word_1_1044' title='bbox 1273 1787 1391 1820; x_wconf 84' lang='lat' dir='ltr'>Barbam</span> <span class='ocrx_word' id='word_1_1045' title='bbox 1407 1789 1532 1828; x_wconf 91' lang='lat' dir='ltr'>Doune,</span> <span class='ocrx_word' id='word_1_1046' title='bbox 1550 1791 1653 1821; x_wconf 89' lang='lat' dir='ltr'>ultimo</span> <span class='ocrx_word' id='word_1_1047' title='bbox 1667 1789 1714 1820; x_wconf 89' lang='lat' dir='ltr'>die</span> <span class='ocrx_word' id='word_1_1048' title='bbox 1725 1789 1803 1828; x_wconf 87' lang='lat' dir='ltr'>Junii</span> <span class='ocrx_word' id='word_1_1049' title='bbox 1816 1789 1950 1827; x_wconf 79' lang='lat' dir='ltr'>&#39;proximo</span> <span class='ocrx_word' id='word_1_1050' title='bbox 1964 1790 2078 1829; x_wconf 85' lang='lat' dir='ltr'>futuro,</span> <span class='ocrx_word' id='word_1_1051' title='bbox 2095 1790 2275 1830; x_wconf 77' lang='lat' dir='ltr'>Capiendum</span> <span class='ocrx_word' id='word_1_1052' title='bbox 2296 1796 2332 1827; x_wconf 64' lang='grc' dir='ltr'>ὅ(</span> 
     </span>
     <span class='ocr_line' id='line_1_141' title="bbox 1272 1827 1540 1867; baseline 0.004 -9"><span class='ocrx_word' id='word_1_1053' title='bbox 1272 1827 1521 1864; x_wconf 88' lang='lat' dir='ltr'>Supervidendum</span> <span class='ocrx_word' id='word_1_1054' title='bbox 1530 1851 1540 1867; x_wconf 89' lang='lat'>,</span> 
     </span>
    </p>

    <p class='ocr_par' dir='ltr' id='par_1_39' title="bbox 1269 1865 2335 2098">
     <span class='ocr_line' id='line_1_142' title="bbox 1309 1865 2335 1908; baseline 0.004 -11"><span class='ocrx_word' id='word_1_1055' title='bbox 1309 1865 1347 1898; x_wconf 91' lang='lat' dir='ltr'>Et</span> <span class='ocrx_word' id='word_1_1056' title='bbox 1366 1866 1400 1897; x_wconf 91' lang='lat' dir='ltr'>ad</span> <span class='ocrx_word' id='word_1_1057' title='bbox 1424 1867 1492 1898; x_wconf 92' lang='lat' dir='ltr'>Nos</span> <span class='ocrx_word' id='word_1_1058' title='bbox 1513 1869 1547 1899; x_wconf 92' lang='lat'>&amp;</span> <span class='ocrx_word' id='word_1_1059' title='bbox 1561 1866 1732 1898; x_wconf 88' lang='lat' dir='ltr'>Concilium</span> <span class='ocrx_word' id='word_1_1060' title='bbox 1746 1865 1878 1896; x_wconf 84' lang='lat' dir='ltr'>nostrum</span> <span class='ocrx_word' id='word_1_1061' title='bbox 1893 1866 1929 1897; x_wconf 88' lang='lat' dir='ltr'>de</span> <span class='ocrx_word' id='word_1_1062' title='bbox 1945 1867 2056 1906; x_wconf 91' lang='lat' dir='ltr'>modo,</span> <span class='ocrx_word' id='word_1_1063' title='bbox 2074 1866 2187 1908; x_wconf 70' lang='lat' dir='ltr'>forma,</span> <span class='ocrx_word' id='word_1_1064' title='bbox 2205 1869 2239 1900; x_wconf 89' lang='lat'>&amp;</span> <span class='ocrx_word' id='word_1_1065' title='bbox 2256 1869 2335 1901; x_wconf 87' lang='lat' dir='ltr'>suffi-</span> 
     </span>
     <span class='ocr_line' id='line_1_143' title="bbox 1269 1904 2335 1947; baseline 0.004 -12"><span class='ocrx_word' id='word_1_1066' title='bbox 1269 1904 1372 1936; x_wconf 67' lang='lat' dir='ltr'>cientia</span> <span class='ocrx_word' id='word_1_1067' title='bbox 1388 1906 1569 1937; x_wconf 86' lang='lat' dir='ltr'>Arraiationis</span> <span class='ocrx_word' id='word_1_1068' title='bbox 1580 1904 1749 1936; x_wconf 85' lang='lat' dir='ltr'>eorumdem</span> <span class='ocrx_word' id='word_1_1069' title='bbox 1763 1904 1927 1936; x_wconf 84' lang='lat' dir='ltr'>Hominum</span> <span class='ocrx_word' id='word_1_1070' title='bbox 1951 1906 1985 1936; x_wconf 88' lang='lat' dir='ltr'>ad</span> <span class='ocrx_word' id='word_1_1071' title='bbox 2005 1906 2112 1945; x_wconf 88' lang='lat' dir='ltr'>Arma,</span> <span class='ocrx_word' id='word_1_1072' title='bbox 2130 1906 2335 1947; x_wconf 69' lang='lat' dir='ltr'>Armatorum,</span> 
     </span>
     <span class='ocr_line' id='line_1_144' title="bbox 1271 1943 2335 1984; baseline 0.004 -10"><span class='ocrx_word' id='word_1_1073' title='bbox 1271 1943 1506 1983; x_wconf 84' lang='lat' dir='ltr'>Sagittariorum,</span> <span class='ocrx_word' id='word_1_1074' title='bbox 1525 1945 1559 1976; x_wconf 91' lang='lat'>&amp;</span> <span class='ocrx_word' id='word_1_1075' title='bbox 1573 1945 1707 1982; x_wconf 87' lang='lat' dir='ltr'>aliorum,</span> <span class='ocrx_word' id='word_1_1076' title='bbox 1727 1945 1786 1974; x_wconf 78' lang='lat' dir='ltr'>tam</span> <span class='ocrx_word' id='word_1_1077' title='bbox 1801 1944 1829 1973; x_wconf 83' lang='lat' dir='ltr'>in</span> <span class='ocrx_word' id='word_1_1078' title='bbox 1845 1944 2009 1984; x_wconf 88' lang='lat' dir='ltr'>Armatura,</span> <span class='ocrx_word' id='word_1_1079' title='bbox 2027 1945 2114 1983; x_wconf 74' lang='lat' dir='ltr'>quam</span> <span class='ocrx_word' id='word_1_1080' title='bbox 2134 1946 2165 1976; x_wconf 89' lang='lat' dir='ltr'>in</span> <span class='ocrx_word' id='word_1_1081' title='bbox 2184 1945 2335 1984; x_wconf 83' lang='lat' dir='ltr'>Equitatu-</span> 
     </span>
     <span class='ocr_line' id='line_1_145' title="bbox 1270 1980 2330 2021; baseline 0.005 -9"><span class='ocrx_word' id='word_1_1082' title='bbox 1270 1992 1317 2019; x_wconf 87' lang='lat' dir='ltr'>ra,</span> <span class='ocrx_word' id='word_1_1083' title='bbox 1331 1983 1410 2021; x_wconf 85' lang='lat' dir='ltr'>juxta</span> <span class='ocrx_word' id='word_1_1084' title='bbox 1426 1993 1528 2014; x_wconf 86' lang='lat' dir='ltr'>eorum</span> <span class='ocrx_word' id='word_1_1085' title='bbox 1544 1982 1630 2014; x_wconf 74' lang='lat' dir='ltr'>status</span> <span class='ocrx_word' id='word_1_1086' title='bbox 1643 1983 1700 2013; x_wconf 85' lang='lat' dir='ltr'>sive</span> <span class='ocrx_word' id='word_1_1087' title='bbox 1711 1980 1814 2021; x_wconf 65' lang='lat' dir='ltr'>gradus</span> <span class='ocrx_word' id='word_1_1088' title='bbox 1831 1983 2021 2021; x_wconf 83' lang='lat' dir='ltr'>exigentiam,</span> <span class='ocrx_word' id='word_1_1089' title='bbox 2039 1993 2072 2014; x_wconf 87' lang='lat' dir='ltr'>ac</span> <span class='ocrx_word' id='word_1_1090' title='bbox 2093 1983 2130 2014; x_wconf 89' lang='lat' dir='ltr'>de</span> <span class='ocrx_word' id='word_1_1091' title='bbox 2153 1992 2216 2015; x_wconf 89' lang='lat' dir='ltr'>toto</span> <span class='ocrx_word' id='word_1_1092' title='bbox 2238 1984 2330 2017; x_wconf 53' lang='lat' dir='ltr'>Faeko</span> 
     </span>
     <span class='ocr_line' id='line_1_146' title="bbox 1271 2019 2332 2062; baseline 0.005 -12"><span class='ocrx_word' id='word_1_1093' title='bbox 1271 2020 1366 2052; x_wconf 89' lang='lat' dir='ltr'>vestro</span> <span class='ocrx_word' id='word_1_1094' title='bbox 1379 2023 1407 2051; x_wconf 90' lang='lat' dir='ltr'>in</span> <span class='ocrx_word' id='word_1_1095' title='bbox 1424 2022 1476 2052; x_wconf 85' lang='lat' dir='ltr'>hac</span> <span class='ocrx_word' id='word_1_1096' title='bbox 1491 2030 1584 2061; x_wconf 83' lang='lat' dir='ltr'>parte,</span> <span class='ocrx_word' id='word_1_1097' title='bbox 1601 2021 1651 2052; x_wconf 87' lang='lat' dir='ltr'>sub</span> <span class='ocrx_word' id='word_1_1098' title='bbox 1667 2020 1767 2060; x_wconf 82' lang='lat' dir='ltr'>Sigillis</span> <span class='ocrx_word' id='word_1_1099' title='bbox 1787 2019 1902 2060; x_wconf 82' lang='lat' dir='ltr'>vestris,</span> <span class='ocrx_word' id='word_1_1100' title='bbox 1920 2021 1966 2053; x_wconf 91' lang='lat' dir='ltr'>vel</span> <span class='ocrx_word' id='word_1_1101' title='bbox 1990 2022 2098 2054; x_wconf 87' lang='lat' dir='ltr'>alterius</span> <span class='ocrx_word' id='word_1_1102' title='bbox 2121 2021 2270 2062; x_wconf 69' lang='lat' dir='ltr'>vestrum,</span> <span class='ocrx_word' id='word_1_1103' title='bbox 2287 2023 2332 2055; x_wconf 66' lang='lat' dir='ltr'>dih</span> 
     </span>
     <span class='ocr_line' id='line_1_147' title="bbox 1273 2058 1778 2098; baseline 0.004 -10"><span class='ocrx_word' id='word_1_1104' title='bbox 1273 2058 1376 2090; x_wconf 70' lang='lat' dir='ltr'>stiiiete</span> <span class='ocrx_word' id='word_1_1105' title='bbox 1390 2061 1423 2091; x_wconf 90' lang='lat'>&amp;</span> <span class='ocrx_word' id='word_1_1106' title='bbox 1439 2063 1533 2098; x_wconf 74' lang='lat' dir='ltr'>aperte</span> <span class='ocrx_word' id='word_1_1107' title='bbox 1545 2060 1778 2097; x_wconf 71' lang='lat' dir='ltr'>certificandum,</span> 
     </span>
    </p>

    <p class='ocr_par' dir='ltr' id='par_1_40' title="bbox 1271 2096 2332 2176">
     <span class='ocr_line' id='line_1_148' title="bbox 1310 2096 2332 2139; baseline 0.004 -11"><span class='ocrx_word' id='word_1_1108' title='bbox 1310 2098 1348 2129; x_wconf 94' lang='lat' dir='ltr'>Et</span> <span class='ocrx_word' id='word_1_1109' title='bbox 1362 2097 1428 2129; x_wconf 84' lang='lat' dir='ltr'>ideo</span> <span class='ocrx_word' id='word_1_1110' title='bbox 1441 2099 1532 2130; x_wconf 89' lang='lat' dir='ltr'>Vobis</span> <span class='ocrx_word' id='word_1_1111' title='bbox 1546 2098 1718 2130; x_wconf 84' lang='lat' dir='ltr'>Mandamus</span> <span class='ocrx_word' id='word_1_1112' title='bbox 1731 2096 1811 2137; x_wconf 78' lang='lat' dir='ltr'>quod</span> <span class='ocrx_word' id='word_1_1113' title='bbox 1825 2097 1898 2128; x_wconf 90' lang='lat' dir='ltr'>circa</span> <span class='ocrx_word' id='word_1_1114' title='bbox 1914 2097 2056 2129; x_wconf 82' lang='lat' dir='ltr'>Praemiffa</span> <span class='ocrx_word' id='word_1_1115' title='bbox 2072 2097 2217 2139; x_wconf 88' lang='lat' dir='ltr'>diligenter</span> <span class='ocrx_word' id='word_1_1116' title='bbox 2238 2101 2332 2132; x_wconf 87' lang='lat' dir='ltr'>inten-</span> 
     </span>
     <span class='ocr_line' id='line_1_149' title="bbox 1271 2135 2122 2176; baseline 0.001 -9"><span class='ocrx_word' id='word_1_1117' title='bbox 1271 2135 1359 2174; x_wconf 86' lang='lat' dir='ltr'>datis,</span> <span class='ocrx_word' id='word_1_1118' title='bbox 1376 2146 1410 2168; x_wconf 88' lang='lat' dir='ltr'>ac</span> <span class='ocrx_word' id='word_1_1119' title='bbox 1426 2148 1458 2168; x_wconf 87' lang='lat' dir='ltr'>ea</span> <span class='ocrx_word' id='word_1_1120' title='bbox 1472 2137 1575 2169; x_wconf 88' lang='lat' dir='ltr'>faciatis</span> <span class='ocrx_word' id='word_1_1121' title='bbox 1588 2138 1621 2169; x_wconf 74' lang='grc' dir='ltr'>ὃ(</span> <span class='ocrx_word' id='word_1_1122' title='bbox 1635 2137 1812 2176; x_wconf 75' lang='lat' dir='ltr'>exequamini</span> <span class='ocrx_word' id='word_1_1123' title='bbox 1825 2137 1854 2166; x_wconf 93' lang='lat' dir='ltr'>in</span> <span class='ocrx_word' id='word_1_1124' title='bbox 1871 2136 1962 2167; x_wconf 90' lang='lat' dir='ltr'>forma</span> <span class='ocrx_word' id='word_1_1125' title='bbox 1972 2137 2122 2175; x_wconf 60' lang='lat' dir='ltr'>praedicta:</span> 
     </span>
    </p>

    <p class='ocr_par' dir='ltr' id='par_1_41' title="bbox 1270 2174 2335 2361">
     <span class='ocr_line' id='line_1_150' title="bbox 1306 2174 2334 2216; baseline 0.003 -11"><span class='ocrx_word' id='word_1_1126' title='bbox 1306 2174 1417 2206; x_wconf 88' lang='lat' dir='ltr'>Damus</span> <span class='ocrx_word' id='word_1_1127' title='bbox 1437 2186 1533 2208; x_wconf 90' lang='lat' dir='ltr'>autem</span> <span class='ocrx_word' id='word_1_1128' title='bbox 1554 2176 1676 2216; x_wconf 73' lang='lat' dir='ltr'>praefatis</span> <span class='ocrx_word' id='word_1_1129' title='bbox 1696 2175 1826 2211; x_wconf 82' lang='lat' dir='ltr'>Comiti‚</span> <span class='ocrx_word' id='word_1_1130' title='bbox 1844 2175 2024 2206; x_wconf 89' lang='lat' dir='ltr'>Hominibus</span> <span class='ocrx_word' id='word_1_1131' title='bbox 2042 2176 2078 2207; x_wconf 83' lang='lat' dir='ltr'>ad</span> <span class='ocrx_word' id='word_1_1132' title='bbox 2100 2176 2187 2207; x_wconf 88' lang='lat' dir='ltr'>Arma</span> <span class='ocrx_word' id='word_1_1133' title='bbox 2199 2199 2210 2215; x_wconf 90' lang='lat'>,</span> <span class='ocrx_word' id='word_1_1134' title='bbox 2229 2176 2334 2209; x_wconf 85' lang='lat' dir='ltr'>Atma-</span> 
     </span>
     <span class='ocr_line' id='line_1_151' title="bbox 1271 2213 2332 2254; baseline 0.003 -11"><span class='ocrx_word' id='word_1_1135' title='bbox 1271 2213 1322 2252; x_wconf 89' lang='lat' dir='ltr'>tis,</span> <span class='ocrx_word' id='word_1_1136' title='bbox 1341 2213 1508 2254; x_wconf 88' lang='lat' dir='ltr'>Sagittariis,</span> <span class='ocrx_word' id='word_1_1137' title='bbox 1527 2216 1560 2247; x_wconf 90' lang='lat'>&amp;</span> <span class='ocrx_word' id='word_1_1138' title='bbox 1577 2216 1634 2246; x_wconf 85' lang='lat' dir='ltr'>aliis</span> <span class='ocrx_word' id='word_1_1139' title='bbox 1671 2224 1774 2245; x_wconf 90' lang='lat' dir='ltr'>uorum</span> <span class='ocrx_word' id='word_1_1140' title='bbox 1789 2213 1919 2251; x_wconf 85' lang='lat' dir='ltr'>interest,</span> <span class='ocrx_word' id='word_1_1141' title='bbox 1935 2214 2054 2246; x_wconf 89' lang='lat' dir='ltr'>Tenore</span> <span class='ocrx_word' id='word_1_1142' title='bbox 2070 2213 2270 2254; x_wconf 86' lang='lat' dir='ltr'>Praesentium,</span> <span class='ocrx_word' id='word_1_1143' title='bbox 2285 2216 2332 2246; x_wconf 82' lang='lat' dir='ltr'>fii-</span> 
     </span>
     <span class='ocr_line' id='line_1_152' title="bbox 1273 2252 2335 2293; baseline 0.004 -11"><span class='ocrx_word' id='word_1_1144' title='bbox 1273 2253 1356 2283; x_wconf 86' lang='lat' dir='ltr'>miter</span> <span class='ocrx_word' id='word_1_1145' title='bbox 1370 2255 1399 2283; x_wconf 90' lang='lat' dir='ltr'>in</span> <span class='ocrx_word' id='word_1_1146' title='bbox 1413 2252 1556 2285; x_wconf 85' lang='lat' dir='ltr'>Mandatis</span> <span class='ocrx_word' id='word_1_1147' title='bbox 1572 2253 1650 2292; x_wconf 85' lang='lat' dir='ltr'>quod</span> <span class='ocrx_word' id='word_1_1148' title='bbox 1684 2252 1758 2284; x_wconf 65' lang='lat' dir='ltr'>&#39;obis</span> <span class='ocrx_word' id='word_1_1149' title='bbox 1774 2253 1807 2284; x_wconf 64' lang='grc' dir='ltr'>ὃς</span> <span class='ocrx_word' id='word_1_1150' title='bbox 1820 2252 1897 2283; x_wconf 82' lang='lat' dir='ltr'>alteri</span> <span class='ocrx_word' id='word_1_1151' title='bbox 1911 2252 2057 2293; x_wconf 70' lang='lat' dir='ltr'>vestrum,</span> <span class='ocrx_word' id='word_1_1152' title='bbox 2076 2253 2104 2284; x_wconf 86' lang='lat' dir='ltr'>in</span> <span class='ocrx_word' id='word_1_1153' title='bbox 2125 2253 2273 2285; x_wconf 78' lang='lat' dir='ltr'>Praeiniffis</span> <span class='ocrx_word' id='word_1_1154' title='bbox 2293 2254 2335 2286; x_wconf 88' lang='lat' dir='ltr'>fa·</span> 
     </span>
     <span class='ocr_line' id='line_1_153' title="bbox 1271 2290 2335 2332; baseline 0.005 -12"><span class='ocrx_word' id='word_1_1155' title='bbox 1271 2291 1376 2322; x_wconf 90' lang='lat' dir='ltr'>ciendis</span> <span class='ocrx_word' id='word_1_1156' title='bbox 1394 2293 1426 2324; x_wconf 91' lang='lat'>&amp;</span> <span class='ocrx_word' id='word_1_1157' title='bbox 1441 2294 1628 2332; x_wconf 87' lang='lat' dir='ltr'>exequendis,</span> <span class='ocrx_word' id='word_1_1158' title='bbox 1645 2300 1777 2331; x_wconf 80' lang='lat' dir='ltr'>pareant,</span> <span class='ocrx_word' id='word_1_1159' title='bbox 1795 2290 1951 2331; x_wconf 85' lang='lat' dir='ltr'>obediant,</span> <span class='ocrx_word' id='word_1_1160' title='bbox 1969 2291 2003 2323; x_wconf 72' lang='grc' dir='ltr'>δε</span> <span class='ocrx_word' id='word_1_1161' title='bbox 2017 2291 2163 2323; x_wconf 87' lang='lat' dir='ltr'>intendant</span> <span class='ocrx_word' id='word_1_1162' title='bbox 2177 2301 2263 2332; x_wconf 86' lang='lat' dir='ltr'>prout</span> <span class='ocrx_word' id='word_1_1163' title='bbox 2283 2293 2335 2325; x_wconf 85' lang='lat' dir='ltr'>de-</span> 
     </span>
     <span class='ocr_line' id='line_1_154' title="bbox 1270 2338 1326 2361; baseline 0 -2"><span class='ocrx_word' id='word_1_1164' title='bbox 1270 2338 1326 2361; x_wconf 88' lang='lat' dir='ltr'>cet.</span> 
     </span>
    </p>

    <p class='ocr_par' dir='ltr' id='par_1_42' title="bbox 1306 2366 1452 2407">
     <span class='ocr_line' id='line_1_155' title="bbox 1306 2366 1452 2407; baseline 0.014 -9"><span class='ocrx_word' id='word_1_1165' title='bbox 1306 2366 1340 2398; x_wconf 94' lang='lat' dir='ltr'>In</span> <span class='ocrx_word' id='word_1_1166' title='bbox 1359 2369 1452 2407; x_wconf 87' lang='lat' dir='ltr'>cujus,</span> 
     </span>
    </p>

    <p class='ocr_par' dir='ltr' id='par_1_43' title="bbox 1306 2406 2329 2450">
     <span class='ocr_line' id='line_1_156' title="bbox 1306 2406 2329 2450; baseline 0 -12"><span class='ocrx_word' id='word_1_1167' title='bbox 1306 2406 1397 2438; x_wconf 88' lang='lat' dir='ltr'>Teste</span> <span class='ocrx_word' id='word_1_1168' title='bbox 1411 2407 1494 2450; x_wconf 85' lang='lat' dir='ltr'>Rege</span> <span class='ocrx_word' id='word_1_1169' title='bbox 1506 2407 1580 2447; x_wconf 88' lang='lat' dir='ltr'>apud</span> <span class='ocrx_word' id='word_1_1170' title='bbox 1594 2406 1870 2448; x_wconf 73' lang='lat' dir='ltr'>Wstmonasterium,</span> <span class='ocrx_word' id='word_1_1171' title='bbox 1887 2406 2029 2439; x_wconf 84' lang='lat' dir='ltr'>vicefimo</span> <span class='ocrx_word' id='word_1_1172' title='bbox 2041 2406 2162 2448; x_wconf 69' lang='lat' dir='ltr'>stptimo</span> <span class='ocrx_word' id='word_1_1173' title='bbox 2178 2407 2223 2439; x_wconf 88' lang='lat' dir='ltr'>die</span> <span class='ocrx_word' id='word_1_1174' title='bbox 2240 2406 2329 2448; x_wconf 82' lang='lat' dir='ltr'>Junii.</span> 
     </span>
    </p>
   </div>
   <div class='ocr_carea' id='block_1_23' title="bbox 2003 2484 2227 2516">
    <p class='ocr_par' dir='ltr' id='par_1_44' title="bbox 2003 2484 2227 2516">
     <span class='ocr_line' id='line_1_157' title="bbox 2003 2484 2227 2516; baseline 0 0"><span class='ocrx_word' id='word_1_1175' title='bbox 2003 2486 2057 2516; x_wconf 85' lang='lat' dir='ltr'>Per</span> <span class='ocrx_word' id='word_1_1176' title='bbox 2074 2484 2227 2516; x_wconf 75' lang='lat' dir='ltr'>eoncilim.</span> 
     </span>
    </p>
   </div>
   <div class='ocr_carea' id='block_1_24' title="bbox 1309 2555 2294 2640">
    <p class='ocr_par' dir='ltr' id='par_1_45' title="bbox 1309 2555 2294 2640">
     <span class='ocr_line' id='line_1_158' title="bbox 1309 2555 2294 2630; baseline -0.001 -37"><span class='ocrx_word' id='word_1_1177' title='bbox 1309 2561 1480 2593; x_wconf 74' lang='lat' dir='ltr'>Consimiles</span> <span class='ocrx_word' id='word_1_1178' title='bbox 1499 2562 1608 2593; x_wconf 86' lang='lat' dir='ltr'>Literas</span> <span class='ocrx_word' id='word_1_1179' title='bbox 1626 2561 1714 2603; x_wconf 82' lang='lat' dir='ltr'>Regis</span> <span class='ocrx_word' id='word_1_1180' title='bbox 1734 2561 1840 2630; x_wconf 48' lang='lat' dir='ltr'>hfffelm</span> <span class='ocrx_word' id='word_1_1181' title='bbox 1853 2561 2004 2630; x_wconf 79' lang='lat' dir='ltr'>tsubscripti</span> <span class='ocrx_word' id='word_1_1182' title='bbox 2026 2561 2077 2593; x_wconf 87' lang='lat' dir='ltr'>sub</span> <span class='ocrx_word' id='word_1_1183' title='bbox 2089 2555 2189 2593; x_wconf 85' lang='lat' dir='ltr'>eadem</span> <span class='ocrx_word' id='word_1_1184' title='bbox 2202 2560 2294 2600; x_wconf 69' lang='lat' dir='ltr'>Daoe3</span> 
     </span>
     <span class='ocr_line' id='line_1_159' title="bbox 1732 2611 1880 2640; baseline -0.014 -8"><span class='ocrx_word' id='word_1_1185' title='bbox 1732 2611 1761 2632; x_wconf 80' lang='lat' dir='ltr'>vi</span> <span class='ocrx_word' id='word_1_1186' title='bbox 1780 2611 1852 2631; x_wconf 77' lang='lat' dir='ltr'>eice</span> <span class='ocrx_word' id='word_1_1187' title='bbox 1870 2623 1880 2640; x_wconf 90' lang='lat'>,</span> 
     </span>
    </p>
   </div>
   <div class='ocr_carea' id='block_1_25' title="bbox 1269 2675 2122 2792">
    <p class='ocr_par' dir='ltr' id='par_1_46' title="bbox 1269 2675 2122 2792">
     <span class='ocr_line' id='line_1_160' title="bbox 1269 2675 2070 2717; baseline -0.002 -10"><span class='ocrx_word' id='word_1_1188' title='bbox 1269 2677 1415 2716; x_wconf 78' lang='lat' dir='ltr'>Johannes</span> <span class='ocrx_word' id='word_1_1189' title='bbox 1427 2676 1562 2717; x_wconf 81' lang='lat' dir='ltr'>Radclyff</span> <span class='ocrx_word' id='word_1_1190' title='bbox 1569 2676 1707 2708; x_wconf 78' lang='lat' dir='ltr'>Chivale‘r.</span> <span class='ocrx_word' id='word_1_1191' title='bbox 1818 2675 1964 2715; x_wconf 76' lang='lat' dir='ltr'>Johannes</span> <span class='ocrx_word' id='word_1_1192' title='bbox 1979 2676 2070 2705; x_wconf 83' lang='lat' dir='ltr'>Hunt.</span> 
     </span>
     <span class='ocr_line' id='line_1_161' title="bbox 1269 2711 2122 2754; baseline -0.002 -8"><span class='ocrx_word' id='word_1_1193' title='bbox 1269 2715 1400 2746; x_wconf 76' lang='lat' dir='ltr'>Robertus</span> <span class='ocrx_word' id='word_1_1194' title='bbox 1418 2718 1533 2745; x_wconf 78' lang='lat' dir='ltr'>Burton.</span> <span class='ocrx_word' id='word_1_1195' title='bbox 1821 2713 1985 2744; x_wconf 81' lang='lat' dir='ltr'>Willielmus</span> <span class='ocrx_word' id='word_1_1196' title='bbox 1999 2711 2122 2754; x_wconf 69' lang='lat' dir='ltr'>clifford.</span> 
     </span>
     <span class='ocr_line' id='line_1_162' title="bbox 1270 2752 2046 2792; baseline 0.001 -10"><span class='ocrx_word' id='word_1_1197' title='bbox 1270 2753 1435 2783; x_wconf 73' lang='lat' dir='ltr'>H&#39;illielmus</span> <span class='ocrx_word' id='word_1_1198' title='bbox 1450 2753 1515 2782; x_wconf 85' lang='lat' dir='ltr'>Fith</span> <span class='ocrx_word' id='word_1_1199' title='bbox 1531 2755 1628 2792; x_wconf 70' lang='lat' dir='ltr'>Herry.</span> <span class='ocrx_word' id='word_1_1200' title='bbox 1818 2752 1916 2782; x_wconf 83' lang='lat' dir='ltr'>Adam</span> <span class='ocrx_word' id='word_1_1201' title='bbox 1932 2755 2046 2783; x_wconf 87' lang='lat' dir='ltr'>Berton.</span> 
     </span>
    </p>
   </div>
   <div class='ocr_carea' id='block_1_26' title="bbox 1270 2791 1545 2828">
    <p class='ocr_par' dir='ltr' id='par_1_47' title="bbox 1270 2791 1545 2828">
     <span class='ocr_line' id='line_1_163' title="bbox 1270 2791 1545 2828; baseline 0 -8"><span class='ocrx_word' id='word_1_1202' title='bbox 1270 2791 1414 2828; x_wconf 74' lang='lat' dir='ltr'>Johanncs</span> <span class='ocrx_word' id='word_1_1203' title='bbox 1427 2793 1545 2820; x_wconf 81' lang='lat' dir='ltr'>Hexam.</span> 
     </span>
    </p>
   </div>
   <div class='ocr_carea' id='block_1_27' title="bbox 1268 2789 2244 2859">
    <p class='ocr_par' dir='ltr' id='par_1_48' title="bbox 1268 2789 2244 2859">
     <span class='ocr_line' id='line_1_164' title="bbox 1816 2789 2244 2831; baseline 0 -11"><span class='ocrx_word' id='word_1_1204' title='bbox 1816 2790 1949 2820; x_wconf 80' lang='lat' dir='ltr'>Robertus</span> <span class='ocrx_word' id='word_1_1205' title='bbox 1962 2790 2083 2831; x_wconf 83' lang='lat' dir='ltr'>Herlyng</span> <span class='ocrx_word' id='word_1_1206' title='bbox 2100 2789 2244 2822; x_wconf 80' lang='lat' dir='ltr'>Chivaler.</span> 
     </span>
     <span class='ocr_line' id='line_1_165' title="bbox 1268 2828 1559 2859; baseline 0 0"><span class='ocrx_word' id='word_1_1207' title='bbox 1268 2830 1386 2859; x_wconf 58' lang='lat' dir='ltr'>Thomas</span> <span class='ocrx_word' id='word_1_1208' title='bbox 1400 2828 1559 2859; x_wconf 80' lang='lat' dir='ltr'>Chaumhre.</span> 
     </span>
    </p>
   </div>
   <div class='ocr_carea' id='block_1_28' title="bbox 1818 2828 2146 2870">
    <p class='ocr_par' dir='ltr' id='par_1_49' title="bbox 1818 2828 2146 2870">
     <span class='ocr_line' id='line_1_166' title="bbox 1818 2828 2146 2870; baseline 0.003 -12"><span class='ocrx_word' id='word_1_1209' title='bbox 1818 2828 1980 2859; x_wconf 50' lang='lat' dir='ltr'>willielmus</span> <span class='ocrx_word' id='word_1_1210' title='bbox 1995 2832 2036 2859; x_wconf 86' lang='lat' dir='ltr'><em>W</em></span> <span class='ocrx_word' id='word_1_1211' title='bbox 2034 2828 2146 2870; x_wconf 79' lang='lat' dir='ltr'>ittesley.</span> 
     </span>
    </p>
   </div>
   <div class='ocr_carea' id='block_1_29' title="bbox 1361 2977 2229 3022">
    <p class='ocr_par' dir='ltr' id='par_1_50' title="bbox 1361 2977 2229 3022">
     <span class='ocr_line' id='line_1_167' title="bbox 1361 2977 2229 3022; baseline -0.002 -8"><span class='ocrx_word' id='word_1_1212' title='bbox 1361 2984 1420 3015; x_wconf 83' lang='lat' dir='ltr'>Pro</span> <span class='ocrx_word' id='word_1_1213' title='bbox 1437 2982 1567 3013; x_wconf 85' lang='lat' dir='ltr'>Domino</span> <span class='ocrx_word' id='word_1_1214' title='bbox 1589 2979 1625 3012; x_wconf 87' lang='lat' dir='ltr'>de</span> <span class='ocrx_word' id='word_1_1215' title='bbox 1644 2982 1799 3012; x_wconf 81' lang='lat' dir='ltr'>Gaucourt</span> <span class='ocrx_word' id='word_1_1216' title='bbox 1813 3006 1822 3022; x_wconf 92' lang='lat'>,</span> <span class='ocrx_word' id='word_1_1217' title='bbox 1850 2983 1882 3012; x_wconf 79' lang='lat' dir='ltr'>in</span> <span class='ocrx_word' id='word_1_1218' title='bbox 1896 2977 2068 3022; x_wconf 80' lang='lat' dir='ltr'>Custodiam</span> <span class='ocrx_word' id='word_1_1219' title='bbox 2082 2977 2229 3012; x_wconf 78' lang='lat' dir='ltr'>redituro.</span> 
     </span>
    </p>
   </div>
   <div class='ocr_carea' id='block_1_30' title="bbox 1266 3062 2496 4097">
    <p class='ocr_par' dir='ltr' id='par_1_51' title="bbox 1266 3062 2496 4097">
     <span class='ocr_line' id='line_1_168' title="bbox 1268 3062 2464 3123; baseline -0.001 -27"><span class='ocrx_word' id='word_1_1220' title='bbox 1268 3065 1399 3123; x_wconf 78' lang='lat' dir='ltr'>REX,</span> <span class='ocrx_word' id='word_1_1221' title='bbox 1419 3075 1469 3103; x_wconf 90' lang='lat' dir='ltr'>per</span> <span class='ocrx_word' id='word_1_1222' title='bbox 1486 3065 1591 3095; x_wconf 87' lang='lat' dir='ltr'>Literas</span> <span class='ocrx_word' id='word_1_1223' title='bbox 1607 3064 1662 3096; x_wconf 81' lang='lat' dir='ltr'>suas</span> <span class='ocrx_word' id='word_1_1224' title='bbox 1675 3064 1823 3101; x_wconf 72' lang='lat' dir='ltr'>Parentes,</span> <span class='ocrx_word' id='word_1_1225' title='bbox 1839 3063 1877 3094; x_wconf 82' lang='lat' dir='ltr'>de</span> <span class='ocrx_word' id='word_1_1226' title='bbox 1892 3062 2065 3093; x_wconf 68' lang='lat' dir='ltr'>aviffimento</span> <span class='ocrx_word' id='word_1_1227' title='bbox 2080 3063 2115 3094; x_wconf 87' lang='lat'>&amp;</span> <span class='ocrx_word' id='word_1_1228' title='bbox 2127 3063 2233 3095; x_wconf 78' lang='lat' dir='ltr'>assensu</span> <span class='ocrx_word' id='word_1_1229' title='bbox 2241 3063 2326 3096; x_wconf 62' lang='lat' dir='ltr'>Con·</span> <span class='ocrx_word' id='word_1_1230' title='bbox 2343 3075 2416 3107; x_wconf 42' lang='lat' dir='ltr'>Anu·</span> <span class='ocrx_word' id='word_1_1231' title='bbox 2432 3075 2464 3107; x_wconf 87' lang='lat' dir='ltr'><strong>D</strong></span> 
     </span>
     <span class='ocr_line' id='line_1_169' title="bbox 1340 3099 2476 3155; baseline 0 -20"><span class='ocrx_word' id='word_1_1232' title='bbox 1340 3105 1394 3135; x_wconf 89' lang='lat' dir='ltr'>cilii</span> <span class='ocrx_word' id='word_1_1233' title='bbox 1411 3104 1465 3141; x_wconf 90' lang='lat' dir='ltr'>sui,</span> <span class='ocrx_word' id='word_1_1234' title='bbox 1484 3103 1599 3140; x_wconf 84' lang='lat' dir='ltr'>suscepit</span> <span class='ocrx_word' id='word_1_1235' title='bbox 1613 3105 1641 3133; x_wconf 92' lang='lat' dir='ltr'>in</span> <span class='ocrx_word' id='word_1_1236' title='bbox 1655 3103 1761 3134; x_wconf 86' lang='lat' dir='ltr'>salvum</span> <span class='ocrx_word' id='word_1_1237' title='bbox 1777 3103 1811 3132; x_wconf 89' lang='lat'>&amp;</span> <span class='ocrx_word' id='word_1_1238' title='bbox 1825 3101 1953 3132; x_wconf 87' lang='lat' dir='ltr'>securum</span> <span class='ocrx_word' id='word_1_1239' title='bbox 1970 3101 2162 3133; x_wconf 63' lang='lat' dir='ltr'>Conduetum</span> <span class='ocrx_word' id='word_1_1240' title='bbox 2176 3104 2274 3143; x_wconf 89' lang='lat' dir='ltr'>suum,</span> <span class='ocrx_word' id='word_1_1241' title='bbox 2292 3113 2326 3135; x_wconf 91' lang='lat' dir='ltr'>ac</span> <span class='ocrx_word' id='word_1_1242' title='bbox 2365 3116 2449 3155; x_wconf 84' lang='lat'>1428.</span> <span class='ocrx_word' id='word_1_1243' title='bbox 2465 3099 2476 3109; x_wconf 77' lang='grc'><strong>”</strong></span> 
     </span>
     <span class='ocr_line' id='line_1_170' title="bbox 1268 3138 2438 3182; baseline 0.001 -12"><span class='ocrx_word' id='word_1_1244' title='bbox 1268 3142 1297 3170; x_wconf 92' lang='lat' dir='ltr'>in</span> <span class='ocrx_word' id='word_1_1245' title='bbox 1314 3142 1546 3179; x_wconf 68' lang='lat' dir='ltr'>Proteffionem,</span> <span class='ocrx_word' id='word_1_1246' title='bbox 1561 3142 1748 3177; x_wconf 88' lang='lat' dir='ltr'>Tuitionem,</span> <span class='ocrx_word' id='word_1_1247' title='bbox 1768 3138 2028 3171; x_wconf 81' lang='lat' dir='ltr'>&amp;Defensionem</span> <span class='ocrx_word' id='word_1_1248' title='bbox 2043 3140 2102 3170; x_wconf 89' lang='lat' dir='ltr'>suas</span> <span class='ocrx_word' id='word_1_1249' title='bbox 2115 3141 2325 3180; x_wconf 82' lang='lat' dir='ltr'>speciales,Ra-</span> <span class='ocrx_word' id='word_1_1250' title='bbox 2342 3158 2395 3182; x_wconf 49' lang='lat' dir='ltr'>An·</span> <span class='ocrx_word' id='word_1_1251' title='bbox 2408 3156 2438 3182; x_wconf 66' lang='grc' dir='ltr'>6ι</span> 
     </span>
     <span class='ocr_line' id='line_1_171' title="bbox 1266 3177 2411 3220; baseline 0.001 -10"><span class='ocrx_word' id='word_1_1252' title='bbox 1266 3180 1392 3219; x_wconf 83' lang='lat' dir='ltr'>dulphum</span> <span class='ocrx_word' id='word_1_1253' title='bbox 1406 3184 1552 3210; x_wconf 81' lang='lat' dir='ltr'>Dominum</span> <span class='ocrx_word' id='word_1_1254' title='bbox 1569 3181 1601 3209; x_wconf 87' lang='lat' dir='ltr'>de</span> <span class='ocrx_word' id='word_1_1255' title='bbox 1618 3182 1775 3216; x_wconf 81' lang='lat' dir='ltr'>Gaucourt,</span> <span class='ocrx_word' id='word_1_1256' title='bbox 1795 3177 1922 3208; x_wconf 85' lang='lat' dir='ltr'>Militem</span> <span class='ocrx_word' id='word_1_1257' title='bbox 1932 3202 1940 3218; x_wconf 85' lang='lat'>‚</span> <span class='ocrx_word' id='word_1_1258' title='bbox 1956 3178 2146 3210; x_wconf 81' lang='lat' dir='ltr'>prisonarium</span> <span class='ocrx_word' id='word_1_1259' title='bbox 2181 3180 2277 3215; x_wconf 64' lang='lat' dir='ltr'>dilesti</span> <span class='ocrx_word' id='word_1_1260' title='bbox 2291 3182 2324 3212; x_wconf 90' lang='lat'>&amp;</span> <span class='ocrx_word' id='word_1_1261' title='bbox 2342 3198 2370 3220; x_wconf 77' lang='lat' dir='ltr'><em>H</em></span> <span class='ocrx_word' id='word_1_1262' title='bbox 2394 3194 2411 3220; x_wconf 77' lang='lat'>6</span> 
     </span>
     <span class='ocr_line' id='line_1_172' title="bbox 1267 3203 2474 3260; baseline 0 -11"><span class='ocrx_word' id='word_1_1263' title='bbox 1267 3219 1354 3249; x_wconf 86' lang='lat' dir='ltr'>fidelis</span> <span class='ocrx_word' id='word_1_1264' title='bbox 1369 3220 1472 3258; x_wconf 84' lang='lat' dir='ltr'>Regis,</span> <span class='ocrx_word' id='word_1_1265' title='bbox 1491 3218 1633 3256; x_wconf 78' lang='lat' dir='ltr'>Johannis</span> <span class='ocrx_word' id='word_1_1266' title='bbox 1644 3215 1814 3260; x_wconf 67' lang='lat' dir='ltr'>Cornewaill</span> <span class='ocrx_word' id='word_1_1267' title='bbox 1825 3216 1946 3254; x_wconf 77' lang='lat' dir='ltr'>Militis,</span> <span class='ocrx_word' id='word_1_1268' title='bbox 1965 3219 1995 3247; x_wconf 77' lang='lat' dir='ltr'>in</span> <span class='ocrx_word' id='word_1_1269' title='bbox 2012 3213 2118 3257; x_wconf 83' lang='lat' dir='ltr'>Regno</span> <span class='ocrx_word' id='word_1_1270' title='bbox 2133 3203 2223 3258; x_wconf 38' lang='lat' dir='ltr'>&amp;egis</span> <span class='ocrx_word' id='word_1_1271' title='bbox 2237 3218 2324 3249; x_wconf 78' lang='lat' dir='ltr'>Fran·</span> <span class='ocrx_word' id='word_1_1272' title='bbox 2338 3214 2427 3259; x_wconf 41' lang='lat' dir='ltr'>§juj-</span> <span class='ocrx_word' id='word_1_1273' title='bbox 2444 3231 2474 3258; x_wconf 55' lang='lat'>6,</span> 
     </span>
     <span class='ocr_line' id='line_1_173' title="bbox 1269 3255 2496 3298; baseline 0.002 -11"><span class='ocrx_word' id='word_1_1274' title='bbox 1269 3259 1320 3289; x_wconf 63' lang='lat' dir='ltr'>cine</span> <span class='ocrx_word' id='word_1_1275' title='bbox 1335 3258 1369 3288; x_wconf 85' lang='lat' dir='ltr'>ad</span> <span class='ocrx_word' id='word_1_1276' title='bbox 1384 3257 1502 3295; x_wconf 87' lang='lat' dir='ltr'>praesens</span> <span class='ocrx_word' id='word_1_1277' title='bbox 1514 3255 1698 3294; x_wconf 84' lang='lat' dir='ltr'>existentem,</span> <span class='ocrx_word' id='word_1_1278' title='bbox 1715 3264 1744 3285; x_wconf 75' lang='lat' dir='ltr'>iti</span> <span class='ocrx_word' id='word_1_1279' title='bbox 1762 3255 1901 3293; x_wconf 81' lang='lat' dir='ltr'>Regnum</span> <span class='ocrx_word' id='word_1_1280' title='bbox 1923 3255 2010 3295; x_wconf 84' lang='lat' dir='ltr'>Regis</span> <span class='ocrx_word' id='word_1_1281' title='bbox 2030 3256 2162 3295; x_wconf 66' lang='lat' dir='ltr'>Angliae,</span> <span class='ocrx_word' id='word_1_1282' title='bbox 2178 3265 2247 3288; x_wconf 83' lang='lat' dir='ltr'>eum</span> <span class='ocrx_word' id='word_1_1283' title='bbox 2264 3257 2329 3288; x_wconf 86' lang='lat' dir='ltr'>De-</span> <span class='ocrx_word' id='word_1_1284' title='bbox 2342 3270 2412 3298; x_wconf 50' lang='grc' dir='ltr'>ὣς</span> <span class='ocrx_word' id='word_1_1285' title='bbox 2436 3272 2473 3296; x_wconf 64' lang='lat' dir='ltr'>tw.</span> <span class='ocrx_word' id='word_1_1286' title='bbox 2492 3288 2496 3291; x_wconf 83' lang='grc'>,</span> 
     </span>
     <span class='ocr_line' id='line_1_174' title="bbox 1269 3289 2421 3336; baseline 0 -9"><span class='ocrx_word' id='word_1_1287' title='bbox 1269 3306 1334 3327; x_wconf 91' lang='lat' dir='ltr'>cern</span> <span class='ocrx_word' id='word_1_1288' title='bbox 1349 3295 1476 3326; x_wconf 86' lang='lat' dir='ltr'>Personis</span> <span class='ocrx_word' id='word_1_1289' title='bbox 1490 3295 1518 3323; x_wconf 92' lang='lat' dir='ltr'>in</span> <span class='ocrx_word' id='word_1_1290' title='bbox 1533 3293 1683 3324; x_wconf 89' lang='lat' dir='ltr'>Comitiva</span> <span class='ocrx_word' id='word_1_1291' title='bbox 1695 3293 1757 3331; x_wconf 87' lang='lat' dir='ltr'>sua,</span> <span class='ocrx_word' id='word_1_1292' title='bbox 1774 3302 1807 3324; x_wconf 84' lang='lat' dir='ltr'>ac</span> <span class='ocrx_word' id='word_1_1293' title='bbox 1820 3294 1917 3331; x_wconf 81' lang='lat' dir='ltr'>Auro,</span> <span class='ocrx_word' id='word_1_1294' title='bbox 1937 3295 2082 3333; x_wconf 81' lang='lat' dir='ltr'>Argento,</span> <span class='ocrx_word' id='word_1_1295' title='bbox 2095 3294 2241 3333; x_wconf 77' lang='lat' dir='ltr'>jocalibus</span> <span class='ocrx_word' id='word_1_1296' title='bbox 2247 3296 2327 3335; x_wconf 82' lang='lat' dir='ltr'>,Re-</span> <span class='ocrx_word' id='word_1_1297' title='bbox 2344 3318 2355 3336; x_wconf 66' lang='lat'>¹</span> <span class='ocrx_word' id='word_1_1298' title='bbox 2386 3312 2398 3321; x_wconf 36' lang='grc' dir='ltr'>ν,</span> <span class='ocrx_word' id='word_1_1299' title='bbox 2414 3289 2421 3298; x_wconf 72' lang='grc'>’</span> 
     </span>
     <span class='ocr_line' id='line_1_175' title="bbox 1268 3330 2387 3371; baseline 0 -7"><span class='ocrx_word' id='word_1_1300' title='bbox 1268 3336 1336 3371; x_wconf 86' lang='lat' dir='ltr'>bus,</span> <span class='ocrx_word' id='word_1_1301' title='bbox 1355 3333 1462 3370; x_wconf 83' lang='lat' dir='ltr'>Equis,</span> <span class='ocrx_word' id='word_1_1302' title='bbox 1480 3331 1579 3370; x_wconf 90' lang='lat' dir='ltr'>Bonis,</span> <span class='ocrx_word' id='word_1_1303' title='bbox 1597 3333 1631 3364; x_wconf 75' lang='grc' dir='ltr'>δε</span> <span class='ocrx_word' id='word_1_1304' title='bbox 1648 3331 1791 3363; x_wconf 75' lang='lat' dir='ltr'>Hei-nesiis</span> <span class='ocrx_word' id='word_1_1305' title='bbox 1805 3332 1858 3362; x_wconf 78' lang='lat' dir='ltr'>suis</span> <span class='ocrx_word' id='word_1_1306' title='bbox 1873 3332 2116 3371; x_wconf 87' lang='lat' dir='ltr'>quibuscumque,</span> <span class='ocrx_word' id='word_1_1307' title='bbox 2361 3330 2369 3338; x_wconf 75' lang='lat'>⁸</span> <span class='ocrx_word' id='word_1_1308' title='bbox 2385 3362 2387 3364; x_wconf 90' lang='lat'>.</span> 
     </span>
     <span class='ocr_line' id='line_1_176' title="bbox 1305 3369 2330 3410; baseline 0 -8"><span class='ocrx_word' id='word_1_1309' title='bbox 1305 3371 1351 3402; x_wconf 92' lang='lat' dir='ltr'>Ad</span> <span class='ocrx_word' id='word_1_1310' title='bbox 1376 3370 1582 3401; x_wconf 86' lang='lat' dir='ltr'>Reintrandum</span> <span class='ocrx_word' id='word_1_1311' title='bbox 1601 3369 1755 3401; x_wconf 69' lang='lat' dir='ltr'>Personam</span> <span class='ocrx_word' id='word_1_1312' title='bbox 1773 3370 1850 3401; x_wconf 66' lang='lat' dir='ltr'>finam</span> <span class='ocrx_word' id='word_1_1313' title='bbox 1873 3371 1903 3401; x_wconf 85' lang='lat' dir='ltr'>in</span> <span class='ocrx_word' id='word_1_1314' title='bbox 1918 3369 2087 3402; x_wconf 83' lang='lat' dir='ltr'>Custodiam</span> <span class='ocrx_word' id='word_1_1315' title='bbox 2107 3371 2176 3401; x_wconf 62' lang='lat' dir='ltr'>dieii</span> <span class='ocrx_word' id='word_1_1316' title='bbox 2188 3371 2330 3410; x_wconf 70' lang='lat' dir='ltr'>Jahannfs</span> 
     </span>
     <span class='ocr_line' id='line_1_177' title="bbox 1267 3409 2161 3447; baseline -0.002 -7"><span class='ocrx_word' id='word_1_1317' title='bbox 1267 3409 1424 3441; x_wconf 75' lang='lat' dir='ltr'>secundum</span> <span class='ocrx_word' id='word_1_1318' title='bbox 1442 3409 1552 3446; x_wconf 83' lang='lat' dir='ltr'>Legem</span> <span class='ocrx_word' id='word_1_1319' title='bbox 1566 3410 1741 3447; x_wconf 88' lang='lat' dir='ltr'>Armorum,</span> <span class='ocrx_word' id='word_1_1320' title='bbox 1783 3427 1786 3429; x_wconf 24' lang='grc' dir='ltr'><strong>Δ</strong></span> <span class='ocrx_word' id='word_1_1321' title='bbox 2152 3429 2161 3434; x_wconf 72' lang='grc'><strong>-</strong></span> 
     </span>
     <span class='ocr_line' id='line_1_178' title="bbox 1308 3446 2329 3486; baseline 0 -8"><span class='ocrx_word' id='word_1_1322' title='bbox 1308 3447 1476 3485; x_wconf 88' lang='lat' dir='ltr'>Veniendo,</span> <span class='ocrx_word' id='word_1_1323' title='bbox 1492 3447 1598 3478; x_wconf 89' lang='lat' dir='ltr'>ibidem</span> <span class='ocrx_word' id='word_1_1324' title='bbox 1615 3449 1643 3477; x_wconf 90' lang='lat' dir='ltr'>in</span> <span class='ocrx_word' id='word_1_1325' title='bbox 1657 3447 1790 3485; x_wconf 80' lang='lat' dir='ltr'>Prisona,</span> <span class='ocrx_word' id='word_1_1326' title='bbox 1809 3447 1839 3477; x_wconf 80' lang='lat' dir='ltr'>in</span> <span class='ocrx_word' id='word_1_1327' title='bbox 1857 3446 1999 3478; x_wconf 85' lang='lat' dir='ltr'>Custodia</span> <span class='ocrx_word' id='word_1_1328' title='bbox 2020 3447 2144 3486; x_wconf 73' lang='lat' dir='ltr'>ejusdem</span> <span class='ocrx_word' id='word_1_1329' title='bbox 2167 3447 2329 3486; x_wconf 68' lang='lat' dir='ltr'>Johamai,</span> 
     </span>
     <span class='ocr_line' id='line_1_179' title="bbox 1270 3481 2327 3524; baseline -0.002 -8"><span class='ocrx_word' id='word_1_1330' title='bbox 1270 3486 1416 3524; x_wconf 85' lang='lat' dir='ltr'>quousque</span> <span class='ocrx_word' id='word_1_1331' title='bbox 1430 3485 1504 3516; x_wconf 89' lang='lat' dir='ltr'>idem</span> <span class='ocrx_word' id='word_1_1332' title='bbox 1519 3489 1650 3516; x_wconf 72' lang='lat' dir='ltr'>Dominus</span> <span class='ocrx_word' id='word_1_1333' title='bbox 1660 3486 1693 3515; x_wconf 77' lang='lat' dir='ltr'>de</span> <span class='ocrx_word' id='word_1_1334' title='bbox 1704 3488 1843 3515; x_wconf 61' lang='lat' dir='ltr'>Gaucom</span> <span class='ocrx_word' id='word_1_1335' title='bbox 1860 3486 1898 3516; x_wconf 80' lang='lat' dir='ltr'>de</span> <span class='ocrx_word' id='word_1_1336' title='bbox 1911 3487 1994 3516; x_wconf 80' lang='lat' dir='ltr'>omni</span> <span class='ocrx_word' id='word_1_1337' title='bbox 2009 3495 2047 3517; x_wconf 89' lang='lat' dir='ltr'>eo</span> <span class='ocrx_word' id='word_1_1338' title='bbox 2062 3486 2140 3524; x_wconf 81' lang='lat' dir='ltr'>quod</span> <span class='ocrx_word' id='word_1_1339' title='bbox 2160 3486 2254 3517; x_wconf 83' lang='lat' dir='ltr'>eidem</span> <span class='ocrx_word' id='word_1_1340' title='bbox 2269 3481 2327 3524; x_wconf 82' lang='lat' dir='ltr'>Jo-</span> 
     </span>
     <span class='ocr_line' id='line_1_180' title="bbox 1270 3522 2327 3564; baseline -0.001 -11"><span class='ocrx_word' id='word_1_1341' title='bbox 1270 3525 1355 3554; x_wconf 74' lang='lat' dir='ltr'>hanm‘</span> <span class='ocrx_word' id='word_1_1342' title='bbox 1371 3536 1387 3555; x_wconf 89' lang='lat' dir='ltr'>a</span> <span class='ocrx_word' id='word_1_1343' title='bbox 1409 3533 1484 3555; x_wconf 81' lang='lat' dir='ltr'>retro</span> <span class='ocrx_word' id='word_1_1344' title='bbox 1500 3523 1541 3554; x_wconf 91' lang='lat' dir='ltr'>est</span> <span class='ocrx_word' id='word_1_1345' title='bbox 1562 3525 1599 3554; x_wconf 90' lang='lat' dir='ltr'>de</span> <span class='ocrx_word' id='word_1_1346' title='bbox 1618 3523 1728 3562; x_wconf 81' lang='lat' dir='ltr'>Viginti</span> <span class='ocrx_word' id='word_1_1347' title='bbox 1750 3523 1871 3554; x_wconf 78' lang='lat' dir='ltr'>Mssibus</span> <span class='ocrx_word' id='word_1_1348' title='bbox 1886 3523 2043 3555; x_wconf 76' lang='lat' dir='ltr'>Scutoruin</span> <span class='ocrx_word' id='word_1_1349' title='bbox 2064 3529 2120 3564; x_wconf 75' lang='lat' dir='ltr'>pro</span> <span class='ocrx_word' id='word_1_1350' title='bbox 2139 3524 2268 3560; x_wconf 81' lang='lat' dir='ltr'>Financia</span> <span class='ocrx_word' id='word_1_1351' title='bbox 2280 3522 2327 3553; x_wconf 85' lang='lat' dir='ltr'>sua</span> 
     </span>
     <span class='ocr_line' id='line_1_181' title="bbox 1272 3559 2324 3600; baseline -0.003 -7"><span class='ocrx_word' id='word_1_1352' title='bbox 1272 3564 1447 3600; x_wconf 74' lang='lat' dir='ltr'>satisiecerit,</span> <span class='ocrx_word' id='word_1_1353' title='bbox 1467 3565 1624 3599; x_wconf 90' lang='lat' dir='ltr'>morando,</span> <span class='ocrx_word' id='word_1_1354' title='bbox 1642 3563 1675 3592; x_wconf 90' lang='lat'>&amp;</span> <span class='ocrx_word' id='word_1_1355' title='bbox 1695 3562 1812 3599; x_wconf 81' lang='lat' dir='ltr'>exinde,</span> <span class='ocrx_word' id='word_1_1356' title='bbox 1835 3562 1906 3593; x_wconf 72' lang='lat' dir='ltr'>infra</span> <span class='ocrx_word' id='word_1_1357' title='bbox 1928 3562 2045 3594; x_wconf 77' lang='lat' dir='ltr'>Decem</span> <span class='ocrx_word' id='word_1_1358' title='bbox 2067 3563 2239 3600; x_wconf 75' lang='lat' dir='ltr'>septimanas</span> <span class='ocrx_word' id='word_1_1359' title='bbox 2257 3559 2324 3597; x_wconf 88' lang='lat' dir='ltr'>post</span> 
     </span>
     <span class='ocr_line' id='line_1_182' title="bbox 1271 3599 2326 3639; baseline -0.001 -8"><span class='ocrx_word' id='word_1_1360' title='bbox 1271 3602 1488 3639; x_wconf 88' lang='lat' dir='ltr'>persolutionem</span> <span class='ocrx_word' id='word_1_1361' title='bbox 1502 3600 1524 3629; x_wconf 95' lang='lat' dir='ltr'>F</span> <span class='ocrx_word' id='word_1_1362' title='bbox 1525 3602 1644 3631; x_wconf 86' lang='lat' dir='ltr'>inanciae</span> <span class='ocrx_word' id='word_1_1363' title='bbox 1659 3600 1714 3631; x_wconf 84' lang='lat' dir='ltr'>suae</span> <span class='ocrx_word' id='word_1_1364' title='bbox 1728 3600 1888 3639; x_wconf 61' lang='lat' dir='ltr'>medietate,</span> <span class='ocrx_word' id='word_1_1365' title='bbox 1905 3601 1997 3632; x_wconf 78' lang='lat' dir='ltr'>versus</span> <span class='ocrx_word' id='word_1_1366' title='bbox 2011 3608 2100 3639; x_wconf 76' lang='lat' dir='ltr'>partes</span> <span class='ocrx_word' id='word_1_1367' title='bbox 2110 3601 2233 3638; x_wconf 86' lang='lat' dir='ltr'>proprias</span> <span class='ocrx_word' id='word_1_1368' title='bbox 2255 3599 2326 3630; x_wconf 83' lang='lat' dir='ltr'>libe-</span> 
     </span>
     <span class='ocr_line' id='line_1_183' title="bbox 1271 3639 2326 3715; baseline -0.002 -7"><span class='ocrx_word' id='word_1_1369' title='bbox 1271 3639 1716 3714; x_wconf 49' lang='lat' dir='ltr'>{Jee‘rsffiffbs‘izussiiismffl‘i‘s‘fflsss</span> <span class='ocrx_word' id='word_1_1370' title='bbox 1724 3639 2246 3715; x_wconf 50' lang='lat' dir='ltr'>affiffitfflffiiafffffiffis</span> <span class='ocrx_word' id='word_1_1371' title='bbox 2255 3646 2326 3693; x_wconf 53' lang='lat'>9³¹⁰</span> 
     </span>
     <span class='ocr_line' id='line_1_184' title="bbox 1307 3699 2325 3752; baseline -0.001 -6"><span class='ocrx_word' id='word_1_1372' title='bbox 1307 3700 1426 3746; x_wconf 65' lang='lat' dir='ltr'>Provisb</span> <span class='ocrx_word' id='word_1_1373' title='bbox 1445 3699 1552 3752; x_wconf 52' lang='lat' dir='ltr'>sempe}</span> <span class='ocrx_word' id='word_1_1374' title='bbox 1573 3699 1658 3752; x_wconf 70' lang='lat' dir='ltr'>quod’</span> <span class='ocrx_word' id='word_1_1375' title='bbox 1677 3716 1752 3745; x_wconf 86' lang='lat' dir='ltr'>idem</span> <span class='ocrx_word' id='word_1_1376' title='bbox 1772 3718 1906 3745; x_wconf 81' lang='lat' dir='ltr'>Dominus</span> <span class='ocrx_word' id='word_1_1377' title='bbox 1927 3716 1959 3744; x_wconf 84' lang='lat' dir='ltr'>de</span> <span class='ocrx_word' id='word_1_1378' title='bbox 1981 3717 2116 3745; x_wconf 60' lang='lat' dir='ltr'>Gaui-our?</span> <span class='ocrx_word' id='word_1_1379' title='bbox 2136 3723 2169 3742; x_wconf 84' lang='lat' dir='ltr'>ac</span> <span class='ocrx_word' id='word_1_1380' title='bbox 2193 3700 2325 3751; x_wconf 71' lang='lat' dir='ltr'>Personae</span> 
     </span>
     <span class='ocr_line' id='line_1_185' title="bbox 1290 3750 2329 3822; baseline 0.002 -39"><span class='ocrx_word' id='word_1_1381' title='bbox 1290 3755 1415 3822; x_wconf 67' lang='lat' dir='ltr'>raediletae</span> <span class='ocrx_word' id='word_1_1382' title='bbox 1431 3754 1504 3821; x_wconf 53' lang='lat' dir='ltr'>bene</span> <span class='ocrx_word' id='word_1_1383' title='bbox 1519 3755 1552 3784; x_wconf 73' lang='grc' dir='ltr'>ὃς</span> <span class='ocrx_word' id='word_1_1384' title='bbox 1568 3752 1688 3783; x_wconf 78' lang='lat' dir='ltr'>honeste</span> <span class='ocrx_word' id='word_1_1385' title='bbox 1699 3753 1725 3784; x_wconf 85' lang='lat' dir='ltr'>se</span> <span class='ocrx_word' id='word_1_1386' title='bbox 1744 3753 1865 3784; x_wconf 87' lang='lat' dir='ltr'>habeant</span> <span class='ocrx_word' id='word_1_1387' title='bbox 1887 3754 1921 3785; x_wconf 85' lang='lat'>&amp;</span> <span class='ocrx_word' id='word_1_1388' title='bbox 1945 3761 2042 3793; x_wconf 77' lang='lat' dir='ltr'>gerant</span> <span class='ocrx_word' id='word_1_1389' title='bbox 2062 3760 2127 3789; x_wconf 84' lang='lat' dir='ltr'>erga</span> <span class='ocrx_word' id='word_1_1390' title='bbox 2149 3750 2269 3790; x_wconf 86' lang='lat' dir='ltr'>Regem</span> <span class='ocrx_word' id='word_1_1391' title='bbox 2291 3753 2329 3785; x_wconf 62' lang='grc' dir='ltr'>δά</span> 
     </span>
     <span class='ocr_line' id='line_1_186' title="bbox 1296 3801 1511 3823; baseline -0.009 -1"><span class='ocrx_word' id='word_1_1392' title='bbox 1296 3803 1315 3822; x_wconf 91' lang='grc' dir='ltr'>ο</span> <span class='ocrx_word' id='word_1_1393' title='bbox 1336 3803 1355 3823; x_wconf 87' lang='lat' dir='ltr'>u</span> <span class='ocrx_word' id='word_1_1394' title='bbox 1367 3802 1416 3822; x_wconf 87' lang='lat' dir='ltr'>um</span> <span class='ocrx_word' id='word_1_1395' title='bbox 1442 3801 1511 3821; x_wconf 90' lang='lat' dir='ltr'>uum</span> 
     </span>
     <span class='ocr_line' id='line_1_187' title="bbox 1307 3803 2331 3868; baseline -0.001 -8"><span class='ocrx_word' id='word_1_1396' title='bbox 1307 3803 1344 3860; x_wconf 61' lang='grc' dir='ltr'>ἔτ</span> <span class='ocrx_word' id='word_1_1397' title='bbox 1365 3814 1534 3868; x_wconf 81' lang='lat' dir='ltr'>quicquam’,</span> <span class='ocrx_word' id='word_1_1398' title='bbox 1551 3829 1629 3866; x_wconf 89' lang='lat' dir='ltr'>quod</span> <span class='ocrx_word' id='word_1_1399' title='bbox 1651 3830 1680 3859; x_wconf 89' lang='lat' dir='ltr'>in</span> <span class='ocrx_word' id='word_1_1400' title='bbox 1704 3828 1792 3868; x_wconf 83' lang='lat' dir='ltr'>Regis</span> <span class='ocrx_word' id='word_1_1401' title='bbox 1811 3828 1856 3860; x_wconf 82' lang='lat' dir='ltr'>seu</span> <span class='ocrx_word' id='word_1_1402' title='bbox 1878 3823 1988 3867; x_wconf 73' lang='lat' dir='ltr'>Populi</span> <span class='ocrx_word' id='word_1_1403' title='bbox 2001 3826 2040 3858; x_wconf 81' lang='lat' dir='ltr'>sui</span> <span class='ocrx_word' id='word_1_1404' title='bbox 2063 3827 2258 3866; x_wconf 75' lang='lat' dir='ltr'>praejudicium</span> <span class='ocrx_word' id='word_1_1405' title='bbox 2278 3823 2331 3862; x_wconf 68' lang='lat' dir='ltr'>ves</span> 
     </span>
     <span class='ocr_line' id='line_1_188' title="bbox 1271 3866 2325 3936; baseline 0.001 -38"><span class='ocrx_word' id='word_1_1406' title='bbox 1271 3867 1554 3936; x_wconf 77' lang='lat' dir='ltr'>Dampnurndcedere</span> <span class='ocrx_word' id='word_1_1407' title='bbox 1568 3869 1674 3906; x_wconf 88' lang='lat' dir='ltr'>valeat,</span> <span class='ocrx_word' id='word_1_1408' title='bbox 1693 3877 1753 3898; x_wconf 90' lang='lat' dir='ltr'>non</span> <span class='ocrx_word' id='word_1_1409' title='bbox 1773 3873 1957 3909; x_wconf 75' lang='lat' dir='ltr'>attemptent,</span> <span class='ocrx_word' id='word_1_1410' title='bbox 1975 3866 2021 3896; x_wconf 71' lang='lat' dir='ltr'>vei</span> <span class='ocrx_word' id='word_1_1411' title='bbox 2041 3869 2199 3905; x_wconf 74' lang='lat' dir='ltr'>attemptari</span> <span class='ocrx_word' id='word_1_1412' title='bbox 2221 3867 2325 3899; x_wconf 82' lang='lat' dir='ltr'>faciant</span> 
     </span>
     <span class='ocr_line' id='line_1_189' title="bbox 1291 3915 1689 3942; baseline -0.005 -5"><span class='ocrx_word' id='word_1_1413' title='bbox 1291 3916 1372 3937; x_wconf 80' lang='lat' dir='ltr'>uovis</span> <span class='ocrx_word' id='word_1_1414' title='bbox 1387 3915 1438 3935; x_wconf 91' lang='lat' dir='ltr'>mo</span> <span class='ocrx_word' id='word_1_1415' title='bbox 1459 3916 1497 3942; x_wconf 91' lang='lat' dir='ltr'>o,</span> <span class='ocrx_word' id='word_1_1416' title='bbox 1687 3922 1689 3925; x_wconf 45' lang='lat'><em>⁴</em></span> 
     </span>
     <span class='ocr_line' id='line_1_190' title="bbox 1271 3917 2329 3983; baseline 0.001 -9"><span class='ocrx_word' id='word_1_1417' title='bbox 1271 3917 1290 3945; x_wconf 74' lang='lat' dir='ltr'>q</span> <span class='ocrx_word' id='word_1_1418' title='bbox 1310 3944 1458 3983; x_wconf 82' lang='lat' dir='ltr'>Qodque</span> <span class='ocrx_word' id='word_1_1419' title='bbox 1470 3943 1536 3981; x_wconf 85' lang='lat' dir='ltr'>ipsi,</span> <span class='ocrx_word' id='word_1_1420' title='bbox 1552 3944 1698 3975; x_wconf 81' lang='lat' dir='ltr'>existentes</span> <span class='ocrx_word' id='word_1_1421' title='bbox 1711 3945 1740 3973; x_wconf 90' lang='lat' dir='ltr'>in</span> <span class='ocrx_word' id='word_1_1422' title='bbox 1755 3943 1893 3981; x_wconf 84' lang='lat' dir='ltr'>aliquibus</span> <span class='ocrx_word' id='word_1_1423' title='bbox 1905 3940 2030 3981; x_wconf 87' lang='lat' dir='ltr'>Castris,</span> <span class='ocrx_word' id='word_1_1424' title='bbox 2048 3941 2143 3982; x_wconf 80' lang='lat' dir='ltr'>Villis,</span> <span class='ocrx_word' id='word_1_1425' title='bbox 2160 3943 2207 3974; x_wconf 90' lang='lat' dir='ltr'>seu</span> <span class='ocrx_word' id='word_1_1426' title='bbox 2230 3943 2329 3975; x_wconf 75' lang='lat' dir='ltr'>Forta-</span> 
     </span>
     <span class='ocr_line' id='line_1_191' title="bbox 1271 3980 2330 4021; baseline 0 -8"><span class='ocrx_word' id='word_1_1427' title='bbox 1271 3983 1350 4018; x_wconf 83' lang='lat' dir='ltr'>litiis,</span> <span class='ocrx_word' id='word_1_1428' title='bbox 1370 3982 1445 4021; x_wconf 84' lang='lat' dir='ltr'>Regi</span> <span class='ocrx_word' id='word_1_1429' title='bbox 1459 3981 1685 4021; x_wconf 86' lang='lat' dir='ltr'>Obedientibus,</span> <span class='ocrx_word' id='word_1_1430' title='bbox 1703 3983 1872 4019; x_wconf 79' lang='lat' dir='ltr'>quicquam,</span> <span class='ocrx_word' id='word_1_1431' title='bbox 1890 3980 1969 4018; x_wconf 85' lang='lat' dir='ltr'>quod</span> <span class='ocrx_word' id='word_1_1432' title='bbox 1986 3991 2086 4013; x_wconf 76' lang='lat' dir='ltr'>contra</span> <span class='ocrx_word' id='word_1_1433' title='bbox 2098 3982 2330 4014; x_wconf 58' lang='lat' dir='ltr'>Tractatum&amp;-</span> 
     </span>
     <span class='ocr_line' id='line_1_192' title="bbox 1270 4018 2343 4097; baseline 0.001 -46"><span class='ocrx_word' id='word_1_1434' title='bbox 1270 4024 1306 4051; x_wconf 60' lang='grc' dir='ltr'>εἰς</span> <span class='ocrx_word' id='word_1_1435' title='bbox 1316 4019 1431 4061; x_wconf 64' lang='lat' dir='ltr'>finalis,</span> <span class='ocrx_word' id='word_1_1436' title='bbox 1448 4021 1520 4051; x_wconf 83' lang='lat' dir='ltr'>inter</span> <span class='ocrx_word' id='word_1_1437' title='bbox 1530 4019 1740 4059; x_wconf 75' lang='lat' dir='ltr'>Regna-Regis</span> <span class='ocrx_word' id='word_1_1438' title='bbox 1752 4019 1920 4050; x_wconf 66' lang='lat' dir='ltr'>Franeiae&amp;</span> <span class='ocrx_word' id='word_1_1439' title='bbox 1935 4018 2048 4060; x_wconf 74' lang='lat' dir='ltr'>Angliae</span> <span class='ocrx_word' id='word_1_1440' title='bbox 2062 4020 2145 4054; x_wconf 65' lang='lat' dir='ltr'>51&amp;ae</span> <span class='ocrx_word' id='word_1_1441' title='bbox 2160 4021 2195 4054; x_wconf 70' lang='grc' dir='ltr'>ὃς</span> <span class='ocrx_word' id='word_1_1442' title='bbox 2209 4021 2343 4097; x_wconf 54' lang='lat' dir='ltr'>oonelsiii&#39;</span> 
     </span>
    </p>
   </div>
  </div>
 </body>
</html>
