2562 4274
815 156 927 209 ET
1011 154 1274 209 ACTA
1357 166 1826 212 PUBLICA.

2299 187 2323 226 7

14 258 92 289 Ann.
102 254 142 286 D.
198 254 362 287 Defiderans
377 260 408 286 ut
421 251 524 284 eisdem
539 244 667 284 Nunciis
681 246 715 283 &
730 244 980 283 Ambaffiatoribus
988 251 1095 284 Literas
1111 251 1220 283 nostras
1258 251 1336 289 Regis
1354 250 1466 290 Angliae
1489 249 1528 288 (ἓν
1549 257 1689 292 Franciae,
1706 257 1739 286 ὃς
1760 255 1885 287 Domini
1906 255 2074 294 HIberniae,
2092 255 2128 287 ad
2150 256 2317 295 infrascripta
2341 256 2416 287 Ann.
2427 253 2469 289 D.

34 303 118 334 1417.

14 339 76 364 Heu.
94 342 124 370 5.

12 640 30 658 ⁸
48 641 102 669 lx.

12 680 81 715 469.

0 3543 19 3564 ⁸
30 3544 84 3573 ix.

0 3591 68 3618 470·

4 3882 77 3915 Ann.
93 3884 136 3917 D.

28 3932 115 3962 1417.

5 3963 53 3990 dn.
71 3972 98 3998 5.

6 4003 38 4028 H.
54 4009 82 4034 5.

7 4037 66 4066 ibid.

8 4084 38 4109 m.
58 4075 87 4115 83

161 294 197 326 de
208 295 284 326 salvo
299 293 456 324 Condudiu
466 293 623 323 concedere
636 292 834 329 dignaremur,

198 333 268 364 Nos
282 331 446 370 (Proposito
458 332 491 362 ὃς
507 330 658 366 Desiderio
670 329 753 368 iplius
769 326 853 358 Ducis
867 329 896 359 in
912 329 966 360 hac
979 337 1057 367 parte
1074 328 1218 360 favorabi-

155 372 218 403 liter
238 371 372 407 inclinati)
393 369 569 407 Suscepimus
590 368 803 407 Qinquaginta
826 364 959 398 Personas
981 368 1149 406 Equestres,
1168 376 1214 398 aut

156 411 314 452 pauciores,
332 408 460 438 Armatas
471 408 527 438 sive
544 417 604 437 non
624 407 769 442 Armatas,
785 406 821 436 de
841 405 985 437 Gentibus
1002 406 1127 444 praedic‘ti
1151 409 1215 435 Du-

155 453 192 480 cis
211 447 424 485 (cujuscumque
442 442 558 484 Status,
581 444 696 476 Gradus
709 467 718 483 ,
741 444 786 475 seu
813 443 995 476 Conditionis
1012 444 1127 482 fuerint)
1148 454 1215 480 quas

159 486 234 517 idem
250 487 320 515 Dux
337 484 446 516 duxerit
464 484 610 515 mittendas
646 492 710 513 enes
728 482 908 514 Praesentiam
926 482 1053 513 nostram
1066 507 1075 522 ,
1102 485 1131 513 in
1152 482 1215 512 Re„

158 534 247 564 gnum
266 524 395 554 nostrum
414 523 529 561 Angliae
547 523 591 553 vel
633 522 751 559 ranciae,
769 529 815 552 aut
832 522 913 560 alibi,
932 523 1014 553 etiam
1033 523 1063 551 in
1081 521 1215 552 Excerci-

157 572 189 594 tu
207 561 304 592 nostro
321 563 367 593 vel
387 562 516 599 Armata,
535 560 616 591 simul
634 561 794 598 veniendo,
812 560 920 590 ibidem
939 560 1096 598 morando,
1115 561 1148 591 δί
1166 565 1216 590 ex-

158 600 224 631 inde
242 600 277 631 ad
296 600 413 639 Propria
430 599 593 636 redeundo,
611 604 727 630 necnon
746 597 860 636 EquOS,
879 599 973 637 Bona,
992 598 1069 637 Res,
1087 599 1121 629 ὃς
1138 598 1215 628 Her-

155 640 229 670 nesia
246 639 291 670 sua
308 640 328 659 '³
368 647 554 677 uaecumque,
570 636 631 672 &c.
646 644 678 667 ut
694 641 723 667 in
748 637 865 667 zmilibus
879 637 910 667 de
924 637 1060 667 condam
1077 639 1190 667 Literis.

192 677 226 709 Iri
241 679 335 716 cujus,
388 687 413 708 c.
429 687 477 715 per
492 686 581 707 unum
596 686 703 707 annum
738 685 863 706 uraturas.

229 716 317 748 Teste
331 716 415 755 Rege
427 715 502 754 apud
515 710 681 754 Portchestre
694 714 828 747 vicesimo
842 714 947 746 Tertio
961 713 1006 744 die
1017 713 1094 753 Julii.

837 790 892 821 Per
908 789 990 830 ipsum
1005 792 1109 828 Regem.

362 918 412 950 De
427 915 597 950 variando
617 927 686 949 cum
705 915 790 947 Duce
810 911 998 961 Burgundiae.

132 1035 138 1041 ‚
156 997 293 1058 REX,
311 1002 417 1034 dilecto
437 1001 556 1032 Clerico
573 998 642 1038 suo,
661 991 806 1037 Magistro
827 998 944 1029 Henrico
966 993 1049 1029 Wre
1062 1023 1072 1036 ,
1091 996 1214 1029 Custodi

235 1040 337 1071 Privati
357 1040 434 1080 sigilli
451 1038 556 1076 nostri,
577 1038 607 1067 in
624 1045 744 1075 utroque
757 1037 827 1076 Jure
845 1037 1022 1075 Licentiato,
1035 1038 1086 1073 &,
1105 1037 1212 1067 dile&o

97 1072 120 1116 ,’
156 1078 190 1109 &
208 1077 297 1109 Fiden
315 1080 383 1117 suo,
401 1077 550 1108 Willselmo
570 1075 686 1115 clffird
699 1075 787 1107 Militi
798 1099 809 1113 2
823 1086 874 1114 ac,
891 1076 999 1108 dilecto
1018 1075 1134 1106 Cretico
1152 1074 1213 1113 suo,

156 1116 210 1147 Ma
232 1117 297 1148 istro
317 1113 464 1148 Willielmo
478 1114 639 1154 Lyndwod,
658 1115 770 1154 Legum
788 1115 931 1152 Dediori,
947 1114 1084 1145 Salutem.

224 1155 275 1186 um
294 1165 383 1193 nuper
396 1179 406 1193 ,
424 1155 496 1185 inter
512 1156 572 1182 Nos
587 1176 596 1191 ,
614 1162 648 1184 ex
667 1154 725 1184 una
739 1176 748 1191 ‚
775 1154 808 1184 &
829 1152 1015 1192 magnificum
1033 1152 1214 1189 Principem,

155 1193 315 1232 Johannem
342 1197 445 1224 Ducem
470 1192 635 1230 Burgundiae
647 1216 656 1229 ,
688 1191 862 1226 carissimum
889 1191 1143 1229 Consanguineum
1161 1199 1215 1218 no-

156 1232 261 1269 strum,
279 1240 357 1271 parte
370 1242 404 1262 ex
417 1232 514 1269 altera,
533 1239 618 1261 certae
631 1230 755 1270 Treugae
770 1230 828 1261 five
836 1229 1014 1260 Guerrarum
1027 1228 1214 1261 Abstinentiae

153 1270 279 1302 traeratae
299 1271 333 1303 &
352 1270 495 1302 conclusae
515 1270 642 1307 fuerunt,
660 1269 747 1307 usque
769 1268 804 1299 ad
826 1267 943 1299 Festum
955 1268 1051 1298 Sanffl
1063 1266 1214 1297 Michaelis

151 1308 324 1346 Archangeli
337 1312 502 1348 proximum
513 1308 717 1339 rantummodo
731 1307 871 1338 duraturae
879 1329 888 1345 ‚

190 1347 321 1378 Necnon
330 1357 422 1386 ⁵certae
435 1347 603 1378 Securitates
614 1346 755 1383 generales
767 1355 820 1383 pro
841 1343 1067 1381 Mercatoribus,
1087 1342 1212 1373 Piscato-

148 1386 224 1416 ribus
232 1381 294 1424 ,&
313 1387 471 1424 peregrinis
488 1410 498 1425 ,
523 1394 582 1416 tam
604 1383 700 1424 Regni
724 1384 812 1414 nostri
835 1382 969 1423 Angliae,
1002 1382 1089 1420 quarn
1112 1380 1213 1411 Patriae

150 1424 222 1454 dicu
248 1426 330 1454 Ducis
351 1425 487 1456 Flandriae
499 1446 509 1463 ‚
536 1424 569 1454 &
586 1423 750 1462 generaliter
771 1431 823 1459 pro
844 1422 979 1461 omnibus
999 1419 1183 1450 Mercandifis
1199 1442 1209 1457 ,

150 1462 288 1494 hincinde
302 1464 479 1501 exercendis,
497 1464 531 1494 δε
542 1462 622 1500 alias,
640 1461 781 1492 conclusae
796 1456 1086 1497 fuerint&firmatae,
1104 1468 1168 1496 quae
1176 1457 1212 1489 de

148 1503 283 1541 prouimo
300 1502 436 1540 exspirare
447 1501 552 1532 debent
567 1500 601 1531 &
614 1500 701 1537 finiri,

185 1539 223 1570 Et
235 1549 381 1578 propterea
394 1540 522 1578 praefatus
533 1542 619 1576 Dux,
637 1537 791 1569 carifflmus
805 1536 1039 1575 Consanguineus
1054 1533 1165 1572 noster,
1174 1533 1211 1565 ad

147 1577 234 1614 Nos,
252 1577 289 1608 de
307 1578 453 1617 praesenti,
469 1577 664 1609 Transmiserit
683 1585 777 1607 certos
797 1575 860 1606 suos
882 1573 1117 1611 Ambaffiatores,
1136 1573 1211 1603 Pro-

146 1624 305 1655 curatoreS,
324 1616 558 1654 Commissarios,
575 1616 608 1646 &
625 1614 761 1646 Nuncios
775 1613 903 1652 speciales
917 1613 951 1643 ad
966 1611 1163 1644 Tractandum
1178 1612 1211 1643 δε

146 1653 391 1724 Corigltilisdendum
405 1655 485 1694 super
497 1652 668 1692 Praemiffis,
685 1655 720 1686 &
734 1653 792 1683 aliis
804 1652 932 1684 Materiis
948 1651 984 1682 de
1005 1661 1086 1682 novo
1107 1658 1211 1682 occur-

147 1701 218 1725 renti

185 1717 356 1771 Caeter'aque
368 1731 546 1770 faciendum,
565 1740 629 1770 quae
642 1729 759 1763 Bonum
772 1729 854 1760 Pacis
875 1729 908 1760 &
922 1727 1101 1759 Concordiae
1118 1727 1212 1758 mutui

149 1770 267 1841 &floris
279 1772 313 1802 &
326 1771 473 1803 Amicitiae
488 1770 561 1802 inter
575 1770 644 1802 Nos
656 1771 689 1802 ὅτ,
703 1769 798 1807 ipsum
812 1777 987 1799 concernere
1002 1765 1130 1806 poffent,

221 1819 256 1839 os

184 1832 301 1915 Boin‘u’m
315 1847 396 1879 Pacis
408 1847 442 1879 &
456 1845 632 1879 Ooncordiae
645 1844 806 1885 hujusmodi
828 1844 940 1876 sinceris
961 1842 1121 1875 Affefflbus
1138 1842 1212 1874 sem-

170 1894 199 1916 er
233 1894 362 1916 errantes

148 1892 169 1925 p
185 1923 235 1954 De
255 1909 405 1962 vestrisque
423 1921 567 1955 Fidelitate
593 1921 711 1962 probata
738 1923 772 1954 &
797 1919 1065 1959 circumspectione
1091 1918 1211 1958 provida

148 1960 305 2000 plurimum
321 1961 511 2000 confidentes,

184 2000 246 2031 Vos
260 2001 334 2031 Tres
351 1999 499 2039 Facimus,
518 1999 745 2035 Constituimus‚
762 2000 796 2031 ὃς
812 1998 987 2029 Ordinatnus
999 1996 1211 2028 nostrosCom-

149 2039 305 2078 missarios,
323 2038 501 2087 Depmams,
520 2038 670 2076 FastoreS,
686 2038 719 2069 &
733 2037 934 2068 Procuratores
952 2035 1098 2073 speciales;

185 2077 295 2109 Dantes
310 2079 344 2110 &
358 2078 559 2109 concedentes
578 2076 689 2115 Vobis,
706 2077 739 2107 &
762 2075 887 2107 Duobus
908 2074 1063 2113 Vestrum,
1082 2073 1212 2104 Potesta-

147 2124 207 2148 tem
227 2117 386 2156 generalem
406 2118 440 2148 &
462 2116 634 2155 plenariam,
651 2124 684 2146 ac
707 2114 879 2146 Mandatum
891 2111 1021 2153 speciale,
1041 2123 1096 2151 pro
1110 2112 1211 2143 Nobis

146 2157 181 2187 &
196 2155 331 2186 Nomine
346 2155 464 2194 nostro,
481 2164 549 2186 cum
562 2155 683 2194 praefatis
699 2152 968 2190 Ambaffiatoribus,
985 2150 1211 2189 Commiflariis,

145 2192 396 2232 procuratoribus,
414 2194 461 2225 seu
480 2194 609 2226 Nunciis
630 2192 699 2223 dieu
720 2191 853 2223 cariffimi
874 2190 1089 2230 consanguinei
1104 2189 1211 2227 nostri,

144 2232 180 2263 ad
190 2233 248 2264 hoc
262 2232 402 2265 sufficiens
412 2233 582 2264 Mandatum
597 2230 783 2270 habentibus,
801 2231 880 2268 super
894 2228 1208 2268 praemiffisTreugis&

144 2271 323 2302 Guerrarum
341 2271 541 2310 Abstinentiis,
558 2270 776 2307 Securitatibus,
794 2269 909 2308 aliisque
925 2268 1025 2299 Rebus
1039 2269 1072 2300 &
1083 2266 1211 2298 Materiis

143 2309 182 2380 ἓξ
195 2320 291 2380 c1}ng¹
303 2311 521 2380 zcciiirrentibus
535 2332 545 2350 ,
561 2307 718 2346 Tra&andi
736 2331 746 2347 ,
764 2307 942 2339 Conferendi
957 2330 967 2346 ,
986 2305 1211 2344 Concordandi,

246 2359 281 2380 nc
294 2361 311 2380 u
332 2358 367 2379 en
390 2359 398 2379 1

182 2386 289 2418 Dictas
303 2397 338 2418 ue
351 2373 493 2427 Tressugas,
511 2386 689 2418 Guerrarum
708 2385 910 2424 Abstinentias,
927 2386 962 2417 &
986 2384 1154 2415 Securitates
1175 2383 1211 2414 ad

143 2423 264 2464 Terras,
283 2397 440 2465 Dominia,
458 2426 492 2457 &
507 2426 589 2457 Loca
603 2425 671 2464 alia,
690 2433 748 2456 tam
765 2425 845 2454 iisius
862 2427 965 2462 Ducis,
985 2424 1072 2462 quam
1087 2421 1211 2463 Nqstra,

144 2462 340 2503 Coniurandi,
359 2464 554 2504 prorogandi,
572 2465 605 2496 &
619 2463 765 2494 Extenden
788 2464 812 2501 i,

179 2501 346 2541 Omniaque
359 2504 393 2534 &
408 2503 526 2543 singula,
545 2512 627 2542 quae,
645 2511 675 2533 ut
689 2502 886 2540 praemittitur,
905 2499 1059 2538 Tradiata,
1077 2498 1211 2530 Conclu-

140 2538 182 2579 sa,
201 2539 377 2579 Comumra,
393 2541 562 2581 Prorogata,
581 2541 627 2572 seu
644 2539 826 2571 Concordata
842 2539 962 2576 fuerint,
981 2548 1049 2569 curn
1060 2539 1142 2569 omni
1157 2538 1210 2569 Se-

142 2580 279 2617 curitate,
296 2579 390 2610 debita
403 2581 436 2611 &
451 2580 587 2619 honesta,
608 2579 744 2610 Nomine
757 2578 874 2615 nostro,
891 2575 1052 2615 Firmandi,

179 2617 224 2649 Ac
239 2618 420 2650 omnimodas
431 2619 615 2657 Securitates,
632 2617 850 2655 Obligationes,
866 2615 1039 2654 Cautiones,
1051 2623 1110 2645 tam
1125 2613 1210 2644 reales

141 2655 231 2695 quam
250 2657 423 2697 personales,
440 2668 494 2696 pro
515 2657 614 2688 Nobis
636 2657 669 2688 &
688 2655 824 2686 Nomine
842 2653 957 2693 nostro,
981 2654 1062 2692 super
1080 2653 1133 2684 hiis
1154 2653 1210 2684 Fa-

143 2695 285 2726 ciendi&
299 2695 491 2728 Promittendi
499 2717 510 2735 ,

177 2732 352 2773 Jurandique
372 2736 402 2765 in
421 2734 560 2766 Animam
585 2732 711 2764 nostram
727 2733 808 2771 quod
821 2732 972 2768 Tractata,
991 2728 1154 2769 Conclusa,
1174 2729 1209 2760 &

142 2770 331 2803 Concordata
351 2772 510 2812 hujusmodi
530 2772 606 2804 Rata
626 2772 796 2803 habebimus
807 2780 890 2809 atque
904 2770 1009 2808 Grata,
1026 2779 1081 2800 nec
1103 2768 1207 2808 aliquid

141 2811 357 2848 procurabimus
375 2820 423 2842 aut
444 2811 598 2849 faciemus,
623 2821 672 2849 per
693 2810 773 2849 quod
793 2809 941 2847 Tractata,
968 2807 1112 2839 Conclusa
1125 2832 1135 2846 ,
1161 2807 1208 2838 vel

141 2847 329 2881 Concordata
351 2849 511 2888 hujusmodi
531 2849 638 2881 efferiiu
659 2849 760 2881 debito
782 2848 917 2879 Frustrari
937 2847 1051 2886 poffent
1073 2854 1120 2878 aut
1135 2855 1210 2885 quo—

142 2887 303 2919 modolibet
316 2887 447 2927 impediri
454 2912 464 2927 ,

179 2925 364 2966 Securitates,
382 2926 510 2967 insuper,
528 2925 744 2964 obligationes,
763 2926 796 2956 &
818 2923 992 2963 Cautiones,
1008 2934 1042 2955 ac
1058 2923 1211 2963 juramen-

143 2969 206 3006 tum
219 2964 367 2996 consimile
380 2965 418 2997 ab
432 2966 535 2996 eodem
548 2967 643 3002 Duce,
661 2964 706 2994 seu
721 2963 802 3002 ipsius
816 2961 845 2993 in
863 2963 916 2993 hac
935 2971 1012 3001 parte
1032 2960 1211 2993 Commiffa-

144 3002 193 3070 giis
214 3001 261 3032 vel
282 3002 451 3044 Deputatis‚
478 3002 616 3042 Petendi,
635 3001 789 3042 Exigendi,
806 3000 1034 3041 Stipulandi,'&
1055 3001 1212 3039 Recipien-

166 3049 174 3069 i
188 3062 199 3078 ,
669 3045 672 3048 ’

166 3077 354 3123 ,(ἒεεῑεταςυε
371 3077 470 3111 omnia
491 3082 525 3112 &
546 3079 649 3120 singula
666 3078 819 3116 Faciendi,
838 3077 1035 3115 Excercendi,
1059 3078 1095 3110 ἂ
1114 3077 1211 3115 Expe-

143 3115 240 3162 diendi
255 3127 318 3156 quae
332 3118 360 3147 in
375 3117 524 3149 Praemissis
537 3120 571 3151 &
587 3120 663 3150 circa
675 3126 707 3149 ea
722 3117 873 3148 necessaria
894 3117 998 3148 fuerint
1016 3117 1063 3147 seu
1085 3125 1211 3154 quomo-

144 3155 253 3186 dolibet
275 3162 433 3194 oportuna,
448 3156 482 3187 &
503 3166 568 3195 quae
608 3157 702 3189 ualitas
720 3157 922 3194 Negotiorum
943 3155 1106 3194 hujusmodi
1126 3155 1211 3193 exigit

145 3195 181 3225 &
196 3194 377 3238 requiritQ&
390 3202 455 3232 quae
468 3193 536 3225 Nos
556 3167 607 3233 1123
624 3196 718 3226 facere
779 3195 883 3225 ffemus
903 3195 923 3225 fi
936 3194 1114 3232 personaliter
1127 3195 1212 3225 inter-

145 3231 283 3272 effemus,
300 3241 386 3277 etiam
401 3233 422 3263 fi
434 3232 496 3263 talia
512 3232 563 3263 fint
579 3242 644 3272 quae
658 3205 828 3265 Manffium
842 3234 956 3271 exigant
968 3232 1099 3272 speciale,

183 3270 409 3302 committentes
430 3271 529 3310 vobis,
546 3272 580 3303 δε
601 3271 725 3302 Duobus
746 3271 891 3310 vestrum,
909 3273 985 3302 circa
998 3271 1159 3311 Praemffla,
1177 3282 1211 3306 ac

145 3307 363 3379 Depengentia,
382 3312 416 3342 &
432 3308 588 3349 Connexa,
604 3310 727 3342 totaliter
740 3311 774 3342 &
795 3310 937 3349 plenarie,
954 3311 1136 3343 omnimodas
1159 3310 1213 3342 Vi-

147 3358 196 3381 ces
210 3358 249 3379 no
276 3359 316 3380 ras
842 3366 858 3375 >

186 3371 461 3426 Promitte’ntesque,
481 3386 560 3418 boni⁴
575 3386 630 3418 fide
643 3387 677 3419 &
691 3387 720 3417 in
733 3387 823 3418 verbo
840 3387 939 3424 regio,
958 3395 992 3418 ac
1008 3388 1059 3419 sub
1078 3389 1213 3428 Ypothe-

146 3435 181 3457 ca
194 3427 327 3458 omnium
343 3426 491 3464 Bonorum
506 3425 687 3463 nostrorum,
702 3425 883 3465 praesentium
901 3425 934 3455 &
945 3425 1123 3466 futurorum,
1142 3427 1214 3458 Nos

146 3463 272 3503 Ratum,
291 3465 434 3504 Gratum,
452 3466 485 3497 &
499 3464 630 3496 Firmum
647 3465 786 3502 perpetuo
804 3463 947 3493 habituros
960 3472 1056 3496 toturn
1079 3467 1113 3497 &
1133 3467 1214 3505 quic-

148 3503 217 3571 ?uid
241 3513 290 3542 pei·
310 3503 388 3542 Vos,
405 3512 451 3535 aut
475 3502 559 3534 Duos
577 3502 732 3540 Vestrum,
750 3511 782 3532 ut
796 3502 989 3540 praemittitur,
1007 3504 1132 3543 Adium,
1149 3504 1215 3535 Ge-

162 3541 242 3581 ium,
260 3543 279 3562 ¹*
294 3541 483 3581 Tractatum,
496 3542 675 3573 Conclusum
684 3565 693 3579 ,
704 3540 751 3572 vel
766 3539 985 3582 Concordatum
998 3542 1081 3573 fuerit
1092 3544 1122 3573 in
1136 3542 1215 3574 Prae-

153 3579 256 3649 miIniIiS,
273 3581 306 3612 &
321 3582 431 3652 ῦῐξὲυἱὶε
445 3580 669 3613 Praemissorum.

236 3629 314 3656 eujus
384 3629 411 3650 c.

222 3656 312 3688 Teste
323 3643 409 3698 ³Rege
420 3658 494 3698 apud
508 3656 661 3698 Porchestre
676 3655 816 3689 vicesimo
830 3657 913 3688 tertio
926 3655 971 3688 die
981 3654 1059 3696 Julii.

814 3734 868 3762 Per
881 3732 963 3772 ipfiem
977 3736 1085 3772 Regem.

243 3876 406 3911 Traeiasus
415 3879 504 3926 fitper
521 3881 746 3928 Prolongatione
761 3882 952 3927 Tra-agarum
969 3880 1126 3916 Flandrlae.

223 3962 341 3993 Mnibus
364 3961 473 3994 Christi
492 3960 640 4004 fidelibus,
657 3957 692 3997 a'd
712 3976 782 4003 quos
804 3965 951 4004 praesentes
963 3963 1069 3997 Literae
1079 3974 1219 4004 pervene-

240 4002 312 4039 rint,
337 4002 471 4031 Henricus
494 4005 576 4033 Ware
596 4003 703 4036 Custos
722 4004 827 4036 Privati
848 4003 940 4042 Sigilli
958 4027 969 4043 ,
994 4005 1028 4036 &
1051 4001 1219 4037 Willielmux

155 4040 296 4080 Lynwode
311 4039 422 4074 Legum
438 4039 573 4079 Do&or,

1257 289 1470 337 ComrnjOEust,
1487 290 1655 324 sufficienter
1675 296 1708 324 &
1731 294 1857 334 legitime
1876 295 2028 334 Deputati,
2055 295 2178 326 Salutem
2201 296 2231 325 in
2251 305 2317 326 orn-

1256 335 1336 358 mum
1350 329 1499 360 salvatore.

1295 366 1404 411 Literas
1416 368 1636 412 Commiffionis
1649 368 1718 400 dicu
1733 370 1953 401 metuendisfimi
1975 370 2099 402 Domini
2119 370 2210 402 nostri
2229 371 2319 412 Regis

1256 413 1416 443 recepimus
1430 417 1460 437 in
1474 407 1537 437 haec
1554 408 1658 445 verba,

1257 481 1463 542 HEnricus,
1481 482 1539 513 Dei
1561 482 1664 522 gratia,
1683 486 1744 512 Rex
1765 484 1878 521 Angliae
1902 484 1940 518 (ἐν
1963 488 2099 523 Franciae,
2118 485 2152 516 &
2167 484 2314 517 Dominus

1349 521 1496 551 Hiberniae
1509 545 1519 559 ,
1545 522 1651 552 dilecio
1675 522 1790 552 Clerico
1810 524 1859 553 suo
1873 545 1881 560 ,
1908 523 2052 559 Magistro
2074 526 2191 554 chrico
2213 528 2314 564 Whre,

1257 558 1380 589 Custodi
1395 559 1497 590 Privati
1512 559 1603 598 Sigilli
1616 559 1720 598 nostri,
1740 562 1768 589 in
1783 569 1904 598 utroque
1921 563 1983 598 jure
2009 561 2184 599 Licentiato,
2203 564 2252 602 &,
2271 564 2315 594 di-

1255 597 1333 666 ledig
1348 597 1465 665 lClerico
1480 598 1548 637 suo,
1569 597 1710 638 Magistro
1725 597 1871 628 Willielmo
1884 600 2040 637 Lynwode,
2060 599 2172 639 Legum
2196 601 2316 634 Dotion

1256 645 1294 673 ri,
1318 667 1320 670 ,
1336 646 1349 665 a
1362 643 1450 667 utem.

1295 673 1376 704 Cum
1398 682 1503 713 nuper,
1519 676 1592 706 inter
1608 675 1691 712 Nos,
1713 685 1746 705 ex
1768 674 1839 712 una,
1858 675 1909 711 ὃς.)
1927 670 2117 711 Magnificum
2131 677 2315 717 Principem,

1253 709 1415 750 Johannem
1437 713 1553 744 Ducem
1578 713 1745 753 Burgundiae
1761 731 1771 751 ,
1801 713 1972 744 carlffisssum
1995 715 2234 753 consanguineum
2261 727 2315 747 n0-·s

1257 749 1363 789 strum,
1381 751 1464 782 Parte
1485 761 1519 781 ex
1541 751 1641 789 alterii,
1660 760 1746 782 certae
1765 760 1872 788 treugae
1893 750 1949 781 sive
1983 762 2123 782 uerrarum
2137 756 2314 785 abstinentiae

1255 787 1381 819 traci-atae
1403 791 1437 821 δε
1459 790 1599 820 conclusae
1618 790 1738 828 fuerint,
1754 789 1840 827 usque
1859 789 1893 819 ad
1916 789 1954 819 Fe
1982 800 2031 820 um
2056 790 2151 821 SanCti
2166 792 2315 824 Michaelis

1255 826 1428 866 Archangeli
1441 829 1604 867 proximum
1619 829 1819 858 tantummodo
1833 828 1989 866 duraturae,

1294 865 1424 896 Necnon
1445 875 1532 897 certae
1552 866 1719 897 Securitates
1742 867 1884 903 generales
1907 875 1960 902 pro
1991 864 2223 905 Mercatoribus,
2254 867 2316 901 &cr

1250 911 1335 950 prout
1340 904 1425 944 stupra
1438 903 1510 935 Dat.
1529 905 1603 944 apud
1612 903 1765 945 Porchestre
1779 904 1900 945 vicqfimo
1913 907 1995 934 tertio
2005 906 2047 935 die
2058 904 2135 944 Julii
2149 909 2236 936 Anno
2250 908 2319 944 Rege

1255 954 1286 973 m
1300 943 1383 983 nostri
1393 943 1509 983 Qinto.

1293 1019 1364 1050 Post
1379 1030 1445 1058 quas
1457 1019 1574 1059 quidem
1589 1016 1807 1051 Commissionis
1821 1019 1944 1059 Literas,
1960 1030 2011 1059 per
2024 1019 2094 1052 Nos
2108 1030 2172 1052 rece
2194 1025 2246 1060 tas,

1293 1058 1405 1089 Habito
1419 1061 1488 1090 inter
1503 1059 1572 1090 Nos
1586 1060 1619 1090 &
1633 1059 1812 1090 honorabiles
1826 1061 1920 1097 viros,
1940 1059 2104 1091 Dominum
2120 1062 2163 1090 W
2162 1064 2171 1089 i
2183 1058 2270 1089 li'elmo
2285 1059 2318 1089 de

1257 1094 1354 1135 Campo
1377 1098 1482 1136 diverfiz
1498 1120 1508 1135 ,
1542 1098 1713 1137 Magistrum
1732 1100 1880 1127 Henricum
1903 1097 2024 1127 Godhals
2038 1120 2048 1136 ,
2078 1099 2111 1129 &
2140 1098 2318 1136 Magistrum

1256 1139 1395 1172 Georgium
1415 1137 1446 1165 de
1465 1136 1594 1175 Ostende,
1622 1135 1853 1174 Ambaffiatores,
1878 1136 2048 1167 Sereniffimi
2069 1136 2225 1177 Principis,
2249 1136 2319 1168 Do*-

1258 1176 1328 1205 mini
1343 1177 1425 1216 Ducis
1437 1175 1618 1211 Burgundiae,
1637 1174 1746 1211 aliquali
1756 1175 1909 1213 Traciatu,

1296 1211 1482 1255 Coniideratfa
1499 1215 1582 1242 etiam
1606 1212 1739 1256 utilitate,
1757 1222 1823 1251 quae
1844 1222 1878 1243 ex
1902 1213 2079 1251 infrascriptis
2091 1213 2195 1252 poterit
2215 1213 2319 1244 uti-im}³

1257 1261 1313 1290 que
1325 1255 1517 1281 communiter
1531 1256 1660 1285 evenire,
2202 1284 2205 1288 η

1293 1289 1341 1319 De
1353 1288 1488 1320 consensu
1503 1289 1536 1319 &
1551 1288 1658 1319 assensu
1672 1287 1815 1319 diciorum
1831 1285 2072 1320 Ambaffiatorum
2087 1292 2171 1319 Duris
2193 1289 2321 1325 Burgun-

1256 1329 1331 1397 gliae,
1344 1328 1466 1366 superius
1485 1327 1716 1365 nominatorum,
1735 1325 1792 1356 una
1813 1328 1964 1358 nobiscum
1983 1329 2012 1358 in
2032 1327 2084 1358 hac
2106 1335 2182 1366 parte
2198 1327 2319 1358 concluss

1277 1374 1399 1404 entium,
1685 1397 1687 1400 Α
2255 1394 2258 1395 ⁷

1295 1404 1340 1435 Ad
1364 1405 1602 1442 prorogationem
1621 1403 1654 1433 ὃς
1668 1402 1926 1439 prolongationem
1940 1402 2138 1441 Treugarum,
2155 1404 2228 1434 inter
2250 1403 2319 1434 Do-

1256 1445 1368 1474 minum
1384 1445 1513 1473 nostrum
1531 1446 1627 1480 Regem
1641 1443 1674 1472 &
1691 1441 1853 1472 Dominum
1872 1443 1972 1470 Ducem
1988 1441 2135 1478 praedi&os
2150 1442 2250 1472 ultim&
2264 1443 2318 1473 ini-

1255 1490 1362 1519 tarum,
1390 1492 1458 1513 cum
1481 1481 1533 1512 suis
1555 1480 1760 1519 incidentibus,
1782 1479 1994 1517 emergentibus
2007 1500 2018 1518 ,
2040 1480 2234 1517 dependentiis
2247 1503 2257 1519 ,
2282 1481 2318 1512 &

1212 1530 1217 1537 ²
1254 1522 1393 1552 connexis
1405 1520 1587 1559 procedimus
1601 1520 1630 1549 in
1644 1519 1722 1549 hunc
1738 1518 1879 1556 modurn,

1290 1598 1336 1628 IN
1357 1593 1790 1628 D21N0M1NEAMEN.
2250 1624 2252 1627 ,

1292 1636 1374 1667 Cum
1387 1646 1477 1673 nuper
1493 1643 1579 1666 certae
1594 1635 1740 1672 Treugae,
1757 1634 1813 1663 five
1827 1631 2007 1662 Guerrarum
2023 1631 2227 1670 Abstinentiae,
2247 1633 2319 1662 inter

1256 1675 1404 1706 Dominos
1420 1678 1516 1712 Regem
1530 1674 1562 1704 &
1580 1676 1684 1702 Ducem
1698 1672 1849 1710 praedictos
1859 1694 1868 1709 ,
1886 1680 1936 1709 per
1948 1670 2012 1701 suos
2027 1680 2120 1702 certos
2141 1671 2320 1701 Commissa-

1254 1716 1328 1752 rios,
1346 1714 1429 1744 certis
1442 1713 1538 1743 modis
1552 1714 1585 1743 &
1597 1711 1711 1747 formis,
1729 1711 1780 1740 sub
1792 1710 1853 1740 data
1867 1709 2029 1740 Londonie
2062 1710 2199 1740 vicesimo
2215 1718 2317 1747 quarto

1254 1753 1302 1783 die
1325 1752 1435 1782 Mensis
1455 1751 1551 1790 Junii,
1576 1750 1654 1781 Anni
1676 1749 1797 1779 Domini
1824 1748 1973 1778 Milleiimi
1988 1770 1999 1786 ,
2059 1748 2320 1787 uadringentelimi,

1255 1791 1376 1822 Decimi
1397 1791 1491 1828 Sexti,
1511 1797 1601 1828 captae
1621 1788 1672 1818 sint
1694 1788 1728 1818 &
1749 1788 1842 1824 initae,
1867 1786 1954 1824 usque
1973 1786 2008 1817 ad
2030 1786 2146 1817 Festum
2167 1786 2321 1818 Michaelis

1254 1831 1390 1868 proximo
1406 1828 1534 1860 futurum
1548 1827 1581 1859 &
1594 1836 1654 1857 non
1665 1826 1779 1856 ulterius
1794 1826 1946 1863 duraturae,

1293 1868 1339 1899 Ac
1361 1867 1471 1906 insuper
1491 1874 1575 1897 certae
1596 1865 1822 1902 Declarationes,
1840 1863 2040 1902 Exrensiones,
2057 1863 2243 1902 Additiones,
2261 1862 2320 1895 sive

1254 1917 1340 1938 novae
1363 1906 1556 1943 Provisiones,
1573 1904 1610 1935 de
1631 1905 1664 1935 &
1686 1903 1766 1941 super
1786 1902 1908 1940 eistiem,
1925 1903 1959 1933 δί
1981 1901 2015 1932 ad
2034 1902 2161 1939 easdem,
2180 1913 2230 1943 per
2248 1903 2319 1932 alios

1256 1944 1477 1976 Commissarios
1492 1943 1632 1981 utriusque
1645 1942 1733 1973 Partis
1748 1941 1892 1978 praedietae
1901 1964 1911 1978 ,
1928 1942 1958 1970 in
1971 1940 2046 1972 Villa
2060 1940 2162 1971 Calesii
2170 1963 2180 1978 ,
2194 1941 2244 1971 sub
2258 1941 2321 1971 Da⁴

1255 1984 1285 2015 ta
1301 1985 1330 2014 in
1343 1983 1419 2015 Vilia
1435 1980 1536 2014 Calesii
1552 1982 1668 2012 O&avo
1684 1980 1729 2010 die
1746 1979 1853 2010 Mensis
1869 1979 1957 2018 Maii,
1975 1980 2065 2010 Anno
2081 1979 2206 2009 Domini
2222 1979 2320 2009 Mille⁴

1255 2022 1347 2092 lima),
1366 2020 1671 2062 Qadringentesirno,
1689 2019 1809 2057 septimo
1822 2017 1956 2057 decimo,
1974 2018 2073 2057 factae,
2088 2018 2122 2049 δε
2136 2018 2321 2050 concordatae

1254 2070 1298 2092 exi
1324 2070 1372 2093 ant
2217 2087 2220 2089 .

1292 2084 1391 2131 Prout’
1399 2100 1426 2129 in
1443 2099 1526 2137 certis
1541 2098 1660 2135 Literis,
1679 2096 1716 2128 de
1730 2097 1764 2129 &
1777 2095 1856 2134 super
1871 2095 1954 2128 dietis
1964 2094 2104 2134 Treugis‚
2124 2094 2179 2126 five
2194 2093 2322 2125 Guerra·

1255 2147 1321 2170 rum
1345 2138 1544 2175 Abstinentiis,
1570 2142 1605 2168 ac
1624 2135 1887 2173 Declarationibus,
1905 2133 2137 2171 Extenfionibus‚
2155 2133 2320 2164 Additioniae

1254 2179 1323 2216 bus,
1343 2178 1400 2208 five
1414 2177 1496 2207 novis
1510 2175 1742 2213 Provisionibus,
1759 2173 1839 2204 factis
1852 2176 1932 2212 (quas
1945 2173 1993 2204 hic
2005 2172 2101 2203 haberi
2114 2172 2248 2204 volumus
2263 2178 2318 2211 pro

1256 2215 1374 2253 insertis)
1388 2214 1540 2252 expressius
1550 2215 1728 2251 continetur,
2213 2240 2215 2243 ,

1292 2254 1375 2292 Nos,
1391 2256 1524 2283 Henric'us
1538 2254 1572 2284 &
1588 2250 1767 2289 Willielmur,
1785 2248 2003 2281 metuendiffirni
2018 2248 2141 2279 Domini
2157 2247 2248 2279 nostri
2260 2240 2322 2280 Re⁴

1278 2294 1298 2324 is
1312 2292 1445 2324 antedicti
1458 2290 1652 2323 Commiffarii
1661 2313 1670 2329 ,
1681 2290 1717 2320 de
1730 2289 1884 2320 Voluntate
1896 2289 1930 2319 ὃς
1945 2287 2062 2318 Affensu
2076 2287 2321 2318 Ambaffiatorum

1254 2303 1381 2363 Domini
1404 2334 1489 2361 Ducis
1508 2329 1674 2368 Burgundiae
1695 2327 1918 2368 praedidiorum,
1934 2326 2041 2357 easdem
2065 2325 2195 2364 Treugas
2215 2325 2321 2364 praedi·

1255 2371 1328 2409 elas,
1347 2379 1415 2402 cum
1435 2370 1571 2400 omnibus
1593 2367 1627 2399 &
1647 2368 1685 2398 sin
1707 2367 1756 2398 ulis
1778 2366 1830 2397 suis
1849 2363 2114 2403 Declaratio‘nibus,
2140 2364 2322 2396 Extenfioni-

1256 2409 1324 2448 bus,
1345 2409 1566 2445 Addltionibus,
1584 2408 1666 2437 novis
1713 2403 1916 2443 rovifionibus,
1933 2402 2144 2442 Incidentibus,
2162 2403 2322 2442 Emergen-

1255 2449 1348 2487 tibus,
1368 2447 1593 2485 Dependentiis‚
1609 2446 1642 2478 δε
1666 2444 1830 2482 Connexis,
1845 2443 1999 2473 secundum
2022 2451 2142 2472 omnem
2156 2442 2244 2478 Vim,
2260 2441 2322 2472 for-

1253 2496 1348 2525 mam,
1366 2488 1400 2519 &
1414 2485 1553 2516 effectum
1567 2484 1731 2515 earumdem
1853 2482 1964 2512 scientia
1976 2480 2181 2520 Prorogamus,
2200 2479 2323 2511 Proiona-

1254 2535 1370 2566 gamus,
1387 2535 1420 2556 ac
1436 2533 1548 2555 exnunc
1563 2532 1648 2562 prout
1663 2529 1767 2553 eirtunc
1782 2519 1971 2552 Extendimus
1984 2519 2001 2549 a
2014 2518 2096 2549 Festo

1419 2564 1557 2602 proximo
1577 2561 1675 2592 futuro
1695 2559 1848 2598 inclusive,
1865 2569 1899 2590 ac
1919 2557 2044 2589 eundern
2065 2558 2196 2596 vigorem
2216 2551 2323 2588 habere

1253 2603 1404 2640 volumus,
1422 2611 1491 2632 cum
1512 2601 1649 2631 omnibus
1670 2601 1703 2631 ὃς
1723 2598 1835 2637 singulis
1855 2598 1908 2628 suis
1930 2594 2191 2633 Declarationibus,
2211 2594 2320 2625 Exten-

1254 2641 1396 2679 sionibus,
1419 2638 1636 2677 Additionibus,
1653 2638 1687 2670 &
1705 2639 1788 2669 novis
1809 2635 2023 2668 Provifionibus
2044 2643 2178 2665 contenta
2202 2635 2219 2664 ὲ
2239 2633 2321 2664 dicto

1591 2710 1593 2712 ,
1805 2675 1911 2706 habent
1931 2674 1950 2694 ²*
1970 2673 2005 2705 ὅτ.
2022 2673 2096 2704 adeo
2118 2671 2236 2704 firmiter
2254 2673 2321 2712 liga-

1253 2729 1299 2757 re,
1296 2728 1349 2788 <stac
1365 2717 1385 2748 fi
1399 2718 1430 2748 in
1441 2716 1560 2748 Tenore
1574 2713 1760 2747 Praesentium

1254 2766 1295 2789 tra
1327 2765 1369 2788 ata

1291 2796 1338 2827 Ad
1348 2779 1413 2826 ha'ec
1421 2818 1431 2833 ,
1449 2793 1582 2827 volumus
1593 2793 1628 2825 &
1644 2791 1838 2823 consentimus
1848 2789 1927 2827 quod
1941 2786 2102 2820 Comitatus
2114 2788 2246 2820 Boloniae

1843 2829 1988 2859 Omnibus
2000 2828 2052 2859 suis
2063 2827 2081 2867 J
2084 2829 2177 2859 uribus
2191 2829 2224 2859 &
2238 2827 2324 2866 perti-

1252 2872 1370 2910 nentiis,
1388 2872 1417 2902 in
1431 2869 1564 2902 universis
1577 2870 1607 2900 in
1618 2868 1699 2900 dicus
1713 2868 1838 2905 Treugis
1852 2866 2007 2897 includatur

1655 2905 1694 2942 ᾤ’
1710 2907 1798 2944 ipsum
1813 2905 1995 2936 Comitatum
2010 2913 2078 2936 cum
2094 2905 2146 2935 suis
2157 2900 2272 2944 Juribus
2285 2903 2321 2935 &-

1254 2948 1444 2988 pertinentiis,
1461 2948 1490 2978 in
1512 2946 1574 2984 ipfis
1596 2946 1736 2985 Treugis,
1753 2944 1840 2983 usque
1859 2944 1893 2975 ad
1907 2943 2023 2975 Festum
2039 2943 2155 2975 Paschae
2168 2943 2322 2980 duraturis,

1256 2987 1427 3018 includimus
1440 2997 1490 3026 per
1502 2985 1660 3024 expressum
1670 3008 1680 3023 ‚

1291 3026 1328 3057 Et
1343 3026 1471 3063 insuper,
1490 3024 1666 3054 Auctoritate
1679 3023 1712 3053 δε
1726 3021 1862 3052 Nomine
1877 3019 1946 3051 dicti
1959 3019 2180 3051 metuendiffimi
2196 3019 2321 3051 Domini

1254 3064 1344 3101 nostri
1368 3067 1462 3101 Regis,
1484 3062 1684 3093 Promittimus
1700 3084 1710 3099 ,
1734 3060 1815 3091 bona
1834 3057 1889 3089 fide
1903 3083 1913 3098 ,
1940 3059 2022 3098 quod
2042 3060 2141 3089 omnia
2161 3060 2195 3091 &
2217 3058 2322 3097 singula

1256 3103 1416 3141 Praemissa,
1434 3112 1487 3140 pro
1498 3109 1574 3139 parte
1583 3100 1628 3130 sua
1637 3123 1647 3138 ,
1666 3099 1783 3130 durante
1796 3098 1938 3129 Termino
1952 3097 2113 3135 antediem,
2132 3097 2188 3128 fine
2201 3097 2271 3128 dolo
2285 3097 2320 3128 ὅτ,

1255 3141 1352 3172 fraude
1366 3141 1449 3172 faciet
1461 3138 1655 3170 inviolabiliter
1668 3137 1815 3169 observari.

1293 3180 1330 3210 Et
1347 3179 1425 3217 super
1439 3179 1497 3209 hoc
1510 3178 1616 3208 Literas
1626 3177 1755 3208 Parentes
1769 3170 1990 3207 confirmatorias
2012 3173 2230 3206 metuendiffimi
2251 3169 2320 3204 Dos

1256 3219 1328 3249 mini
1342 3217 1430 3249 nostri
1445 3220 1522 3254 Regis
1534 3216 1685 3254 antedicti,
1702 3219 1731 3245 in
1740 3213 1792 3255 fico
1803 3216 1895 3246 verbo
1909 3216 2004 3253 regio,
2021 3214 2054 3245 &
2069 3213 2119 3244 sub
2132 3212 2203 3243 Obli
2239 3213 2320 3242 tione

1255 3258 1369 3288 suorum
1384 3256 1532 3287 Bonorum
1547 3262 1813 3293 quorumcumque,
1831 3252 1958 3291 expedire
1971 3254 2004 3283 ὅτ.
2028 3252 2136 3283 tradere
2156 3261 2202 3281 rea
2213 3253 2262 3282 iter
2284 3250 2318 3281 &

1256 3306 1324 3326 cum
1340 3294 1446 3326 effeetu
1458 3294 1584 3325 Nuncio
1596 3293 1667 3323 dicu
1681 3292 1809 3323 Domini
1825 3295 1909 3322 Ducis
1922 3292 1950 3321 in
1965 3290 2040 3322 Villa
2052 3290 2170 3328 Calesii,
2185 3298 2249 3321 ante
2264 3288 2320 3319 Fe-

1256 3334 1331 3365 stum
1344 3333 1509 3364 Nativitatis
1524 3333 1613 3363 beatae
1627 3331 1729 3362 Mariae
1742 3332 1876 3369 proximo
1890 3329 2034 3368 futurum,
2052 3329 2216 3360 dumtamen
2239 3327 2321 3366 Lite*

1256 3384 1296 3404 rae
1317 3372 1478 3404 consimiles
1496 3370 1732 3408 confirmatoriae,
1757 3380 1811 3408 pro
1833 3377 1910 3407 parte
1928 3368 2049 3406 ejusdem
2072 3367 2197 3398 Domini
2218 3369 2321 3403 Ducis,

1256 3412 1436 3450 expediantur
1448 3410 1643 3442 &liberentur
1659 3408 1735 3440 Parti
1748 3407 1854 3439 nostrae
1870 3408 1901 3438 in
1911 3407 2034 3446 hospitio
2051 3406 2177 3438 Domini
2201 3402 2321 3435 Williek

1256 3454 1293 3481 mi
1306 3449 1438 3489 Bardoffe
1450 3450 1479 3479 in
1492 3448 1591 3479 eadem
1606 3447 1690 3478 Villa.

1293 3489 1328 3520 In
1344 3498 1465 3527 quorum
1474 3488 1609 3518 omniurn
1622 3485 1709 3516 fidem
1722 3485 1757 3517 &
1772 3484 1971 3515 testimonium
1984 3481 2053 3514 Nos
2073 3480 2260 3514 Praesentibus
2279 3479 2322 3512 su⁵4

1256 3535 1307 3567 per
1321 3527 1380 3558 hoc
1391 3526 1533 3558 confeffis
1545 3524 1640 3565 sigilla
1653 3523 1748 3556 nostra
1759 3523 1945 3564 apposuimus.

1295 3614 1405 3645 Datum
1425 3613 1459 3644 δε
1478 3611 1586 3642 Αᾶυτῃ
1610 3609 1639 3641 in
1661 3607 1766 3641 Castro
1780 3607 1905 3640 Domini
1921 3602 2009 3639 nostri
2022 3607 2110 3647 Regis
2124 3607 2156 3636 de
2169 3599 2322 3643 Porchestre

1257 3652 1406 3684 Vicesimo
1421 3652 1522 3681 Tertio
1533 3649 1579 3680 die
1593 3649 1701 3680 Mensis
1713 3648 1798 3688 Julii‚
1817 3648 1905 3679 Anno
1918 3647 2044 3678 Domini
2058 3643 2323 3681 Minefimo,Qia--

1258 3690 1480 3730 dringentesimo
1488 3712 1498 3728 ‚
1515 3689 1631 3720 decimo
1643 3688 1772 3726 septimo.

1415 3835 1476 3867 Pro
1494 3830 1633 3878 Epifhopo
1649 3828 1846 3873 lVintonienfi
1854 3855 1864 3871 ‚
1890 3826 1926 3860 de
1941 3825 2170 3860 Pardonatione.

1257 3925 1391 3986 REX,
1408 3926 1556 3959 Omnibus
1576 3920 1688 3957 Ballivis
1707 3924 1742 3955 &
1762 3919 1901 3954 Fidelibus
1919 3919 1989 3958 suis,
2007 3918 2042 3950 ad
2056 3927 2147 3957 quos,
2165 3919 2226 3951 &c
2242 3916 2324 3951 Salu-

1296 3973 1399 4035 Sctiiltlls’
1415 4003 1516 4042 quod,
1533 4002 1570 4034 de
1591 4001 1690 4033 Gratia
1711 3994 1804 4030 nostra
1824 3992 1948 4042 speciali,
1966 3991 2189 4028 Pardonavirnus
2206 3995 2240 4028 δε
2262 3991 2325 4027 Re-

1257 4042 1430 4079 laxavimus,
1447 4041 1602 4073 reverendo
1618 4041 1647 4070 in
1661 4037 1777 4070 Christo
1792 4035 1884 4072 Patri,
1898 4035 2042 4066 avunculo
2058 4033 2158 4066 nostro
2174 4035 2329 4072 carissimo,-

2339 302 2454 368 sifi:

2342 2667 2362 2692 ⁴⁶
2378 2669 2433 2702 ix:

2343 2721 2408 2748 4710

2345 3841 2480 3876 AnnD.

2374 3889 2462 3923 1417.

2344 3927 2398 3950 An.
2419 3932 2447 3957 5·

2343 3966 2377 3988 H.
2398 3967 2427 3995 5¹.

2348 4003 2449 4032 Pans.

2348 4042 2463 4070 H-5.!'?i

190 4071 418 4123 Metuendissitni
438 4077 566 4112 Domini
590 4077 700 4120 nostri,
728 4077 861 4114 Domini
896 4078 1009 4114 Hernici
1021 4077 1092 4123 ,Dei
1113 4083 1222 4123 gratia,
1260 4083 1379 4114 Henreco
1399 4079 1535 4123 Beaufhrt
1556 4077 1679 4119 Episcopo
1700 4074 1901 4116 Wintonie‘nfi,
1916 4073 2105 4106 omnimodos
2121 4072 2329 4114 Transgrcffio-
2352 4083 2395 4104 ιι,

2262 4120 2310 4142 uss
2321 4133 2330 4146 ,
