2562 4274
2 187 81 217 Ann.
94 184 136 214 D.

28 232 111 263 1413.

3 267 67 292 Hm.
83 272 111 299 4.

20 2970 90 3000 ‘lx
110 2978 157 3000 ιο.

151 111 203 153 34

153 186 223 213 Dux
236 183 416 223 Aquitaniae,
433 178 587 214 omnibus,
605 176 641 207 ad
655 185 728 215 quos
743 175 888 214 praesentes
906 174 1010 205 Literae
1025 170 1221 213 pervenerint,

154 221 313 289 saitiiesnir
323 268 339 288 x
349 266 360 286 1
370 265 395 287 M
406 265 428 287 υ
440 266 452 287 s
480 255 585 285 Literas
606 252 713 283 nostras
735 251 880 291 Patenres,
898 261 981 290 quas,
1000 258 1130 292 ternpore
1146 247 1221 291 ¹Do-

155 299 226 329 mini
246 299 285 327 H.
302 300 394 334 Regis,
416 294 503 324 Patris
516 292 621 329 nostri,
641 291 701 322 fieri
722 290 858 330 fecimus,
875 289 996 322 Dilecto
1016 290 1050 320 &
1065 286 1153 330 Fideli
1166 295 1221 316 no-

155 337 230 375 stro,
250 335 377 375 Johanm'
391 332 510 371 Greilly‚
528 330 630 369 Sigillo
645 329 763 369 nostro,
781 340 840 370 quo
857 339 928 361 tunc
944 329 1111 364 utebamur,
1130 329 1220 364 ligna-

153 385 208 413 tas,
227 377 256 405 in
272 374 335 404 haec
348 373 449 410 verba,

191 449 350 481 Edwardus
365 471 374 487 ,
399 447 516 489 Illustris
537 449 614 486 Regis
638 440 753 484 Angliae
775 447 988 484 Primogenitus,
1011 442 1164 480 omnibus,
1186 440 1222 472 ad

156 500 230 529 quos
244 488 394 556 praesente‘s1
404 487 510 518 Literae
523 486 720 525 pervenerint,
739 484 873 515 Salutem.
1028 486 1032 491 ’

193 528 381 604 ἓᾝῗῑῗὸηὲἓὲ
397 549 581 596 bediffemus
596 561 729 592 Domino
744 561 875 601 Johanm‘
891 560 923 589 de
943 557 1062 597 Greilly,
1080 566 1131 601 per
1150 555 1222 587 Car-

155 613 214 636 tam
228 603 374 643 nostram,
395 603 525 642 Benang,
544 610 612 633 cum
631 598 825 638 Pertinentiis,
842 600 876 630 δε
900 597 1030 642 quaedam
1051 597 1103 627 aha
1123 596 1222 640 Tene-

157 652 269 681 menta,
286 644 322 674 ita
336 641 434 682 quod,
451 641 471 672 fi
485 651 518 672 ea
531 640 665 671 vellemus
678 639 809 670 rehabere
839 645 990 675 antequam
1004 636 1094 674 lpsum
1115 634 1224 666 Disser-

153 682 293 751 serfilmus'
311 681 489 713 tantumdem
502 680 569 710 alibi
583 680 619 710 de
633 677 734 709 nostris
752 677 804 708 fibi
814 661 989 707 Redditibus
1010 673 1222 714 affignarernus,

229 731 262 751 os

196 744 382 790 Attendentes
394 757 475 798 quod
490 757 583 788 didius
604 755 750 796 Johannes
770 755 846 785 circa
870 752 1108 796 AEdificationem
1128 750 1223 782 Castri

156 796 193 829 de
206 798 341 836 Benang,
359 799 392 829 &
404 797 629 828 meliorationem
646 794 880 825 pertinentiarum
897 791 995 830 ipfius,
1011 793 1045 822 ὃ(
1062 799 1149 822 etiam
1162 790 1223 821 Te-

157 846 359 872 nementorurn
374 837 494 866 aliorum
504 859 512 874 ,
530 835 629 865 multas
645 833 786 871 Expensas
800 832 896 863 fecerit
911 831 944 862 &
957 829 1083 868 Custus,

195 876 393 907 Promittimus
413 875 506 906 eidem
521 873 650 912 Johanm'
666 872 766 912 quod,
785 872 803 901 fi
818 870 903 907 Nos,
917 871 951 899 δε
965 868 1102 900 Haeredes
1116 868 1223 906 nostri,

158 914 294 945 Castrum
308 914 496 955 praedictum,
514 912 559 942 vel
572 911 674 948 aliquid
700 910 736 940 de
758 909 898 948 praedietis
911 908 1099 938 Tenementis
1130 909 1167 938 ab
1181 910 1224 948 ip-

157 955 188 985 so
206 953 355 992 Johanne,
373 952 418 983 vel
435 952 485 981 suis
504 950 693 986 Haeredibus,
711 948 883 978 voluerimus
903 946 1055 985 rehabere,
1109 956 1159 987 os,
1176 957 1225 978 an-

157 1001 269 1030 tequam
287 992 363 1022 idem
377 989 523 1029 Johannos
544 989 588 1019 vel
609 987 649 1018 sui
669 987 848 1018 diffeiezantur
882 984 975 1016 eidem
988 994 1116 1025 tantum,
1133 995 1226 1023 quan-

160 1039 223 1062 tum
239 1030 310 1061 ttinc
324 1040 382 1068 res,
397 1030 433 1058 ab
447 1027 508 1066 ipso
525 1027 570 1057 vel
593 1026 645 1056 suis
668 1034 766 1063 capta,
787 1025 814 1054 in
841 1008 990 1068 lffiomibus
1003 1024 1037 1055 ὃς
1052 1024 1224 1057 Redditibus

157 1069 259 1100 valebit
274 1077 343 1099 tunc
357 1069 509 1107 temporis,
529 1067 558 1096 in
574 1064 753 1103 competenti
770 1063 854 1102 loco,
873 1071 903 1093 in
920 1063 1058 1095 Vasconia
1079 1063 1227 1104 affignabi-

159 1117 222 1137 mus
237 1106 331 1138 eidem
344 1105 473 1144 Johanni
486 1104 531 1136 vel
546 1104 606 1135 suis.

192 1145 226 1176 In
242 1146 322 1184 cujus
337 1146 376 1176 rei
398 1144 594 1175 testinmnium
623 1141 670 1173 has
696 1141 804 1172 Literas
827 1139 936 1172 nostras
952 1139 1013 1172 fieri
1036 1141 1155 1173 fecimus
1170 1140 1226 1173 Pa-

187 1195 204 1214 n
218 1194 254 1214 es.

156 1193 250 1254 tessat
276 1221 400 1252 London.
420 1221 503 1252 tertio
518 1219 563 1262 dic
578 1218 665 1258 Julii,
684 1219 773 1250 Anno
791 1217 888 1259 Regni
905 1217 1032 1250 Domini
1050 1218 1158 1262 Regis,
1173 1219 1227 1252 Pa-

156 1263 203 1293 tris
219 1260 325 1300 nostri,
341 1261 591 1300 Qiinquageiimo
605 1259 708 1299 primo.

191 1338 225 1370 In
244 1340 321 1378 cujus
338 1339 377 1370 rei
395 1337 593 1373 testimonium
618 1336 666 1368 has
693 1336 800 1367 Literas
825 1334 932 1367 nostras
957 1334 1016 1367 fieri
1034 1335 1154 1368 fecimus
1172 1336 1228 1369 Pa-

156 1387 314 1496 teng-egb&
309 1416 416 1462 meipso
434 1415 507 1457 apud
524 1413 662 1446 Rothelan
678 1414 775 1453 primo
794 1412 840 1444 die
854 1412 1012 1451 oerobris,
1030 1412 1120 1445 Anno
1134 1414 1229 1455 Regni

160 1467 200 1487 no
228 1467 252 1486 ri
300 1464 391 1486 uinto.

193 1532 317 1564 Constat
334 1533 422 1564 etiam
442 1531 558 1570 Nobis,
576 1540 627 1569 per
649 1529 860 1570 Inspectionem
882 1525 1058 1560 Rotulorum
1078 1527 1230 1563 Cancella-

157 1573 226 1610 riae,
245 1572 364 1603 celebris
380 1572 542 1608 memoriae,
561 1569 642 1607 ipsius
655 1568 714 1600 Avi
729 1568 835 1608 nostri,
856 1568 938 1607 quod
953 1569 1032 1600 idem
1040 1569 1118 1602 Avus
1132 1570 1228 1603 noster

162 1611 269 1642 Literas
283 1611 340 1641 suas
355 1609 413 1642 fieri
426 1609 493 1641 fecit
507 1611 537 1640 in
551 1609 614 1639 haec
628 1608 730 1645 verba,

197 1687 375 1726 Edwardus,
400 1686 459 1717 Dei
480 1684 567 1726 gratia
581 1706 590 1724 ,
615 1687 677 1716 Rex
698 1685 811 1724 Angliae
825 1708 835 1724 ,
855 1687 988 1716 Dominus
1013 1686 1173 1725 Hibernia,
1194 1687 1228 1718 δε

158 1729 227 1771 Dux
249 1729 449 1766 Aquitanniae,
475 1724 626 1764 omnibus,
649 1724 685 1756 ad
707 1735 779 1764 quos
803 1725 949 1764 praesentes
969 1724 1075 1756 Litetae
1092 1735 1228 1763 pervene-

158 1766 437 1836 rlnltniaiugeffi'rru
449 1812 460 1834 s
482 1803 590 1834 Lireras
610 1802 718 1834 nostras
740 1801 887 1839 Parentes,
904 1812 987 1841 quas,
1005 1812 1141 1841 ternpore
1163 1803 1229 1834 Do-

160 1844 231 1874 mini
248 1845 286 1873 H.
307 1845 400 1881 Regix,
420 1842 510 1873 Patris
524 1841 630 1880 nostri,
648 1841 707 1873 fieri
722 1841 858 1880 fecimus,
878 1841 996 1872 Dilecm
1012 1843 1045 1873 ὃ(
1069 1842 1158 1873 Fideli
1175 1853 1228 1873 no-

160 1881 517 1952 gZO’Jssl'g'aniessfilly'
533 1880 636 1919 Sigillo
655 1879 771 1920 nostro,
789 1891 848 1920 quo
871 1889 939 1911 tunc
955 1882 1122 1920 utebamur,
1139 1882 1230 1920 ligna-

207 1943 217 1959 >
236 1931 266 1951 m
449 1943 459 1959 π

198 1997 375 2036 mmmm,
405 1996 523 2037 Illustris
548 2000 625 2036 Regis
650 1995 763 2035 Angliae
783 1996 993 2036 primogenitus,
1016 1997 1170 2036 omnibus,
1194 1996 1229 2028 ad

160 2038 397 2106 qugs·pr·aesem*eg
411 2036 515 2068 Literae
529 2037 724 2076 pervenerint,
742 2036 877 2066 Salutem.

199 2085 385 2153 &Sffisnssgg
407 2098 610 2149 ’Dedissemus‚
629 2112 748 2143 Dilecto
769 2113 802 2144 ὅ(
819 2111 906 2142 Fideli
920 2112 1036 2151 nostro,
1080 2112 1182 2143 ohanni
1198 2113 1229 2142 de

161 2152 262 2223 sGreilly
276 2152 435 2184 Senescallo
451 2152 549 2184 nostro
566 2151 733 2190 Vasconiae‚
755 2150 946 2182 Castilionem
965 2161 1033 2182 cum
1077 2153 1230 2183 ertinentiis

174 2202 450 2261 mis-iABENDAM
468 2229 502 2260 δε
521 2229 772 2259 TENENDAM
794 2227 906 2265 eidem,
923 2227 1079 2260 secundum
1097 2229 1175 2269 quod
1199 2230 1229 2260 in

160 2268 249 2300 Carta
265 2267 376 2307 nostra,
393 2268 462 2299 inde
478 2268 629 2306 confecta,
647 2268 757 2305 plenius
772 2268 952 2304 continetur,

200 2307 237 2338 Et
253 2306 457 2346 postmodum,
474 2307 548 2345 apud
563 2306 710 2343 Fouzere,
727 2307 757 2336 in
781 2305 904 2337 Honore
927 2305 1124 2346 Castellionis,
1142 2305 1231 2337 Basti-

162 2347 235 2416 daffi
242 2346 288 2377 seu
305 2345 525 2386 Populationem
540 2345 598 2376 fieri
616 2345 842 2376 mandaverimus
857 2345 890 2375 &
905 2344 1050 2383 construi,

199 2395 335 2454 Vffiseiues
351 2422 443 2454 eidem
457 2422 586 2461 Johanni
602 2421 732 2452 Gratiam
746 2421 837 2452 facere
851 2422 1028 2461 pleniorem,

165 2461 314 2531 doffgixiiuess
333 2461 432 2492 Exitus
451 2463 484 2494 &
503 2460 642 2493 Redditus
667 2460 755 2491 dictae
774 2459 894 2490 Bastidae
918 2461 968 2491 fibi
994 2460 1182 2492 concedimus
1200 2461 1233 2493 δε

201 2523 435 2569 ΗΑΒέΝυος
460 2539 494 2570 &
519 2537 757 2569 TENENDOS
779 2535 871 2567 eidem
889 2561 899 2574 ,
923 2536 1042 2576 pacifice
1067 2538 1101 2568 &
1119 2539 1233 2578 quiete,

166 2576 299 2615 quamdiu
320 2586 355 2606 ex
378 2576 569 2608 Conceffione
583 2575 678 2607 nostra
697 2575 798 2606 habete
817 2575 918 2606 debfflt
941 2574 1144 2607 Castellionem
1163 2587 1232 2608 cum

166 2616 219 2647 suis
231 2614 411 2646 Pertinentiis
422 2615 450 2645 su
472 2615 580 2645 radiens
588 2638 597 2653 ,

203 2653 245 2684 Ita
268 2662 365 2684 tamen
383 2625 481 2693 quod),
497 2653 565 2684 cum
581 2653 734 2692 contigerit
749 2651 969 2688 castellionem,
987 2661 1057 2683 cum
1077 2652 1129 2683 suis
1142 2653 1234 2685 Perti-

167 2693 282 2731 nentiis,
300 2693 334 2723 ad
350 2702 402 2722 nos
416 2693 533 2730 reverti,
551 2691 628 2722 dicta
643 2690 751 2722 Bastida
773 2692 807 2722 &
825 2692 906 2729 ipsius
928 2690 1065 2722 Redditus
1087 2692 1121 2723 &
1136 2692 1235 2723 Exitus

165 2732 200 2762 ad
215 2741 266 2761 nos
283 2730 406 2762 similiter
420 2739 600 2762 revertantur.

200 2769 235 2800 In
254 2771 332 2809 cujus
358 2771 396 2802 rei
419 2769 616 2801 testimonium
634 2768 688 2802 has
706 2767 812 2798 Literas
832 2767 940 2799 nostras
959 2768 1016 2799 fieri
1039 2768 1159 2800 fecimus
1180 2768 1233 2800 Pa-

168 2816 266 2878 taitssst
280 2846 353 2885 apud
373 2845 481 2886 Wstm.
499 2846 635 2877 vicesimo
649 2846 749 2884 quinto
766 2844 813 2875 die
831 2843 923 2883 Maii,
942 2844 1030 2876 Anno
1047 2845 1146 2885 Regni
1168 2846 1236 2878 Do-

169 2886 240 2919 mini
259 2884 350 2923 Regis
367 2885 457 2916 Patris
476 2885 564 2915 nostri
580 2883 827 2925 Qiinquagesimo
841 2883 974 2914 secundo.

208 2964 224 2980 ⁴*
242 2961 275 2992 In
290 2962 368 3000 cujus
383 2963 422 2993 rei
435 2962 634 2993 testimonium
648 2960 696 2992 has
710 2961 818 2993 Literas
835 2960 944 2992 nostras
964 2959 1022 2992 fieri
1042 2961 1165 2992 fecimus
1181 2960 1237 2992 Pa-

174 3008 324 3117 tetigit&
312 3038 420 3083 meipso
434 3038 508 3079 apud
523 3038 676 3078 Rothelan,
692 3039 788 3080 primo
802 3038 847 3070 die
865 3038 1022 3077 Octobris,
1038 3037 1128 3069 Anno
1142 3038 1238 3079 Regni

173 3089 215 3111 no
242 3089 265 3109 ri
317 3087 405 3108 uinto.

212 3154 334 3187 Constat
354 3156 438 3186 etiam
449 3154 551 3203 nobkiS,
568 3163 617 3193 per
632 3154 843 3194 Inspeetionem
859 3153 1036 3198 Rotulorum
1057 3152 1239 3198 Cancellariae

175 3193 446 3263 {ssttfigsvlexrvganostrss
462 3193 543 3234 quod
558 3193 637 3224 idem
653 3193 731 3224 Avus
746 3193 842 3224 noster
857 3192 965 3223 Literas
978 3192 1035 3223 fuas
1050 3191 1110 3223 fieri
1127 3194 1195 3224 tecit
1210 3195 1238 3223 in

346 3255 356 3271 9

214 3309 390 3348 Edwardus,
408 3309 466 3341 Dei
492 3308 579 3348 gratia.
593 3331 602 3347 ,
626 3311 687 3339 Rex
715 3308 846 3346 Angliae,
876 3310 1002 3337 Dominus
1030 3307 1187 3346 Hiberniae,
1209 3308 1243 3338 &

178 3351 248 3379 Dux
261 3350 459 3388 Aquitanniae,
477 3347 595 3378 Dilecto
616 3349 650 3379 δε
673 3346 762 3379 Fideli
784 3346 899 3383 nostro,
917 3348 1000 3376 Lucae
1019 3346 1052 3376 de
1073 3350 1168 3386 Tany,
1192 3346 1243 3377 Se-

181 3386 303 3417 nescallo
317 3386 365 3417 luo
382 3387 536 3417 Vasconiae.

216 3425 310 3465 Qua,
334 3424 473 3456 cariffima
497 3424 590 3455 Mater
609 3423 720 3461 nostra,
745 3423 903 3459 Alianora,
921 3424 1024 3459 Regina
1039 3423 1170 3461 Angliae,
1194 3433 1246 3453 co-

181 3473 242 3494 ram
259 3464 341 3494 nobis
362 3462 500 3494 concessit
517 3463 598 3502 quod
619 3463 720 3494 Terrae
740 3463 773 3492 &
801 3462 830 3491 T
832 3470 978 3492 enementa
999 3462 1035 3492 de
1057 3462 1190 3499 Langton
1210 3462 1243 3492 &

181 3502 339 3541 Benanges,
357 3512 420 3538 ouae
444 3502 497 3539 ipsa
519 3502 575 3540 jam
597 3509 673 3532 tenet
687 3501 735 3531 diu
749 3502 777 3530 in
794 3510 879 3532 manu
893 3500 954 3538 sua,
973 3499 1090 3531 Dilecto
1104 3500 1137 3531 &
1158 3500 1245 3531 Fideli

184 3541 301 3579 nostro,
319 3540 449 3579 Johanm·
462 3541 493 3570 de
510 3539 614 3580 Greilly
626 3540 795 3577 liberentur,
812 3538 954 3570 Tenenda
969 3539 1071 3570 eodem
1087 3538 1177 3569 modo
1186 3549 1245 3578 quo

185 3579 240 3618 ipsa
253 3581 328 3618 prius
343 3589 437 3610 tenere
450 3578 596 3609 consuevit

218 3618 258 3648 Ita
274 3628 367 3649 tamen
379 3617 460 3657 quod
483 3617 558 3648 diota
580 3602 672 3647 Mater
693 3615 787 3647 nostra
808 3615 942 3646 Valorem
957 3615 1112 3648 Terrarum
1138 3616 1172 3647 &
1187 3614 1249 3645 Te-

181 3665 381 3688 nementorum
397 3655 600 3694 praedffiorum
615 3655 727 3692 recipiat
739 3654 775 3684 de
789 3653 928 3684 Custuma
949 3654 1044 3685 nostra
1059 3653 1247 3693 Burdegafiae,

223 3694 315 3726 Vobis
331 3694 502 3726 Mandamus
517 3693 597 3732 quod
611 3693 705 3723 eidem
730 3692 817 3723 Matri
837 3692 942 3722 nostrae
961 3692 997 3722 de
1016 3693 1156 3723 Custuma
1177 3702 1251 3730 prae-

185 3733 276 3772 dieta,
297 3735 381 3773 usque
395 3733 429 3764 ad
444 3732 581 3764 Valorem
597 3731 754 3762 Terrarum
777 3732 811 3761 &
825 3730 1076 3762 Tenementorum
1099 3731 1249 3770 praedicto-

186 3781 267 3809 rum,
284 3773 411 3812 affignari
425 3772 548 3810 faciatis,
566 3769 744 3810 percipienda
762 3769 797 3799 ad
812 3769 910 3799 Vitam
932 3768 1024 3807 suam,
1040 3770 1091 3800 nisi
1114 3770 1165 3800 fibi
1186 3769 1251 3799 alibi

187 3808 222 3838 de
241 3811 341 3841 Valore
357 3810 525 3841 eorumdem
538 3810 649 3840 interim
664 3808 825 3838 duxerimus
838 3807 1037 3837 ordinandum.

233 3848 266 3878 In
284 3850 362 3887 cujus
385 3851 425 3880 rei
446 3847 643 3880 testimonium
661 3846 709 3878 has
728 3846 835 3876 Literas
853 3845 958 3876 nostras
975 3845 1034 3876 fieri
1055 3846 1176 3878 fecimus
1198 3845 1254 3877 Pa-

190 3894 289 3917 tentes.

611 80 1412 132 CONVENTIONES,

1470 78 1860 131 LITERAE,

1293 166 1418 198 Constat
1436 169 1522 198 etiarn
1546 168 1650 207 nobis,
1668 178 1716 206 per
1730 167 1942 208 Inspectionem
1957 165 2136 196 Rotulorum
2154 163 2338 198 Cancellariae
2357 159 2435 196 Ann.
2450 165 2491 196 D.

1261 207 1344 244 ipsius
1360 207 1417 236 Avi
1432 206 1541 246 nostri,
1558 207 1639 246 quod
1656 208 1734 238 idem
1749 207 1828 238 Avus
1843 205 1938 236 noster
1955 205 2063 236 Literas
2076 205 2135 235 suas
2150 203 2209 234 fieri
2223 204 2292 236 fecit
2307 205 2337 236 in
2377 214 2463 246 1413.

1263 245 1327 276 haec
1341 246 1444 284 verba,
2354 248 2418 274 Hen.
2436 257 2466 280 4.

1301 322 1479 361 Edwardus,
1499 321 1558 354 De'i
1573 322 1662 362 gratia
1676 346 1687 361 ,
1710 325 1772 352 Rex
1794 321 1925 360 Angliae,
1951 324 2086 351 Dominus
2109 317 2250 350 Hiberniae
2267 344 2277 359 ‚
2300 321 2336 352 &

1261 363 1332 429 ξιῖκ
1344 363 1548 403 Aquitanm'ae,
1561 362 1714 400 omnibus,
1729 361 1764 392 ad
1777 370 1849 400 quos
1864 359 2011 398 praesentes
2028 360 2131 390 Literae
2143 361 2332 401 pervenerint,

1285 411 1300 430 a
1312 408 1399 429 utem.

1297 437 1418 468 Notum
1428 436 1550 468 facimus
1564 438 1697 468 universis
1710 438 1791 477 quod
1805 436 2049 476 Conceffionem,
2068 437 2102 468 δί
2116 438 2215 468 omnia
2231 438 2265 468 &
2279 437 2334 468 fin-

1261 476 1325 515 gula
1339 484 1477 507 contenta
1490 477 1520 506 in
1537 475 1640 506 Literis
1661 476 1876 516 Conceffionis,
1893 476 1996 514 faciae,
2015 485 2066 516 per
2085 474 2248 514 Johannem
2268 479 2334 506 Fer·

1262 525 1306 545 rer
1320 513 1468 553 Militem,
1488 514 1608 545 Diiesto
1621 516 1655 546 &
1671 515 1758 546 Fideli
1771 515 1887 554 nostro,
1904 513 2034 553 Johanni
2054 514 2087 543 de
2101 514 2204 556 Greilly
2220 515 2330 546 Domi-

1265 563 1307 583 no
1321 552 1458 591 Benang‚
1475 554 1510 585 &
1526 556 1609 583 Petro
1625 554 1657 583 de
1677 553 1779 594 Greilly
1801 554 1874 584 Filio
1895 555 1945 584 suo
1960 553 1998 585 de
2016 553 2193 584 Clarrnonda
2213 553 2282 584 Filia
2298 556 2332 586 &

1266 591 1392 623 Haerede
1408 591 1538 622 Gaiiardi
1551 593 1584 622 de
1598 595 1681 622 Mota
1703 592 1830 622 Domini
1849 593 1886 623 de
1908 592 2064 623 Landirans
2077 592 2206 622 defuneti
2216 614 2226 631 ,
2243 602 2277 623 ac
2295 594 2333 624 de

1262 629 1356 662 Terra
1368 631 1403 662 &
1415 630 1590 662 Haereditate
1604 630 1650 661 seu
1665 630 1751 661 Bonis
1764 630 1832 669 suiS,
1847 631 1881 662 ὃ(
1897 631 2142 663 Ratihabitionem
2163 632 2197 662 δε
2212 630 2331 662 Confir-

1263 670 1423 700 mationem
1435 669 1625 700 Sereniffimae
1638 668 1786 700 Consortis
1798 668 1903 700 nostrae
1915 669 2057 700 Alianorae
2069 671 2099 700 su
2120 679 2149 700 er
2161 669 2315 701 Praemiffis
2323 693 2333 709 ,

1263 708 1344 738 dieto
1358 707 1489 747 Johanni
1501 708 1534 737 de
1546 707 1649 743 Greilly
1663 709 1697 739 &
1719 707 1791 752 Filio
1810 707 1861 737 suo
1866 708 2013 776 Ipr‘aediejto
2032 679 2188 747 prtelzitam
2210 710 2244 739 &
2259 719 2333 739 con·

1262 747 1366 777 ceffam
1376 770 1386 786 ,
1402 746 1478 778 Rata
1489 748 1522 778 &
1538 746 1643 785 Grata,
1660 755 1744 785 prout
1758 745 1846 776 doetae
1895 747 1974 777 iterae
1991 748 2192 778 rationabiliter
2205 747 2332 778 Testari-

1264 792 1325 824 tur‚
1345 785 1498 824 habemus,
1516 786 1696 825 &quantum
1711 786 1741 815 in
1754 783 1838 815 nobis
1851 784 1907 822 est,
1922 792 2024 816 tenore
2032 786 2232 825 praesentium,
2251 786 2335 817 Con-·

1263 824 1408 855 firmamus
1422 825 1457 856 &
1468 826 1505 855 ab
1517 826 1654 855 omnibus
1670 823 1851 862 praecipimus
1865 822 2018 854 observari.

1273 881 1275 884 ⁴
1304 863 1339 894 In
1354 865 1433 903 cujus
1455 865 1496 894 rei
1516 863 1713 895 testimonium
1731 862 1779 893 has
1800 862 1910 892 Literas
1930 860 2042 892 nostras
2063 862 2122 894 fieri
2141 863 2264 894 fecimus
2281 863 2337 894 Pa-

1263 909 1352 933 tentes

1302 924 1396 1009 Tella
1408 940 1517 1010 mgipso
1528 941 1603 980 apud
1619 938 1800 981 Macclesfeld
1810 938 1897 970 xxvii.
1910 938 1957 971 die
1963 938 2158 980 Septembris,
2177 939 2331 974 AnnoRe-

1264 985 1316 1016 gni
1329 989 1370 1010 no
1397 989 1421 1009 ri
1459 989 1534 1011 exro.

1302 1054 1427 1087 Constat
1438 1056 1522 1086 etlam
1536 1056 1636 1095 nobis,
1653 1063 1705 1094 per
1726 1053 1937 1093 Inspefflonem
1957 1054 2135 1087 Rutulorum
2150 1052 2338 1089 Cancellariae

1265 1094 1349 1139 ipsius
1366 1096 1423 1125 Avi
1438 1095 1547 1134 nostri,
1567 1094 1648 1133 quod
1663 1093 1742 1125 idem
1765 1094 1847 1125 Avus
1870 1094 1966 1126 noster
1987 1095 2096 1126 Literas
2116 1095 2174 1127 suas
2195 1095 2255 1127 fieri
2271 1095 2339 1128 fecit

1267 1143 1297 1164 m
1311 1133 1485 1211 2522&ssss
1501 1171 1560 1202 Dei
1577 1170 1674 1212 gratia,
1691 1173 1752 1201 Rex
1767 1170 1893 1210 Angliae,
1911 1174 2043 1202 Dominus
2056 1172 2208 1212 Hibernae,
2223 1174 2255 1205 &
2270 1176 2339 1204 Dux

1266 1214 1469 1252 Aquitanniae,
1485 1211 1636 1250 omnibus,
1651 1209 1685 1241 ad
1699 1220 1771 1250 quos
1789 1210 1936 1249 praesentes
1951 1210 2056 1240 Literae
2071 1214 2268 1251 pervenerint,
2286 1214 2338 1244 Sa-

1266 1251 1400 1320 lmSei-iiius
1421 1289 1502 1328 quod
1524 1286 1742 1325 Concedimus,
1760 1296 1814 1327 pro
1835 1275 1951 1327 Nobis,
1976 1288 2010 1319 &
2031 1286 2204 1320 Haeredibus
2221 1289 2342 1327 nostris,

1269 1327 1389 1359 Dilecto
1404 1328 1437 1359 &
1459 1327 1546 1358 Fideli
1563 1326 1679 1365 nostro,
1697 1324 1829 1365 Johanni
1849 1327 1881 1356 de
1904 1325 2038 1366 Greilley,
2057 1326 2193 1358 Domino
2214 1328 2338 1367 Benamr,

1266 1366 1410 1436 ltffsssz
1423 1365 1663 1436 egereret
1678 1354 2342 1436 usitasse..teretem[teti.-

1268 1452 1313 1475 tur
1328 1429 1378 1476 nisi
1392 1445 1522 1482 expedire
1532 1467 1541 1482 ,
1561 1453 1612 1481 pro
1627 1414 1748 1482 qiiziiiam
1764 1441 1944 1482 capellania,
1959 1445 1994 1475 δε
2007 1427 2050 1475 'ad
2064 1454 2137 1482 opus
2157 1416 2280 1483 gjusdem
2303 1455 2336 1476 ac

1268 1485 1353 1514 etiam
1380 1483 1496 1513 illorum
1520 1483 1624 1523 quibus
1645 1482 1720 1513 dic‘ta
1747 1481 1910 1520 Capeliania
1933 1483 2119 1521 imposterum
2143 1483 2339 1523 concedetur,

1268 1532 1355 1560 quam
1371 1522 1447 1552 idem
1461 1521 1607 1560 Johannes
1621 1521 1742 1552 intendit
1760 1521 1902 1552 instituere
1915 1523 1988 1562 apud
2001 1521 2161 1554 Ecclesiam
2175 1523 2264 1554 beatae
2271 1523 2342 1554 Ma-

1269 1562 1318 1591 riae
1333 1561 1368 1591 de
1384 1561 1486 1591 Ui'elca
1503 1559 1639 1592 Dioecese
1654 1559 1782 1591 Vasacen.

1306 1599 1344 1630 Et
1357 1600 1491 1630 volumus
1503 1599 1583 1639 quod
1599 1599 1654 1637 illi,
1668 1600 1770 1637 quibus
1785 1598 1860 1629 dicta
1874 1597 2037 1638 Capellania
2057 1599 2185 1632 succeffu
2206 1607 2264 1632 tem
2306 1601 2343 1631 ris

1270 1637 1461 1677 Conferetur,
1481 1638 1600 1669 habeant
1615 1637 1773 1668 Redditurn
1789 1638 1929 1669 dictarum
1949 1637 2058 1678 Viginti
2073 1639 2226 1670 Librarum
2275 1650 2340 1671 uro-

1269 1678 1416 1716 nenlium,
1433 1677 1525 1708 eidem
1534 1676 1708 1719 Capellaniae
1724 1677 1760 1708 de
1777 1677 1879 1720 Feodis
1901 1676 2021 1716 nostris,
2035 1685 2066 1708 ut
2086 1677 2198 1710 dietum
2217 1677 2260 1709 est
2272 1702 2284 1718 ,
2298 1678 2341 1710 as-

1271 1716 1425 1755 signatum,
1443 1716 1499 1746 fine
1517 1715 1736 1747 Reclamatione
1751 1716 1840 1746 nostri
1856 1715 1900 1746 vel
1916 1716 2095 1754 nostrorum,

1305 1755 1338 1786 In
1355 1756 1434 1794 cujus
1452 1756 1490 1786 rei
1514 1753 1711 1785 testimonium
1736 1753 1785 1784 has
1808 1754 1917 1785 Literas
1941 1755 2047 1786 nostras
2065 1755 2126 1786 fieri
2143 1756 2266 1787 fecimus
2282 1756 2339 1789 Pa-

1271 1800 1459 1902 tcrssjtiiisapud
1471 1830 1558 1873 Crcffy
1579 1832 1609 1862 in
1624 1830 1753 1862 Pontivo
1767 1830 1942 1863 duodecimo
1956 1832 2003 1863 die
2011 1831 2030 1871 J
2033 1832 2107 1870 unii,
2126 1832 2218 1863 Anno
2240 1831 2336 1873 Regni

1270 1882 1310 1903 no
1338 1882 1361 1902 ri
1386 1881 1503 1911 eptimo.

1310 1947 1434 1993 Constat
1448 1949 1533 1979 etiam
1550 1949 1649 1988 nobis,
1665 1957 1718 1993 per
1732 1946 1944 1986 Inspeffionem
1961 1946 2139 1991 Rotulorum
2156 1946 2343 1992 Cancellariae

1269 1988 1353 2026 ipsius
1369 1988 1428 2018 Avi
1441 1987 1549 2026 nostri,
1565 1989 1648 2027 quod
1662 1988 1740 2019 idem
1756 1987 1835 2019 Avus
1851 1986 1946 2017 noster
1963 1986 2070 2019 Literas
2082 1987 2142 2018 suas
2154 1986 2213 2018 fieri
2227 1989 2298 2019 fecit
2313 1990 2342 2019 in

1271 2027 1484 2104 haeEchthr‘Ztis,
1510 2063 1568 2095 Dei
1589 2065 1693 2104 gratia,
1715 2066 1776 2094 Rex
1799 2063 1931 2102 AngBae,
1958 2045 2094 2094 Douinus
2117 2063 2260 2095 Hibernia
2273 2088 2284 2104 ,
2307 2065 2343 2096 &

1268 2107 1339 2150 Dux
1362 2107 1565 2144 Aquitanniae,
1589 2105 1742 2142 omnibus,
1759 2103 1794 2134 ad
1816 2112 1889 2142 quos
1911 2102 2058 2142 praesentes
2079 2102 2184 2134 Literae
2207 2113 2343 2142 pervene-

1269 2144 1496 2220 nnstginstgitcrltggrd
1508 2181 1652 2212 Volumus
1677 2181 1712 2212 &
1729 2178 1930 2211 Concedimus
1941 2179 2072 2219 Johanm’
2089 2180 2122 2210 de
2136 2179 2260 2221 Greilly,
2280 2180 2345 2212 Mi-

1268 2221 1329 2259 liti,
1345 2221 1480 2252 Domino
1493 2221 1529 2251 de
1546 2220 1713 2260 Benang,ut
1727 2218 1798 2258 ipse,
1815 2220 1844 2249 in
1861 2218 2002 2250 Distrietu
2018 2218 2113 2250 Castri
2125 2219 2273 2258 praedicti,
2291 2221 2340 2252 ubi

1271 2262 1360 2300 magis
1374 2260 1506 2298 expedire
1520 2259 1642 2298 viderit,
1657 2258 1759 2298 poffit,
1778 2263 1794 2275 ¹·
1811 2258 1893 2289 certis
1907 2258 2022 2298 diebus,
2045 2258 2154 2289 Forum
2168 2259 2341 2291 constituere

1269 2299 1516 2369 seul-ffiegcgagiffg
1536 2337 1570 2368 &
1585 2336 1642 2368 Τε
1654 2344 1677 2367 N
1689 2345 1707 2367 Ε
1718 2343 1799 2366 Noa
1818 2335 1854 2366 ab
1870 2334 1930 2375 ipso
1948 2334 1982 2367 &
1999 2333 2163 2368 Hei-edibus
2184 2336 2254 2376 suis,
2272 2346 2343 2369 curn

1271 2378 1409 2408 omnibus
1436 2376 1565 2407 Exitibus
1585 2376 1620 2406 &
1643 2374 1852 2406 Emolumentis
1866 2397 1876 2413 ,
1902 2375 2135 2412 provenientibus
2156 2375 2274 2413 exinde,
2292 2376 2342 2407 sub

1270 2416 1421 2461 Homagio
1435 2417 1468 2447 ὃ(
1484 2415 1606 2447 Servitio
1621 2415 1706 2445 nobis
1719 2413 1822 2444 debitis
1843 2423 1897 2452 pro
1912 2412 2018 2445 Castro
2037 2413 2179 2453 praedicto
2197 2415 2231 2445 ὅ(
2250 2414 2343 2446 Perti-

1272 2455 1576 2532 nerfiilstffriiseiindt'rod
1600 2502 1649 2533 per
1670 2489 1918 2522 Constitutionem
1931 2489 2004 2521 disti
2024 2488 2172 2529 Mercari,
2197 2489 2280 2522 nobis
2297 2491 2343 2523 vel

1272 2534 1316 2564 alii
1332 2533 1503 2569 Darnpnum
1518 2532 1563 2563 vel
1579 2530 1782 2569 Praejudicium
1798 2530 1917 2560 minime
1931 2536 2067 2568 generetu

1309 2571 1343 2602 In
1367 2574 1444 2610 cujus
1468 2572 1507 2601 rei
1529 2569 1728 2601 testimonium
1748 2568 1798 2599 has
1819 2567 1928 2599 Literas
1946 2566 2053 2597 nostras

1271 2619 1466 2717 te}{.sapud
1481 2645 1572 2687 Creſjj»
1583 2646 1614 2676 in
1632 2644 1748 2676 Pontiv.
1767 2643 1943 2675 duodecimo
1962 2642 2009 2675 die
2018 2642 2119 2683 Junii,
2134 2644 2226 2676 Anno
2248 2643 2345 2686 Regni

1273 2697 1313 2718 no
1341 2698 1363 2717 n
1388 2695 1507 2726 eptimo.

2362 2265 2500 2298 *1x.2r.'

2069 2538 2083 2559 r

2070 2551 2131 2598 lieri
2151 2566 2274 2600 fecimus
2287 2567 2343 2600 Pa-

1312 2763 1436 2794 Constat
1449 2763 1534 2792 etiam
1550 2760 1650 2798 nobis,
1667 2769 1716 2798 per
1728 2758 1942 2799 Inspectionem
1959 2759 2138 2804 Rotulorum
2160 2759 2345 2792 Cancellariae

1275 2803 1437 2873 ἓῖὲὶὲῖέῖὲὲ
1445 2800 1551 2839 nostri,
1569 2800 1652 2839 quod
1665 2799 1742 2830 idem
1757 2799 1838 2830 Avus
1851 2798 1947 2830 noster
1963 2799 2072 2831 Literas
2089 2799 2147 2831 suas
2159 2799 2220 2831 fieri
2234 2801 2301 2832 fecit
2313 2801 2344 2831 in

1316 2919 1476 2949 Edwardus
1489 2940 1499 2956 ,
1526 2916 1585 2947 Dei
1609 2915 1714 2956 gratia,
1738 2917 1798 2947 Rex
1828 2915 1959 2953 Angliae,
1976 2916 2108 2945 nonanus
2133 2913 2291 2957 Hiberniae,
2309 2915 2344 2947 δε

1278 2963 1348 2990 Dux
1367 2959 1567 2997 Aquitanae,
1593 2955 1745 2993 omnibus,
1762 2955 1797 2985 ad
1817 2963 1888 2993 quos
1910 2952 2057 2993 praesentes
2079 2952 2186 2984 Literae
2207 2963 2346 2992 pervene-

1294 2999 1334 3028 int
1367 2998 1498 3027 Salutem.

1280 3009 1291 3029 1
1317 3021 1501 3075 E’mpnonem
1522 3034 1556 3065 &
1579 3032 1807 3071 Adquifitionem
1821 3039 1903 3068 quas,
1924 3028 2056 3060 Dilectus
2068 3031 2102 3062 &
2116 3030 2218 3062 Fidelis
2232 3030 2346 3070 noster,

1278 3076 1428 3115 Johannes
1446 3074 1478 3103 de
1498 3071 1648 3109 Greillaco,
1667 3069 1837 3100 Senescallus
1850 3068 1947 3099 noster
1968 3069 2117 3099 vasconiae
2137 3070 2170 3100 &
2185 3069 2282 3107 Agen.
2304 3069 2347 3100 fe-

1278 3117 1333 3153 cit,
1351 3114 1385 3144 ad
1400 3123 1471 3151 opus
1484 3111 1565 3141 suum
1578 3111 1611 3140 &
1625 3109 1783 3139 Haeredum
1799 3107 1929 3145 suorum,
1947 3108 1963 3137 ἐι
1979 3107 2121 3148 Magistro
2138 3107 2273 3146 Johanne
2288 3110 2346 3138 Go-

1271 3153 1340 3195 ferii
1354 3152 1485 3188 Clerico,
1505 3150 1541 3180 de
1560 3147 1664 3178 Domo
1688 3146 1854 3185 Rochefer,
1872 3155 1941 3176 cuin
1966 3146 2159 3184 Pertinentiis,
2177 3156 2293 3178 necnon
2311 3147 2345 3178 &

1277 3195 1313 3225 de
1326 3193 1419 3222 Terra
1440 3197 1505 3227 quae
1524 3187 1577 3217 fuit
1594 3185 1738 3224 quondam
1763 3188 1885 3223 Hugonis
1910 3186 1942 3214 a'e
1965 3184 2060 3225 Castro
2079 3189 2202 3216 Mauron
2226 3185 2350 3225 Militis,

1279 3240 1344 3270 quae
1367 3228 1482 3268 quidem
1505 3225 1641 3263 Domus,
1660 3234 1729 3255 cum
1749 3224 1941 3261 Pertinentiis,
1960 3225 1993 3255 &
2009 3224 2119 3263 Terra,
2138 3224 2245 3255 suntin
2260 3223 2349 3254 Dioe-

1281 3270 1341 3302 cese
1358 3269 1447 3306 Agen.
1465 3273 1602 3304 quantum
1619 3265 1648 3293 in
1673 3263 1756 3293 nobis
1776 3262 1834 3301 est,
1852 3262 2056 3303 Ratificamus,
2075 3264 2294 3303 Approbamus,
2313 3262 2349 3293 &

1303 3307 1496 3338 ‘onfirmamus
2301 3326 2306 3331 .

1282 3309 1365 3376 CEo
1389 3354 1447 3374 non
1467 3326 1596 3373 0b⁷stante
1618 3341 1698 3380 quod
1719 3340 1894 3372 Contrastus
1919 3340 2070 3380 praedictus
2092 3339 2147 3370 fuit
2167 3339 2267 3377 initus,
2287 3337 2347 3377 iprb

1282 3385 1415 3425 Johaune
1429 3381 1564 3412 existente
1578 3382 1605 3409 in
1619 3379 1719 3410 officio
1735 3379 1917 3411 Senescalciae
1933 3379 2026 3415 Agen.
2044 3378 2208 3416 praedictae,

1320 3423 1361 3456 Ita
1377 3431 1470 3453 tamen
1492 3419 1590 3458 quud,
1609 3419 1628 3448 si
1643 3419 1765 3449 Terram
1785 3419 1914 3456 praedicti
1934 3420 2070 3455 Hugom's,
2087 3417 2180 3455 aliquo
2202 3423 2349 3454 tempore,

1282 3463 1317 3494 ad
1331 3471 1402 3500 opus
1423 3459 1551 3490 nostrum
1571 3458 1673 3488 habere
1688 3458 1823 3496 velimus,
1842 3467 1911 3488 tunc
1925 3465 1988 3486 eam
2007 3456 2040 3486 ad
2064 3454 2185 3485 eandem
2206 3453 2349 3494 sormam,

1282 3501 1317 3533 ad
1332 3509 1418 3540 quam
1433 3499 1508 3528 idem
1524 3496 1669 3536 Johannes
1684 3496 1808 3527 Terram
1822 3497 1896 3526 illam
1913 3494 2027 3530 habuit,
2045 3493 2213 3536 habeamus..

1320 3538 1354 3569 In
1380 3539 1456 3576 cujus
1480 3538 1518 3568 rei
1545 3534 1740 3567 testimonium
1757 3536 1805 3566 has
1831 3535 1936 3565 Literas
1961 3531 2066 3563 nostras
2083 3530 2142 3562 fieri
2157 3530 2280 3562 fecrmus
2295 3530 2351 3562 Pa-

1298 3586 1384 3608 entes.

1286 3587 1297 3609 t
1323 3614 1412 3647 Teste
1434 3613 1539 3653 meipso
1560 3612 1633 3652 apud
1654 3613 1774 3643 Eborum
1796 3612 1915 3643 decimo
1937 3618 2018 3640 nono
2040 3607 2085 3639 die
2105 3606 2244 3648 Augusti,
2261 3606 2352 3640 Anno

1286 3653 1383 3694 Regni
1397 3652 1486 3683 nostri
1501 3653 1615 3683 octavo.

1325 3729 1447 3760 Constat
1467 3730 1551 3760 etiarn
1571 3730 1671 3768 nobis,
1689 3737 1738 3766 per
1750 3725 1959 3763 Inspectionem
1973 3722 2153 3768 Rotulorum
2169 3722 2355 3769 Cancellarip

1289 3768 1564 3838 igvgusvlearxganostri,
1580 3768 1661 3809 quod
1675 3768 1751 3798 idem
1766 3766 1845 3796 Avus
1859 3762 1953 3794 noster
1967 3762 2075 3794 Literas
2089 3761 2146 3793 suas
2160 3761 2219 3794 fieri
2235 3763 2305 3795 feeit
2323 3773 2356 3797 m

1334 3883 1494 3913 Edwardux
1501 3906 1512 3923 ,
1530 3882 1588 3915 Dei
1602 3881 1690 3922 gratia
1696 3905 1706 3919 ,
1725 3882 1787 3910 Rex
1798 3877 1913 3916 Angliae
1921 3902 1931 3918 ,
1945 3880 2076 3908 Dominus
2084 3878 2224 3909 Hiberniae
2231 3880 2281 3918 ,&
2287 3881 2358 3910 Dux

231 3924 320 3954 Teste
334 3926 439 3963 meipso
453 3925 524 3963 apud
542 3924 681 3966 Eilesbury
694 3922 832 3957 'vicefimo
853 3924 954 3962 quinto
975 3923 1020 3954 die
1035 3922 1150 3962 Martii,
1167 3923 1257 3955 Anno
1298 3925 1500 3966 Atqu-itanum,
1519 3921 1640 3953 Dileeto
1654 3920 1688 3951 &
1703 3918 1791 3950 Fideli
1805 3918 1872 3956 suo,
1889 3916 1999 3957 Joanni
2015 3917 2047 3948 de
2063 3919 2181 3958 Haver,
2198 3917 2359 3950 Senescallo

197 3963 295 4002 Regni
310 3962 397 3994 nostri
412 3963 557 4003 Secundo,

1299 3960 1348 3990 suo
1363 3970 1391 3990 in
1405 3960 1523 3992 Ducatu
1537 3960 1715 3999 Aquitani-ae,
1732 3956 1867 3989 Salutem.

2279 3991 2365 4033 Q,
