2562 4274
618 95 1417 146 coNvENT10NEs‚
1503 91 1900 150 L‘r‘rERAE,

44 2391 65 2410 ⁸
85 2391 139 2421 ix.‘

45 2429 112 2467 638.

202 116 227 158 7
236 117 256 145 2

41 190 118 222 ‘Ann
129 190 170 220 D.
232 189 290 228 Et,
307 188 325 219 si
344 188 489 226 contingat
502 195 602 217 eorum
617 185 782 217 Dominum
796 186 829 217 δε
843 185 957 226 Regem
982 185 1094 225 Angliae
1113 185 1208 216 unitos
1230 184 1262 215 in
1303 184 1371 214 bant
1384 182 1437 229 ,ἱρῇ
1457 184 1536 230 quod
1553 185 1634 223 hujus
1651 185 1908 225 Compensationes
1925 178 2087 217 commode
2103 182 2216 225 p'offent
2232 185 2317 225 fieri,
2333 183 2458 219 &Arm
2475 184 2522 226 D}

62 229 149 268 1418.
196 228 390 259 Comitatibus
406 226 504 257 Artesii
518 234 564 254 aut
580 225 718 255 Flandriae
731 225 836 269 Terras
848 225 1014 269 adquirere,
1029 223 1109 268 quod
1123 226 1261 255 tuncRex
1303 224 1448 269 praecipue
1473 234 1503 254 in
1529 223 1645 256 Ducatu
1671 225 1863 256 Normanniae
1886 248 1895 264 ,
1919 234 2006 263 quem
2035 223 2123 262 (Deo
2151 226 2276 263 Laudes)
2305 235 2367 257 me·
2407 224 2490 262 ¹418.

43 272 107 297 Hm.
126 276 155 305 5.
197 267 311 305 Angliae
325 268 360 297 de
374 267 455 296 tantis
469 265 566 294 Terris
578 273 626 301 per
643 263 809 294 Dominum
825 263 993 302 Dalphinum
1007 264 1075 293 lnlbl
1091 271 1262 299 recompen-
1304 261 1499 293 tuendiffimus
1518 272 1620 293 eorum
1636 266 1769 294 Dominus
1785 268 1846 294 Rex
1865 264 1941 303 quasi
1959 263 1995 294 de
2013 271 2077 294 toto
2095 265 2214 303 poffidet
2233 265 2270 295 de
2294 275 2367 304 prae-
2386 266 2448 292 Heu.
2466 273 2495 300 5.

196 306 318 343 fabitur,
345 314 445 341 quanta
471 303 500 332 sit
521 302 564 332 illa
587 301 653 331 Pars
675 301 868 332 Normanniae
887 303 958 333 ultra
982 302 1105 333 Flumen
1126 301 1262 338 Secanae,

196 354 287 383 quam
303 352 372 374 tunc
388 340 542 380 Dalphinus
557 340 682 371 restituet
694 340 750 371 sine
763 350 854 372 mora.

235 419 335 458 Quam
349 417 465 456 quidem
479 416 722 448 OBLATioNEM
739 417 863 448 Domini
876 417 1092 457 Ambafflatores
1111 419 1192 460 Reges
1212 425 1264 454 pe-

196 456 431 534 }Sffiienguggiidari
443 456 475 486 in
490 456 614 495 scriptis,
633 456 667 488 δε
681 456 756 488 illam
770 457 958 488 obtinuerunt
973 458 1114 497 Scriptatn
1127 465 1156 484 in
1170 455 1262 485 ibrma

379 518 389 534 2

233 572 387 604 Secon:
408 571 628 612 oven-rums,
646 572 683 603 les
702 575 796 604 Terret
813 572 906 604 bailles
927 583 961 603 en
974 572 1003 603 Ia
1013 574 1140 611 primiere
1152 573 1263 601 ouver-

198 620 326 681 'urIe’ssEM
335 673 344 689 ,
358 661 386 680 ce
405 654 452 691 qui
464 650 501 690 est
515 662 551 680 au
564 649 666 680 Dachie
678 651 710 680 de
723 650 892 680 Normandie
902 658 954 689 par
968 649 1030 680 dela
1053 645 1087 679 la¹
1101 651 1212 679 Riviere
1230 648 1264 678 de

199 692 298 728 Seyne3
320 689 382 719 hors
393 693 442 719 mis
455 689 484 718 la
499 692 527 719 V
527 689 573 719 ille
586 688 623 723 όν
642 692 669 718 V
669 688 765 727 isconte
778 689 810 718 de
824 691 923 719 Rouen.

234 727 429 797 Cegaffavoiu
447 737 485 758 cn
506 728 622 766 Qn'izsi·
641 736 686 758 EN
709 728 804 767 FiEF,
824 736 870 758 EN
889 728 989 767 FIEF,
1016 736 1062 759 1·:·r
1083 733 1121 759 ct
1143 725 1262 764 Qr’sssT

199 774 244 798 zN
297 775 408 798 EMAJN
429 776 473 798 EN
491 766 647 797 DEMMN.

236 843 284 875 Ad
297 854 383 882 quam
404 843 519 882 quidem
543 843 785 875 OBLATIONEM
805 845 907 882 etiam,
926 851 972 875 tan
993 853 1058 874 uam
1082 842 1210 874 mutilam
1230 843 1264 874 &

199 882 435 921 insufficientem,
454 883 547 913 habita
562 883 763 914 deliberatione
783 884 857 913 inter
876 854 1093 922 Ambaffiatores
1112 885 1206 920 Regis,
1222 882 1266 911 di-

198 921 284 952 versis
305 922 339 952 &
355 922 505 952 vivacibus
527 920 719 959 Rationibus,
734 921 787 951 fuit
806 920 1008 959 Replicatum3
1033 921 1066 951 &
1087 920 1125 950 fic
1145 920 1261 950 tandem

200 959 279 999 (post
291 959 408 990 diversas
421 961 449 989 in
473 968 504 989 ea
525 967 601 999 parte
620 958 851 998 ControversiaS,
870 958 1096 998 Responsiones,
1113 960 1148 991 δε
1170 959 1264 998 Argu-

197 998 307 1036 menta)
322 997 510 1029 discesserunt.

236 1075 423 1114 Subsequenti
437 1077 509 1107 vero
526 1074 586 1107 Die
602 1074 745 1108 Mercurii
761 1076 895 1115 proximo
908 1074 995 1107 Hora
1009 1074 1138 1112 octava,
1158 1076 1186 1105 in
1203 1073 1264 1106 Lo-

199 1123 238 1144 co
260 1114 343 1145 solito
366 1124 579 1153 convenerunt,
601 1116 668 1153 ubi,
686 1114 750 1153 post
771 1116 839 1152 alia,
858 1118 988 1145 Dominus
1000 1112 1218 1154 Archiepifiopus
1232 1115 1263 1144 in

199 1151 277 1185 hunc
293 1153 414 1184 modurn
428 1153 646 1185 Ainbaffiatores
661 1153 750 1194 Regis
763 1153 864 1186 affatus
879 1152 938 1192 est,

235 1232 370 1262 Dominus
384 1234 474 1262 Comes
488 1235 603 1270 Sarum,
620 1232 655 1264 &
671 1242 724 1264 vos
738 1231 880 1270 Domini,

234 1306 298 1339 Vos
311 1309 340 1338 in
354 1309 495 1339 memoria
507 1308 566 1339 satis
580 1308 685 1340 habere
696 1319 756 1340 non
770 1309 931 1340 dubitamus
954 1309 1011 1340 illas
1035 1317 1151 1347 magnas
1170 1311 1264 1347 Aper-

198 1352 276 1376 turas
297 1348 331 1378 &
353 1346 598 1385 Onnmonrs,
615 1348 680 1379 alias
702 1358 752 1386 per
772 1349 840 1379 Nos
864 1348 998 1378 Domino
1021 1348 1117 1378 vestro
1132 1348 1263 1386 supremo

198 1385 285 1416 faustas
300 1395 353 1423 pro
367 1385 451 1416 Bono
467 1385 565 1425 Pacis,
583 1387 634 1425 &,
652 1396 688 1417 eo
701 1396 760 1417 non
775 1386 906 1417 obstante
927 1386 1007 1424 quod
1025 1386 1087 1416 sunt
1108 1396 1207 1426 magna
1228 1388 1263 1418 δε

198 1425 341 1462 maxima,
358 1434 423 1462 quae
437 1434 562 1463 unquam
578 1433 642 1456 ante
658 1426 720 1456 haec
733 1435 860 1464 tempora
875 1434 927 1463 pro
943 1434 1019 1463 parte
1034 1424 1128 1455 nostra
1147 1427 1262 1456 fuerunt

198 1462 273 1493 facia
282 1485 292 1501 ‚
311 1463 370 1493 Vos
391 1472 485 1493 tamen
507 1464 543 1494 ad
563 1473 594 1493 ea
608 1464 784 1502 adquiescere
797 1473 850 1495 nec
864 1474 896 1494 ea
908 1463 1056 1494 admittere
1069 1474 1129 1494 non
1145 1466 1262 1503 curatis,

199 1499 246 1531 sed
261 1500 373 1541 penitus
387 1501 435 1540 (de
449 1511 508 1539 quo
521 1503 614 1532 mirari
627 1503 772 1539 cogimur)
794 1503 934 1534 recusatis:
953 1502 1079 1533 dicentes
1100 1502 1182 1541 quod
1202 1513 1263 1533 ma-

197 1539 259 1578 jora
272 1539 386 1570 fuerunt
400 1540 481 1571 vobis
494 1541 557 1571 alias
572 1550 624 1578 pro
639 1549 716 1579 parte
729 1540 823 1572 nostra
836 1541 957 1579 Oblata,
974 1541 1053 1579 quod
1065 1542 1187 1573 minime
1201 1541 1261 1572 fieri

199 1577 344 1609 credimus
358 1588 412 1609 nec
428 1579 575 1609 verisimile
589 1579 644 1609 esse
656 1579 786 1610 fatemur.

238 1615 277 1647 Et
290 1617 348 1647 sem
370 1626 400 1647 er
414 1627 467 1655 pro
480 1617 562 1648 vobis
578 1617 713 1655 Allegatis
726 1627 862 1650 contenta
876 1619 905 1648 in
927 1627 1030 1659 magna
1051 1618 1147 1657 Pace,
1164 1620 1198 1651 ὃ(
1221 1628 1263 1649 ta-

199 1663 268 1686 men
283 1665 336 1693 pro
375 1664 433 1685 arte
447 1655 539 1686 vestra
555 1656 640 1686 nichil
656 1657 737 1688 vultis
750 1658 871 1696 aperire,
891 1657 978 1688 talem
997 1657 1139 1689 Ordinem
1160 1667 1263 1697 proce-

198 1693 284 1724 dendi
299 1703 357 1724 non
372 1693 494 1725 vidimus
509 1693 594 1732 usque
610 1695 709 1726 niodo.

236 1732 310 1770 Sed,
329 1733 394 1771 quia
409 1742 457 1770 per
472 1732 555 1771 Nos,
575 1743 627 1764 nec
642 1744 692 1772 pei·
710 1734 821 1765 Partem
845 1734 990 1774 nostram,
1008 1746 1067 1767 non
1088 1735 1170 1768 stabit
1192 1738 1261 1777 quin

198 1768 257 1800 Pax
272 1770 322 1801 ista
337 1770 372 1801 ad
388 1770 475 1801 finem
489 1771 645 1803 deducetur
659 1772 826 1811 efficacem,

236 1807 286 1839 Illa
300 1808 520 1847 protestatione,
539 1811 603 1841 alias
618 1821 667 1849 per
688 1821 736 1842 nie
755 1812 913 1850 proposita,
932 1812 1018 1844 stante
1039 1814 1068 1843 in
1088 1813 1138 1844 suo
1157 1815 1264 1845 robore

195 1847 232 1879 &
253 1846 376 1886 effedtu,
397 1848 434 1891 ⁴&
456 1849 540 1879 etiarn
565 1849 748 1887 protestando
771 1850 849 1888 quod
872 1851 992 1882 dicenda
1009 1862 1059 1889 per
1078 1854 1169 1883 modo
1190 1863 1263 1884 nun-

195 1896 299 1924 quam,
318 1887 416 1917 futuris
430 1888 623 1926 temporibus,
642 1889 810 1927 Allegentur
830 1899 931 1921 contra
949 1890 1062 1921 Partem
1086 1891 1212 1922 nostram
1233 1893 1263 1922 in

196 1924 379 1994 ffimplum,
397 1924 459 1964 sed,
477 1926 497 1957 fi
516 1925 575 1957 Pax
594 1936 655 1959 non
674 1927 821 1966 sequatur,
845 1928 897 1959 lint
920 1930 994 1968 quasi
1015 1939 1076 1960 non
1097 1929 1186 1962 Dicta
1207 1941 1262 1962 nec

248 1972 331 2000 gitata

237 2002 315 2032 Vobis
335 1986 549 2042 euremarus,
566 2003 641 2034 ultra
663 2004 811 2036 OBLATA
831 2009 861 2035 in
898 2009 967 2037 rima
989 2011 1150 2046 Apertura,
1175 2018 1262 2039 omnes

196 2043 297 2072 Terras
310 2049 448 2071 contentas
460 2045 490 2072 in
501 2053 599 2081 magna
611 2045 698 2082 Pace‚·
719 2048 832 2083 exceptis
844 2044 868 2074 il
877 2048 900 2074 is
915 2048 1004 2075 Terris
1017 2045 1056 2080 ό·
1071 2050 1207 2076 Dominiir
1227 2051 1264 2076 ci-

197 2086 247 2108 tra
262 2079 367 2118 flumen
391 2081 422 2109 de
444 2079 564 2111 charent
587 2081 625 2117 &
648 2086 811 2113 comitatum
832 2085 988 2121 Piliaviae5
1008 2086 1064 2123 ὠ,
1082 2084 1135 2116 Ioco
1157 2096 1262 2125 eorum,

197 2117 348 2156 habebitis,
365 2119 407 2149 ad
417 2119 540 2150 valorem
554 2121 718 2161 eorumdem,
736 2122 768 2153 de
781 2125 871 2153 Terris
887 2120 926 2158 ό·
945 2126 1079 2154 Dominiis
1100 2123 1178 2164 infra
1198 2127 1261 2155 Du-

196 2163 287 2188 catum
301 2160 491 2189 Normanniae.

233 2235 272 2268 Et
286 2237 350 2276 quia
364 2236 414 2269 ista
426 2238 455 2268 in
468 2238 514 2269 sua
529 2237 639 2277 Lingua
652 2239 777 2279 vulgari,
795 2250 854 2271 non
866 2239 942 2272 clare
961 2239 1006 2271 sed
1029 2240 1184 2279 aliqualiter
1207 2241 1262 2273 dif-

196 2275 277 2314 ruse,
296 2275 470 2316 proferebat,
488 2286 550 2308 turn
567 2277 714 2310 Recitavit
734 2278 872 2318 Magister
894 2279 967 2309 Phili
980 2288 1047 2318 pus,
1063 2282 1113 2318 &,
1130 2291 1165 2311 an
1189 2290 1262 2312 con-

197 2320 274 2382 ἔθιζε
297 2316 327 2345 in
349 2324 449 2384 mggpa
468 2315 542 2348 Pace
561 2315 693 2357 Obtulit,
713 2317 875 2357 Qiaesivit?
895 2321 957 2349 Arc
976 2318 1112 2358 iepifiopus
1130 2319 1262 2360 Respon—

220 2362 235 2382 e
257 2361 297 2390 at,
316 2364 375 2392 quo
424 2364 461 2385 ic.

238 2391 256 2409 ²*
272 2390 309 2422 Et
325 2392 361 2422 fic
377 2392 490 2423 tandem
504 2393 598 2424 eidem
613 2394 788 2432 Supplicavit
805 2403 940 2434 quatenus
954 2397 1052 2427 omnia
1070 2396 1121 2427 ista
1134 2396 1179 2427 sua
1187 2396 1263 2436 Dig-

199 2438 312 2460 naretur
325 2433 485 2461 paternitas
494 2456 503 2467 ,
523 2433 551 2463 in
565 2432 697 2472 Scriptis,
713 2434 778 2472 post
790 2433 945 2465 Prandium
961 2434 1037 2466 Parti
1050 2446 1152 2466 eorum
1166 2437 1261 2468 mitte-

199 2477 246 2498 re·
264 2469 341 2506 quod
355 2470 411 2506 ipse
424 2471 538 2509 annuit,

237 2491 291 2543 Et,
311 2506 375 2544 post
390 2517 440 2545 ea,
459 2509 648 2547 recesserunt,
666 2510 699 2541 δε
714 2510 779 2546 post
794 2511 966 2550 Prandium,
984 2511 1043 2544 fere
1055 2511 1089 2543 ad
1111 2512 1264 2553 Noctem,

197 2544 238 2574 eis
258 2543 308 2574 ista
330 2545 502 2589 subscripta,
517 2557 564 2585 per
586 2548 761 2588 Vellebresme
784 2549 990 2588 Secretarium‚
1007 2551 1211 2583 transmiserunt
1233 2563 1263 2583 in

198 2581 323 2621 quadam
338 2582 465 2622 Cedula,
485 2588 522 2616 lic
539 2588 720 2625 continente,

238 2659 385 2692 TreRcie
403 2661 643 2701 otmarum,
662 2663 697 2692 les
713 2667 806 2695 Terrex
823 2668 962 2695 contenues
976 2677 1008 2696 en
1035 2666 1064 2696 Ia
1082 2667 1262 2700 Pnrixirizniz

200 2696 425 2730 OUVERTURE
434 2724 443 2737 ,
463 2711 592 2741 avecques
606 2700 635 2731 la
649 2705 677 2731 V
679 2701 726 2731 ille
739 2704 771 2732 de
787 2703 921 2742 Monstrel
934 2703 972 2737 (γ
979 2703 1025 2743 fis
1037 2713 1245 2743 appartenances
1254 2733 1264 2746 ‚

200 2735 240 2770 ό·
261 2744 347 2767 toules
366 2737 402 2767 les
422 2738 525 2768 nultres
544 2743 635 2769 Terret
657 2740 788 2771 declarees
810 2753 843 2771 en
865 2743 984 2772 Traielie
998 2743 1055 2781 fait
1070 2743 1143 2775 I’An
1163 2745 1262 2786 Mille,

201 2777 277 2805 CCC,
296 2779 441 2812 Seizante,
462 2784 567 2815 exrepte
581 2777 609 2807 la
623 2781 651 2807 V
651 2778 696 2808 ille
713 2780 744 2808 de
760 2779 788 2809 la
802 2779 906 2810 Rachel.

238 2816 282 2843 Le
296 2816 359 2844 Pais
371 2815 403 2844 de
417 2817 585 2853 Xaifflonge
594 2840 602 2854 ,
617 2821 663 2858 qui
676 2816 711 2856 est
719 2826 773 2856 par
786 2819 847 2847 deca
862 2817 891 2848 la
908 2818 1050 2850 Charant:

239 2855 295 2882 Les
309 2856 383 2889 Cfte,
403 2854 524 2893 ChasteI,
544 2854 581 2888 <sy
601 2859 683 2885 Conte
698 2856 731 2885 de
748 2858 896 2895 Poittiers,
914 2856 953 2892 &-
969 2865 1028 2889 tout
1046 2859 1074 2889 la
1086 2862 1167 2890 Terre
1181 2859 1219 2896 όν
1237 2861 1261 2891 le

197 2892 280 2958 lPai'l}
301 2892 334 2920 de
358 2894 453 2921 Poitou
467 2917 476 2930 ,
503 2894 642 2933 comprinfi’
663 2897 727 2924 einz
745 2894 782 2924 les
801 2895 875 2936 Piefs
893 2896 926 2925 de
938 2899 1068 2927 Touarres
1087 2906 1125 2934 ξφ
1146 2899 1178 2928 de
1198 2900 1264 2930 Bel-

209 2940 255 2959 ew
278 2940 309 2958 e:

235 2970 277 2998 Et
288 2990 297 3005 ,
316 2979 348 2996 en
363 2967 465 3006 oultre,
485 2981 519 2999 en
533 2968 662 3009 delaffira
677 2979 778 3002 aurant
793 2983 825 3002 en
841 2972 940 3002 Valeur
954 2973 987 3003 de
1005 2977 1100 3005 Terres
1115 2987 1147 3005 en
1158 2976 1187 3005 la
1203 2980 1265 3006 Du-

199 3004 265 3073 (19ὶὲ
272 3009 310 3073 Αἱ)
321 3009 507 3074 Ἧνγηαηᾶἰε,
525 3019 594 3038 (ome
608 3017 729 3040 montent
747 3010 782 3040 les
800 3012 883 3040 diaes
899 3016 977 3051 Cite,
995 3012 1119 3053 chastel,
1138 3014 1176 3049 ὠ
1194 3019 1265 3045 Con-

199 3051 228 3074 te
261 3056 276 3074 e
311 3049 335 3074 oi
363 3049 432 3075 iers:

240 3085 280 3111 Et
295 3091 354 3113 tout
370 3083 399 3113 la
415 3087 494 3113 Terre
512 3083 550 3120 ᾤ’
566 3087 641 3114 Paris
661 3086 693 3115 de
709 3088 817 3117 Ροὶέῖοιι
832 3111 842 3126 ,
868 3088 1008 3129 comprinfi
1020 3093 1075 3119 eIns
1087 3089 1125 3120 les
1142 3090 1214 3131 Fiefs
1232 3093 1264 3122 de

199 3123 304 3152 Touare
317 3121 354 3156 ἄν
369 3122 531 3160 Bellevdle,

237 3162 284 3188 La
305 3160 374 3190 Ville
394 3161 425 3191 de
441 3161 470 3190 la
491 3160 627 3200 Rochelle,
654 3161 692 3196 ὠ·
711 3162 748 3192 les
767 3166 842 3193 Paiis
857 3165 888 3194 de
911 3168 1073 3205 Xantonge,
1101 3166 1188 3207 estant
1207 3177 1262 3207 par

200 3197 263 3228 deca
278 3198 302 3226 le
320 3198 446 3229 Charant
461 3211 556 3229 comme
572 3201 614 3229 dit
629 3200 682 3240 est,

235 3235 440 3275 c'ejslafflzvosm
462 3247 498 3268 ce
511 3238 626 3276 Qi’sssr
647 3247 692 3270 EN
708 3239 787 3271 Fies
805 3249 851 3272 EN
869 3241 1019 3281 Fiet-,ET
1033 3253 1071 3274 ci:
1087 3244 1202 3282 QJ'EST
1215 3253 1260 3275 EN

199 3272 344 3305 Dmmn
363 3283 406 3305 EN
426 3275 582 3307 DEMAiN.

235 3350 273 3382 Et
295 3350 390 3394 postea
411 3355 482 3383 vero
505 3353 610 3390 praefati
632 3353 851 3386 Ambassiatores
864 3379 874 3393 ,
898 3354 945 3386 die
966 3358 1098 3394 proxime
1118 3357 1261 3397 sequenti,

201 3389 267 3429 post
281 3388 453 3429 Prandium,
468 3402 673 3424 convenerunt.

237 3465 276 3496 Et
289 3465 442 3511 'Pin-Mo
463 3466 600 3504 Magister
623 3469 760 3508 Philippus
780 3470 856 3501 Parti
871 3469 990 3501 adversae
1005 3472 1162 3511 intimavit,
1182 3473 1261 3517 quod

200 3503 325 3535 Domini
346 3504 385 3535 sui
407 3505 511 3535 ibidem
537 3507 611 3538 bene
632 3510 762 3539 viderunt
785 3509 819 3539 &
839 3509 1034 3540 intellexerunt
1057 3509 1202 3542 Contenta
1231 3514 1260 3542 in

199 3542 311 3587 Cedulfi
327 3544 365 3573 eis
378 3543 474 3574 misia:
491 3554 571 3583 quae,
590 3554 620 3576 ut
635 3549 672 3577 eis
692 3556 820 3585 apparet,
839 3547 924 3585 longe
946 3548 1082 3586 discrepat
1105 3551 1141 3579 ab
1160 3560 1261 3582 eorum

198 3580 281 3611 dietis
307 3581 370 3612 Ore
388 3582 435 3613 die
453 3583 635 3620 praecedenti:
656 3586 688 3616 δε
711 3586 776 3623 sibi,
796 3595 844 3622 per
860 3585 1033 3624 Extensum,
1060 3586 1209 3619 declaravit
1232 3591 1260 3619 in

198 3620 301 3663 quibus
321 3622 358 3651 eis
379 3622 515 3658 apparuit:
536 3631 621 3660 nam,
639 3633 669 3654 ut
690 3624 816 3660 asseruit,
836 3623 958 3653 Domini
980 3624 1018 3654 sui
1032 3635 1092 3655 non
1104 3627 1261 3666 intelligunt

196 3658 268 3694 quid
279 3659 334 3728 ἐξῆ
348 3659 452 3691 vellent
467 3658 589 3691 Innuere
603 3670 652 3699 per
667 3661 726 3691 illos
748 3662 905 3692 Terminos
926 3673 1013 3691 onmes
1034 3666 1131 3693 Terras
1154 3673 1262 3696 conten-

197 3702 242 3724 tas
253 3718 262 3732 ,
314 3708 339 3728 c.

238 3734 335 3773 Qiare
351 3736 477 3774 quaefivit
493 3737 576 3774 plane
589 3738 709 3776 iterato,
728 3747 763 3768 an
777 3737 825 3775 ipfi
839 3738 961 3768 innuunt
976 3739 1019 3776 (ut
1033 3739 1098 3770 alias
1111 3742 1262 3780 promitte-

200 3770 280 3808 bant)
296 3773 400 3804 offerre
416 3777 514 3806 omnia
529 3785 663 3807 contenta
678 3777 706 3806 in
724 3786 828 3813 magna
844 3775 936 3806 Pace?

238 3809 276 3839 Et
297 3812 424 3850 ulterius,
445 3824 583 3851 quantum
606 3815 639 3844 ad
655 3814 815 3852 hujusmodi
828 3813 1136 3854 Recompensationes,
1153 3827 1204 3855 per
1218 3818 1261 3856 ip-

200 3845 244 3890 sos
258 3857 365 3887 motas,
383 3861 442 3881 non
458 3854 650 3890 percipiebant
667 3853 789 3883 Domini
801 3853 856 3890 sui,
875 3862 966 3890 quum
982 3854 1031 3891 ipsi
1050 3855 1188 3893 eligebant
1206 3866 1261 3894 op—

202 3892 324 3930 timum,¹
340 3888 373 3918 ἃ
388 3889 491 3920 dabant
505 3892 542 3920 eis
550 3891 683 3930 peffimum
696 3893 730 3923 &
747 3891 847 3921 vastata
862 3891 1002 3928 utriusque
1017 3891 1165 3932 Ducatu53
1184 3904 1217 3924 ac
1241 3894 1260 3924 fi

200 3932 279 3960 quis,
298 3925 451 3957 dividendo
468 3927 588 3965 Ovum,
606 3938 717 3967 caperet
731 3929 780 3960 sibi
794 3928 948 3965 Vitellum,
967 3929 1056 3960 Socio
1075 3931 1260 3970 relinquendo

199 3959 319 3991 'restam
335 3965 379 4007 vel
399 3965 557 4003 Albumen,
574 3978 639 3998 nam
656 3968 724 4006 quid
741 3968 911 4005 innuebant,
932 3967 969 3998 fic
983 3967 1137 4000 dividendo
1161 3969 1262 4001 Duca-

200 4006 264 4030 tuin
279 4010 360 4033 novit
378 4002 440 4041 ille,
459 4013 488 4034 ut
505 4005 634 4044 afferuit,
652 4009 700 4045 qui
712 4006 799 4038 nichil
812 4007 939 4045 ignorat,
957 4008 1020 4045 quia
1040 4017 1101 4038 non
1123 4009 1262 4048 percipie-

1303 299 1435 369 senffnde
1461 339 1594 376 petebant
1618 339 1751 371 instanter
1774 319 1854 379 quod
1880 341 1948 372 Pars
1965 340 2077 371 adversa
2094 341 2121 371 se
2138 342 2287 374 abstineret
2305 352 2368 374 01⁷-

1306 386 1325 407 F
1337 386 1355 407 E
1366 386 1448 407 RRE
1472 377 1548 416 Regi
1567 377 1628 407 talia
1644 401 1654 416 ,
1681 378 1717 408 de
1737 381 1840 418 quibus
1855 388 1913 410 erat
1929 379 2070 410 Posseffus
2087 392 2098 417 3
2121 382 2185 419 quia
2203 381 2341 413 liberalius
2355 405 2366 422 ,

1304 415 1394 454 quam
1411 415 1468 453 ipse
1486 415 1567 446 Deus
1585 426 1616 447 ea
1631 417 1683 466 sibi
1700 416 1850 459 Donavit,
1867 428 1954 449 nemo
1973 417 2143 449 Mortalium
2156 419 2254 467 'potest
2272 421 2346 452 dare.

1345 492 1461 529 Qiibus
1473 492 1573 531 dietis,
1591 491 1955 536 Ambaffiatorestalphini
1974 503 2116 527 traxerunt
2137 496 2164 527 se
2182 497 2218 528 ad
2237 503 2367 538 partem,

1305 531 1339 562 &
1355 531 1501 562 redeuntes
1513 530 1732 571 Archiepiscopus
1749 532 1894 565 Recitavit
1907 535 1983 565 dieta
1997 544 2046 573 per
2071 535 2242 576 Magistrum
2262 537 2365 578 Philip-

1299 577 1365 607 pum
1383 569 1434 600 sub
1449 570 1644 608 compendio,
1659 570 1692 601 &
1708 570 1747 601 sic
1758 572 1878 602 totaliter
1891 572 1917 603 se
1932 573 2090 613 excusavit,

1344 645 1400 685 Et,
1420 654 1557 685 quantum
1573 646 1608 677 ad
1624 645 1684 677 illos
1698 646 1854 687 Terminos
1871 655 1996 679 contenta
2013 654 2043 681 in
2060 663 2158 691 magna
2166 655 2234 691 Pace
2248 677 2258 691 ,
2278 652 2368 684 Affir-

1307 686 1395 716 mavit
1416 685 1494 723 quod
1516 686 1591 716 bene
1611 694 1673 715 non
1691 685 1878 716 intellexerint
1898 688 1958 717 illos
1978 697 2064 726 quem
2085 691 2242 722 admodum
2257 693 2367 722 necin-

1307 724 1541 794 }gllffigoadhuc,
1558 725 1591 755 &
1611 723 1650 755 fic
1668 723 1718 755 diu
1740 723 1815 755 stetit
1832 724 1891 755 suas
1911 724 2087 759 Variationes
2108 730 2184 767 prius
2207 730 2292 762 faetas
2311 740 2367 762 co-

1346 840 1461 879 Quibus
1479 840 1642 881 Replicabit
1663 841 1818 880 aliqualiter
1840 839 1977 882 Magister
2005 841 2166 882 Philippus,
2191 843 2367 877 &tandem

1308 879 1449 917 Quaelivit
1459 881 1496 910 ab
1510 880 1584 918 ipso,
1603 880 1718 919 qualiter
1730 881 1814 912 vellet
1829 881 1893 919 quia
1910 884 1972 910 Rex
1988 889 2012 910 T
2021 891 2038 912 E
2048 890 2070 912 N
2080 891 2098 911 E
2109 890 2133 912 R
2143 890 2161 911 E
2171 890 2194 913 ’r
2213 881 2276 914 istas
2289 883 2369 915 Ter-

1307 917 1369 947 ras?
1386 919 1436 956 qui
1450 918 1609 955 Respondit
1623 919 1700 957 quod
1719 929 1742 950 *r
1750 928 1768 949 E
1780 927 1802 949 N
1812 928 1830 949 E
1841 929 1864 949 R
1875 928 1894 950 E
1905 928 1928 949 'r
1948 918 2150 959 effectualiter,

1347 955 1385 986 At
1397 980 1406 993 ,
1424 956 1468 987 ille
1491 956 1627 996 Philippus
1639 980 1649 995 ,
1674 957 1725 988 scis
1748 958 1828 996 quod
1849 957 2036 990 effectualiter
2051 982 2062 998 ,
2079 969 2145 990 nam
2164 958 2202 990 sic
2223 968 2274 991 ΤΕ
2285 968 2370 991 ΝΕΤ

1307 993 1429 1025 Vasallus
1445 1006 1455 1032 ;
1487 994 1531 1025 sed
1555 995 1682 1034 nunquid
1701 996 1819 1027 Innuitis
1837 1006 1891 1027 vos
1911 997 1989 1034 quod
2012 1001 2073 1028 Rex
2091 997 2179 1028 TEN
2192 1007 2209 1028 Ε
2221 1007 2292 1029 Βῐτ
2311 999 2370 1030 illas

1307 1032 1410 1063 Terras
1421 1055 1432 1071 ,
1450 1033 1488 1064 sic
1507 1033 1613 1064 oblatas
1629 1057 1639 1071 ,
1656 1043 1688 1064 ut
1709 1034 1828 1065 Vicinus
1844 1057 1854 1072 ,
1871 1034 1917 1065 vel
1938 1035 2053 1073 qualiter
2067 1037 2080 1067 ?
2097 1036 2131 1067 &
2152 1035 2369 1076 Archt'epifiopus

1306 1070 1482 1110 Respondit,
1498 1073 1590 1111 gravis
1610 1072 1651 1102 est
1671 1072 1720 1103 ista
1741 1072 1894 1112 Quaestio,
1909 1082 2057 1112 propterea
2080 1076 2202 1112 petimus
2217 1073 2369 1108 Delibera-

1306 1111 1418 1142 tionem
1433 1111 1462 1141 in
1477 1110 1642 1142 Crastinum
1655 1111 1689 1142 ad
1703 1110 1818 1142 Horam
1832 1111 1997 1143 consuetam
2012 1113 2222 1145 Conveniendi.

1344 1192 1416 1232 Qia
1427 1191 1499 1223 hora
1514 1192 1681 1224 adveniente
1702 1191 1930 1232 Convenerunt,
1949 1193 2001 1232 &,
2018 1193 2177 1226 sedentibus
2202 1195 2269 1234 illis,
2283 1195 2369 1229 Ince-

1306 1232 1347 1269 pit
1360 1231 1575 1271 Archiepisc'opus
1590 1233 1722 1263 Recitare
1736 1242 1768 1263 ea
1782 1242 1847 1271 quae
1861 1242 1911 1271 per
1931 1232 2105 1272 Magistrum
2127 1233 2288 1273 Phillippum
2305 1235 2369 1268 fue.

1305 1279 1368 1300 rant
1383 1272 1522 1309 praeterita
1536 1281 1602 1302 ante
1616 1271 1710 1310 dicia,
1856 1276 1858 1278 '
2366 1309 2369 1311 ,

1345 1309 1400 1347 Et,
1420 1318 1556 1348 quantum
1572 1310 1604 1340 ad
1623 1310 1823 1348 Qiaestionem
1839 1309 2020 1349 praedidiam,
2038 1308 2214 1349 Respondit,
2233 1312 2312 1350 quod
2324 1314 2370 1344 vi-

1304 1346 1424 1378 debatur
1440 1349 1479 1378 eis
1493 1349 1580 1387 magis
1596 1348 1745 1387 expediens
1759 1349 1793 1379 δε
1808 1349 1994 1380 necessarium
2010 1349 2134 1387 priustde
2148 1350 2205 1379 aliis
2218 1351 2371 1388 pertracta-

1306 1395 1336 1415 re
1349 1388 1425 1424 (quae
1439 1386 1595 1417 secundum
1611 1397 1660 1417 eos
1675 1387 1787 1418 fuerunt
1801 1388 1899 1419 multae
1914 1388 1947 1418 &
1963 1389 2059 1422 variae)
2078 1396 2230 1427 antequam
2252 1389 2369 1421 descen-

1305 1423 1418 1455 deretur
1433 1425 1466 1455 ad
1481 1434 1539 1456 tam
1552 1426 1666 1456 arduam
1685 1426 1888 1464 Quaestionem
1904 1427 1988 1457 altam
2004 1426 2079 1456 satis:

1343 1463 1381 1493 Et
1396 1465 1464 1494 ultra
1478 1463 1590 1495 asseruit
1608 1464 1687 1502 quod
1700 1466 1764 1503 quia
1779 1464 1896 1495 firmiter
1911 1465 2057 1496 tenebatur
2074 1467 2170 1503 Regem
2183 1465 2296 1504 Angliae
2303 1465 2375 1498 Do-*

1305 1503 1416 1533 minum
1438 1503 1469 1532 in
1488 1503 1515 1533 se
1536 1503 1571 1533 ita
1588 1502 1695 1540 J'usturn
1713 1504 1747 1534 &
1770 1503 1856 1534 bonae
1869 1505 2012 1542 opinionis
2027 1504 2271 1543 &conscientiae,
2289 1504 2369 1543 quod

1304 1541 1397 1578 aliter,
1416 1551 1501 1579 quam
1516 1539 1555 1571 sui
1573 1541 1698 1572 Nobiles
1715 1541 1936 1573 Praedecessores
1959 1543 2016 1573 illas
2033 1543 2137 1573 Terras
2156 1551 2366 1582 TENEBANT,

1306 1589 1359 1609 nec
1382 1580 1437 1617 ipse
1460 1580 1520 1610 vult
1542 1589 1598 1610 nec
1620 1580 1734 1611 affectat
1752 1589 1863 1611 TENE
1875 1589 1897 1610 R
1909 1588 1946 1618 a,
1965 1581 2015 1619 &,
2032 1581 2110 1618 quod
2130 1582 2311 1612 consimiliter
2334 1583 2369 1613 &

1305 1617 1406 1648 eodem
1422 1619 1511 1648 modo
1532 1618 1550 1638 ²*
1569 1618 1636 1656 ipsas
1653 1626 1758 1650 teneret
1774 1619 1848 1658 ipse,
1865 1619 1914 1659 ipsi
1929 1629 1982 1658 pro
2006 1629 2075 1651 tunc
2097 1618 2213 1657 finaliter
2234 1619 2371 1659 Respon-
2390 1624 2404 1641 ί
2422 1625 2476 1653 IX.

2388 1666 2455 1700 639.

1304 1656 1416 1688 derunt.

1343 1733 1401 1767 Cui
1425 1746 1475 1775 per
1497 1735 1607 1769 dietum
1628 1736 1799 1779 Magistrum
1819 1736 1987 1777 Philippum,
2006 1736 2227 1776 Replicabatur,
2245 1736 2370 1769 dicendo

1306 1776 1385 1812 quod
1409 1777 1485 1807 aliter
1512 1781 1594 1808 'r'ssN
1607 1781 1624 1807 iz
1636 1786 1685 1808 RE
1696 1784 1718 1807 τ
1738 1777 1794 1815 ipse
1813 1777 1849 1808 de
1864 1777 1948 1815 Jure,
1968 1777 2001 1807 δε
2024 1776 2101 1807 aliter
2123 1776 2162 1806 sui
2177 1775 2374 1815 Praedeceffoff

1307 1822 1366 1851 τρες
1386 1824 1451 1844 nam
1469 1815 1524 1853 ipse
1537 1815 1621 1846 habet
1635 1816 1691 1854 Jus
1702 1816 1886 1846 indubitatum
1899 1815 1933 1845 ad
1949 1818 2081 1844 Coronam
2095 1815 2130 1845 &
2140 1817 2260 1851 Regnum
2281 1817 2374 1845 Fran-

1305 1855 1368 1889 ciae5
1389 1854 1423 1884 &
1439 1855 1475 1884 ita
1487 1864 1547 1884 non
1563 1854 1722 1885 habuerunt
1734 1861 1837 1886 omnes
1850 1852 1890 1884 sui
1905 1852 2136 1884 Praedeceffores.
2169 1858 2176 1867 ⁸

1343 1891 1381 1921 Et
1399 1914 1408 1929 ‚
1426 1893 1520 1930 quoad
1544 1893 1602 1924 hoc
1615 1916 1624 1931 ,
1641 1893 1750 1933 insuper
1769 1895 1807 1923 eis
1829 1891 1992 1924 Declaravit
2012 1891 2091 1930 quod
2134 1899 2286 1930 antequam
2309 1901 2372 1924 me-

1306 1929 1500 1962 tuendiffimus
1517 1941 1618 1961 eorum
1639 1934 1770 1962 Dominus
1795 1933 1856 1961 Rex
1885 1930 2028 1962 descendit
2057 1931 2085 1960 in
2106 1914 2256 1960 bacatum
2287 1930 2376 1962 suum'

1306 1967 1518 2008 Normanniae,
1537 1971 1725 2000 intentionem
1740 1969 1814 2000 suam
1831 1971 1860 1999 in
1882 1979 1914 1999 ea
1935 1978 2014 2008 parte
2027 1968 2164 1999 Dominis
2186 1968 2375 2010 Archiepifio-

1300 2010 1344 2044 pis
1358 2031 1367 2045 ,
1387 2008 1509 2049 Remenfi
1521 2031 1531 2046 ,
1551 2009 1584 2039 δε
1607 2007 1771 2052 Βὶιιινὶεεῃβ
1782 2031 1792 2047 ,
1809 2011 1926 2038 Domino
1948 2008 1980 2038 de
2003 2007 2027 2038 le
2048 2011 2119 2037 Bret
2134 2030 2143 2044 ,
2165 2008 2200 2039 δε
2221 2012 2318 2038 Comiti
2338 2009 2372 2039 de

1306 2045 1457 2085 Vendosme
1471 2070 1480 2085 ‚
1504 2047 1539 2078 ὃς
1562 2047 1620 2076 aliis
1640 2047 1663 2077 F
1666 2057 1767 2077 ranciae
1789 2046 2041 2077 Ambaffiatoribus
2056 2070 2066 2085 ,
2092 2046 2259 2086 intimavit3
2285 2056 2373 2085 prout

1307 2084 1423 2121 quidam
1439 2094 1541 2116 eorum
1554 2085 1629 2115 bene
1642 2093 1802 2122 noverunt,
1821 2086 1855 2116 &
1876 2086 1962 2116 etiam
1983 2086 2082 2116 eadem
2105 2084 2173 2115 dixit
2195 2088 2314 2116 Domino
2336 2086 2371 2116 de

1306 2126 1423 2152 Severac
1441 2124 1475 2154 δε
1499 2124 1636 2154 Guitardo
1649 2147 1658 2162 ,
1683 2124 1834 2162 nuperime
1854 2124 1884 2153 in
1906 2123 2039 2155 Exercitu
2061 2123 2111 2154 suo
2129 2132 2193 2154 ante
2213 2123 2371 2159 Civitatem

1305 2160 1573 2200 Rothomagensem
1598 2162 1693 2193 secum
1719 2162 1926 2201 existentibus,
1961 2162 1994 2193 ad
2021 2161 2158 2194 effectum
2185 2163 2242 2192 uti
2265 2162 2284 2193 si
2301 2163 2373 2194 illud

1305 2201 1354 2269 idfi,
1379 2209 1443 2232 ante
1459 2200 1616 2234 adventum
1634 2201 1762 2233 vestrum
1780 2201 1858 2240 huc,
1888 2200 2024 2233 Domino
2043 2200 2141 2233 vestro
2159 2199 2236 2239 Dalp
2255 2204 2299 2232 ino
2317 2211 2373 2241 no,

1304 2247 1324 2270 ti
1346 2247 1460 2278 carent,

1342 2278 1442 2318 Qare
1461 2279 1594 2311 volumus
1610 2289 1663 2311 vos
1682 2281 1751 2318 poni
1770 2287 1846 2311 extra
1865 2289 1986 2318 ornnem
2006 2279 2208 2312 haefitationem
2228 2280 2263 2312 &
2282 2279 2371 2311 firmi-

1306 2324 1348 2348 ter
1367 2319 1482 2349 teneatis
1510 2319 1661 2356 (omnibus
1679 2319 1822 2350 dubietate
1840 2319 1874 2350 δε
1893 2319 2052 2358 quaestione
2071 2320 2201 2357 semotis)
2231 2319 2309 2358 quod
2326 2321 2372 2350 iri-¹

1306 2356 1474 2387 victiffimus
1493 2357 1639 2388 Dominus
1659 2357 1754 2388 noster
1773 2357 1858 2396 Rex,
1878 2368 1932 2396 pro
1951 2358 2090 2396 aliquibus
2108 2359 2206 2390 Terris
2230 2367 2277 2388 aut
2303 2357 2371 2389 Do-

1306 2396 1403 2426 miniis
1441 2395 1491 2426 sibi
1510 2397 1540 2426 in
1557 2404 1694 2427 eventum
1715 2395 1890 2428 restituendis
1909 2397 1954 2427 seu
1973 2396 2138 2434 liberandis,
2159 2406 2219 2427 non
2239 2396 2300 2426 vult
2323 2400 2370 2427 re-

1306 2419 1481 2472 cognoscere
1501 2435 1530 2465 in
1551 2435 1651 2466 Terris
1671 2435 1752 2465 suum
1771 2435 1954 2473 Superiorem
1966 2458 1975 2472 ,
1994 2445 2047 2466 nec
2066 2446 2097 2466 ea
2117 2445 2140 2466 'r
2152 2444 2170 2465 ε
2184 2443 2206 2465 N
2220 2443 2237 2464 Ε
2251 2443 2274 2464 R
2286 2443 2304 2464 E
2326 2435 2373 2464 ni-'

1306 2472 1326 2503 si
1344 2473 1380 2504 de
1399 2473 1460 2504 solo
1480 2472 1550 2504 Deo
1566 2485 1577 2512 3
1604 2475 1638 2506 &
1657 2482 1808 2513 propterea
1827 2484 1881 2507 vos
1900 2474 2046 2510 hortamur
2066 2475 2094 2505 in
2120 2473 2253 2504 Domino
2273 2481 2371 2511 quate-

1305 2522 1358 2542 nus

1345 2535 1469 2582 A’ttentis
1488 2551 1544 2582 istis
1562 2575 1572 2590 ,
1595 2552 1629 2583 &
1648 2553 1734 2583 etiam
1752 2551 1830 2591 quod
1848 2553 1909 2581 Rex
1927 2560 1987 2581 non
2007 2549 2068 2582 vult
2087 2550 2239 2589 aliqualiter
2258 2559 2373 2581 recom-

1306 2590 1411 2626 pensari
1429 2591 1465 2620 de
1485 2591 1578 2621 modo
1598 2600 1648 2628 per
1667 2590 1758 2628 ipsum
1776 2589 1877 2620 habitis
1894 2589 1928 2620 &
1946 2589 2091 2626 posseinS,
2115 2588 2270 2619 secundum
2290 2588 2371 2627 quod

1304 2628 1345 2657 eis
1364 2628 1436 2668 saepe
1452 2628 1549 2666 saepius
1567 2628 1700 2666 dicebat,
1717 2629 1750 2658 &
1768 2629 1853 2657 etiam
1873 2627 1970 2665 quod⁷
2000 2635 2030 2658 ut
2050 2627 2292 2665 concredabatur,
2317 2627 2367 2666 ipsi

1304 2666 1412 2696 habent
1429 2666 1508 2704 super
1536 2666 1592 2696 istis
1611 2666 1648 2696 de
1673 2666 1817 2696 voluntate
1846 2675 1947 2696 eorum
1973 2665 2097 2695 Domini
2121 2666 2308 2696 sufficientem
2334 2666 2371 2697 &

1305 2704 1417 2741 plenam
1436 2704 1651 2735 instructionem
1674 2727 1683 2742 ,
1703 2703 1781 2743 quod
1800 2703 1850 2741 ipsi
1869 2703 1896 2734 se
1916 2704 2080 2742 expedirent
2099 2704 2132 2735 &
2152 2703 2291 2736 offerrent
2309 2705 2372 2736 talia

1305 2752 1355 2780 per
1377 2751 1443 2782 quae
1462 2742 1514 2775 ista
1533 2742 1592 2775 Pax
1612 2742 1700 2775 valeat
1718 2742 1936 2780 comprehendi.

1376 2820 1456 2851 uibus
1474 2820 1576 2859 dictis,
1593 2820 1755 2851 Traxerunt
1774 2821 1800 2851 se
1818 2819 2033 2859 Ambaffiatores
2048 2820 2183 2860 Dalphini
2200 2818 2234 2850 ad
2246 2826 2367 2858 partem,

1305 2859 1339 2890 &
1358 2861 1367 2889 i
1394 2869 1409 2889 a
1426 2860 1621 2898 praeloquuta,
1640 2859 1705 2897 post
1725 2869 1825 2890 eorum
1847 2859 1984 2889 Reditum
1996 2882 2006 2897 ‚
2023 2859 2146 2890 breviter
2166 2858 2369 2896 Archiepisco-

1306 2907 1357 2935 pus
1375 2898 1521 2929 Recitavit
1540 2910 1550 2936 3
1577 2897 1775 2936 respondendo
1794 2897 1873 2937 quod
1892 2897 1942 2928 ista
1960 2897 2082 2927 Materia
2101 2919 2111 2936 ,
2138 2898 2166 2926 in
2187 2906 2241 2934 qua
2259 2897 2370 2927 versan-

1305 2944 1371 2973 tur,
1389 2935 1430 2966 est
1451 2938 1478 2966 in
1499 2937 1525 2967 se
1544 2939 1581 2967 ita
1599 2937 1690 2976 gravis
1707 2937 1742 2968 &
1760 2936 1812 2966 alta
1831 2937 1934 2974 nimis,
1953 2935 2031 2972 quod
2050 2934 2099 2973 ipsi
2118 2944 2178 2965 non
2198 2935 2303 2966 audent
2312 2945 2368 2967 nec

1305 2975 1421 3013 possiiiit
1439 2976 1467 3004 in
1492 2985 1523 3006 ea
1542 2975 1637 3012 aliquo
1655 2975 1746 3005 modo
1765 2975 1845 3012 loqui
1863 2982 1909 3004 aut
1927 2973 2044 3003 tranare
2056 2995 2065 3012 ,
2094 2983 2147 3004 nec
2165 2973 2256 3004 sciunt
2275 2975 2368 3005 inten-

1305 3014 1416 3043 tionem
1437 3013 1562 3044 Domini
1581 3014 1620 3044 sui
1639 3014 1667 3043 in
1686 3013 1790 3044 eodem
1807 3035 1817 3050 ,
1844 3011 2112 3050 quomodocunque
2137 3012 2222 3055 fuerit
2246 3011 2282 3042 de
2309 3013 2368 3043 aliis

1306 3052 1465 3082 minoribus
1483 3062 1489 3082 z
1518 3051 1739 3082 Nichilominus
1757 3059 1852 3081 tamen
1870 3049 2023 3081 credebant
2041 3072 2051 3088 ,
2076 3050 2153 3088 quod
2180 3053 2200 3080 11
2217 3054 2278 3080 Rex
2298 3055 2367 3081 An-

1302 3089 1364 3127 gliae
1386 3091 1420 3121 &
1443 3100 1545 3121 eorum
1573 3089 1722 3120 Dominus
1749 3088 1861 3126 postent
1879 3089 1909 3118 in
1928 3088 2020 3126 aliquo
2040 3090 2107 3119 loco
2126 3089 2239 3120 decenti
2257 3099 2367 3120 conve-

1306 3130 1387 3166 nire,
1402 3138 1470 3159 cum
1487 3138 1590 3160 eorum
1610 3127 1832 3166 Consanguineis
1851 3128 1884 3158 ὅς
1904 3125 2063 3165 Conciliis,
2081 3127 2160 3165 quod
2178 3136 2248 3158 tunc
2267 3128 2315 3166 ipsi
2336 3129 2367 3158 in

1305 3166 1358 3197 hac
1384 3166 1505 3197 Materia
1529 3168 1652 3197 facerent
1678 3165 1778 3195 Finem
1804 3166 1914 3203 utrique
1940 3165 2017 3196 Parti
2042 3166 2234 3206 placabilem;
2270 3167 2337 3204 quin
2357 3191 2368 3205 ,

1305 3213 1444 3243 quantum
1455 3205 1489 3234 ad
1509 3204 1599 3242 ipsos,
1618 3205 1758 3241 petierunt
1776 3203 1803 3234 se
1819 3205 1959 3242 excusari,
1976 3205 2040 3241 quia
2059 3206 2089 3235 in
2107 3204 2156 3235 ista
2174 3203 2296 3235 Materia
2311 3214 2366 3235 no-

1303 3244 1414 3273 luerunt
1429 3243 1478 3272 alia
1493 3243 1573 3281 loqui
1591 3252 1639 3273 aut
1656 3243 1773 3273 tractare
1792 3252 1878 3280 quarn
1896 3243 2039 3280 fecerant,
2057 3253 2143 3281 quam
2158 3242 2274 3280 quidem
2283 3241 2368 3274 Con-

1304 3282 1489 3320 ventionem,
1506 3282 1577 3311 inter
1591 3290 1711 3319 caetera,
1729 3290 1760 3311 ut
1775 3282 1918 3320 apparuit,
1935 3281 2082 3312 instantius
2099 3281 2260 3313 desiderant.

1340 3356 1399 3395 Et,
1416 3357 1459 3388 his
1479 3357 1595 3396 Dictis,
1613 3357 1858 3398 Ambaffiatoribus
1880 3360 1958 3396 Regis
1973 3359 2068 3390 tractis
2089 3359 2165 3397 prius
2183 3357 2218 3388 ad
2238 3360 2362 3396 partem,

1302 3395 1450 3426 redeuntes
1469 3395 1598 3427 dixerunt
1615 3419 1625 3433 ,
1644 3397 1802 3428 Praeiocuta
1821 3407 1870 3435 per
1893 3397 2006 3428 Partem
2027 3396 2170 3428 adversam
2195 3395 2362 3433 recitando,

1301 3435 1336 3465 δε
1349 3458 1359 3472 ,
1383 3434 1476 3472 quoad
1494 3435 1652 3473 hujusmodi
1670 3435 1907 3467 Conventionem
1929 3444 2072 3466 tantorum
2097 3434 2281 3472 Principum,
2310 3443 2361 3471 per

1303 3483 1351 3503 eos
1365 3472 1563 3512 deiideratam‚
1581 3474 1727 3504 videbatur
1747 3475 1785 3504 eis
1803 3475 1887 3504 etiam
1905 3473 1968 3504 fore
1984 3474 2150 3512 expediens,
2170 3472 2280 3510 praeviis
2296 3481 2359 3503 cer-

1302 3513 1337 3542 tis
1357 3510 1482 3549 Mediis,
1497 3513 1530 3542 &
1556 3513 1638 3542 etiam
1665 3522 1718 3550 pro
1736 3512 1821 3542 Loco
1838 3513 1871 3542 ὃ(
1889 3511 2040 3549 Tempore
2052 3511 2235 3554 opportunis3
2254 3519 2360 3540 verun-

1302 3559 1416 3587 tamen,
1433 3558 1464 3581 ut
1481 3551 1555 3580 bene
1568 3551 1716 3589 noverint,
1732 3550 1852 3581 Materia
1870 3550 1919 3581 ista
1941 3549 2105 3586 Principalis
2123 3549 2204 3579 Pacis
2228 3549 2361 3580 nondum

1303 3597 1361 3619 erat
1382 3590 1454 3618 inter
1474 3598 1523 3618 eos
1547 3589 1608 3626 (qui
1631 3589 1692 3619 sunt
1717 3589 1853 3625 minores)
1867 3589 1949 3618 Trita
1964 3595 2012 3618 aut
2023 3586 2158 3625 Digesta,
2176 3587 2212 3617 ita
2223 3587 2302 3625 quod
2315 3587 2363 3618 Fi-

1303 3629 1345 3657 nis
1365 3635 1476 3666 optatus
1496 3625 1654 3665 inde.sequi
1676 3628 1796 3665 valebit,
1814 3628 1863 3665 &,
1882 3626 1899 3656 a
1919 3625 2010 3656 multo
2028 3626 2124 3663 majori
2167 3625 2202 3655 ad
2223 3624 2363 3656 effectum

1304 3664 1383 3703 quod
1406 3664 1471 3694 tales
1493 3664 1642 3703 Principes
1663 3667 1850 3696 convenirent
1871 3665 1901 3694 in
1925 3663 2024 3694 eadem
2049 3663 2105 3693 fine
2130 3648 2336 3702 Praeparatoriis
2352 3688 2363 3705 ,

1305 3704 1390 3742 magis
1408 3704 1521 3733 maturis
1537 3713 1622 3741 quam
1641 3703 1704 3735 sunt
1721 3705 1830 3740 adhuc,
1849 3709 2014 3740 propterea,
2031 3710 2094 3731 ante
2114 3704 2228 3739 omnia,
2249 3702 2365 3733 videba-

1306 3750 1351 3772 tur
1369 3742 1408 3771 eis
1424 3741 1502 3779 quod
1517 3742 1629 3773 ulterius
1644 3742 1714 3780 ipsi,
1733 3741 1868 3779 consensu
1881 3748 1998 3776 mutuo,
2017 3741 2105 3779 magis
2116 3740 2204 3772 solide
2218 3742 2253 3772 &
2272 3750 2364 3773 matu-
2409 3768 2411 3770 .

1305 3781 1337 3810 re
1361 3779 1518 3818 digererent
1538 3781 1572 3811 ὃς
1593 3781 1814 3819 appunctuarent
1835 3778 1916 3809 istam
1946 3777 2119 3817 Materiam,
2151 3779 2184 3810 &
2210 3788 2362 3818 antequam

1305 3817 1491 3849 concludatur
1505 3828 1555 3857 per
1569 3829 1619 3849 eos
1633 3819 1712 3856 super
1727 3818 1904 3857 Majoribus,
1919 3815 1996 3846 unde
2010 3816 2114 3847 volunt
2126 3817 2205 3855 quod
2222 3817 2366 3850 Conven-

1304 3857 1346 3887 tio
1367 3855 1534 3895 Principum
1553 3866 1600 3888 aut
1625 3856 1774 3895 Majorum
1795 3855 1842 3886 fiat
1865 3855 1896 3884 in
1922 3853 1982 3884 Dei
1999 3854 2148 3894 Nom‘ine,
2165 3857 2199 3887 &
2215 3856 2294 3894 quod
2311 3856 2364 3895 ipfi

1304 3893 1475 3925 concludant
1489 3895 1568 3932 super
1581 3895 1778 3933 appunetuatis
1791 3902 1869 3924 nunc
1883 3892 2040 3924 secundum
2049 3893 2126 3931 quod
2141 3896 2179 3925 eis
2195 3895 2286 3925 visum
2301 3894 2363 3925 fue-

1304 3933 1338 3963 rit
1357 3941 1426 3962 tunc
1444 3934 1594 3972 expedire;
1611 3933 1705 3972 unde,
1722 3933 1779 3963 sine
1799 3931 1858 3962 aliis
1877 3932 2007 3970 praeviis,
2024 3933 2170 3970 petebatur
2193 3933 2229 3963 ab
2253 3933 2363 3964 adversa

1305 3970 1404 4008 Parte,
1426 3971 1522 4009 quod,
1541 3981 1610 4002 cum
1629 3972 1679 4008 ipsi
1697 3979 1837 4001 noverant
1849 3968 1922 4006 ipsos
1941 3979 2008 4000 cum
2031 3981 2131 4001 eorum
2150 3971 2248 4002 ‘OBL
2260 3980 2281 4001 A
2293 3978 2364 4001 ’ris

1303 4018 1365 4040 non
1384 4010 1570 4047 contentari,
1595 4010 1662 4047 quia
1679 4008 1797 4044 invalida
1810 4030 1821 4046 ,
1843 4007 1943 4046 quod,
1969 4017 2001 4042 ea
2022 4019 2085 4041 non
2102 4019 2172 4041 cum
2194 4008 2365 4076 1)οῶΠίΞὲ

2337 4056 2367 4076 0-
