2562 4274
774 217 882 260 ET
958 217 1220 260 ACTA
1302 215 1774 262 PUBLICA.

2261 240 2310 280 41

9 307 86 339 Anu·
99 303 141 335 D·
1255 299 1382 331 vestrum
1399 311 1451 331 vos
1465 302 1570 339 praefati
1580 304 1725 344 Johannes
1739 306 1887 338 Neweton
1898 330 1908 345 ,
1931 306 2075 346 Johannes
2096 308 2212 348 Barnet,
2231 311 2314 342 Tho·
2326 308 2403 340 Arm.
2417 307 2460 347 D}

31 352 117 384 1403·
1256 345 1301 367 ma
1325 339 1358 368 δε
1383 339 1470 382 Alane
1492 350 1581 370 unum
1601 343 1657 373 esse
1679 344 1819 379 volumus)
1841 346 1874 375 ad
1899 346 2083 377 Audiendum
2102 369 2112 385 ,
2139 347 2309 380 Examinan-
2343 357 2430 388 1403.

11 387 75 412 Heu.
91 392 121 417 4·
224 389 274 421 De
291 389 404 421 Locum
419 395 532 420 tenente
549 388 635 433 Regis
657 389 690 419 in
701 384 840 433 pam-bus
858 388 966 422 Wlliae
985 386 1146 432 cwstimto.
1253 376 1339 414 dum,
1357 375 1592 415 Discutiendum‚
1610 380 1629 399 ³*
1642 381 1675 410 δε
1694 381 1809 412 finaliter
1829 383 2059 414 Terminandum
2081 387 2179 416 omnia
2202 388 2235 417 ὅ(
2256 389 2308 418 sin-
2327 391 2389 413 Hen.
2407 396 2438 423 4.

1253 413 1318 449 gula
1331 414 1485 452 Aetiones,
1504 413 1621 455 Causas,
1638 420 1671 448 &
1689 420 1910 460 Appellationes,
1929 432 1976 459 per
1993 421 2102 453 Gentes
2117 423 2152 453 de
2168 424 2305 456 Retinen-
2340 424 2359 443 *ι’
2370 427 2453 463 VIII,

8 465 139 546 ’ἓξὲξ-
162 471 700 549 Rssggssssmgssggsffipuosssc·
719 471 850 504 sentem·
1251 451 1630 530 “imme
1646 456 2303 544 frisensis&aegeaegesserat-¹

8 549 62 572 ⁴47¹·
74 555 103 581 4·
193 548 253 579 Pro
273 549 335 580 sana
363 549 581 580 Gubernatione
601 548 720 587 partium
741 548 875 588 Waffiae,
899 559 933 581 ac
959 548 1154 581 Marchiarum
1176 550 1210 581 δε
1249 527 1339 566 Ubus’
1357 528 1390 559 &
1412 527 1558 559 conflens
1578 531 1815 569 quibuscumque,
1832 535 1865 564 &
1887 536 1921 564 ad
1933 536 2078 573 JUstfffflm
2094 539 2213 574 Pffllbus
2227 549 2302 577 Pfae·

1248 565 1346 603 dietis,
1363 576 1446 604 prout
1463 567 1513 605 Jus
1535 568 1568 598 &
1594 568 1652 598 Lex
1674 569 1831 599 Armorum
1851 573 1967 608 exigunt
1986 576 2019 605 &
2040 577 2180 612 requirunt
2193 578 2301 614 (omni-

1245 603 1492 673 ffiglgsdtlnnlteriis
1516 605 1746 643 Appellationum
1768 608 1798 637 in
1820 607 1979 644 hujusmodi
2003 612 2099 644 Causis
2122 614 2298 654 postpositis)

1327 653 1347 672 n
1427 665 1438 681 ²

1278 679 1317 710 Et
1330 681 1396 711 ideo
1412 682 1493 711 vobis
1507 681 1787 726 Mandamus'qu'od,
1804 682 1838 713 ad
1855 686 2028 723 certos,&e.
2047 692 2203 727 quos,&c.
2222 702 2294 730 quo.

9 587 44 610 H.
62 593 90 617 4·
159 587 282 619 Partium
304 587 407 618 eisdem
429 586 632 625 adjacentium,
651 597 684 617 ac
705 596 758 626 pro
779 586 940 618 Refistentia
962 587 1083 619 Malitiae
1104 587 1211 618 Rebel-

8 620 71 648 lbid.
89 629 124 649 m·
158 626 228 657 lium
250 625 408 657 nostrorum
432 624 556 656 Partium
573 623 786 663 praedidtamm,
805 627 850 664 qui
866 636 954 664 nuper
969 635 1033 664 erga
1049 626 1118 656 Nos
1137 635 1210 656 con-

8 667 53 696 32·
159 673 199 695 tra
220 664 394 704 Ligeantiam
415 662 491 694 suam
512 663 667 701 proditorie
684 661 904 702 insurrexerunt,
922 664 1050 695 ordinare
1065 666 1098 696 &
1114 663 1209 702 provi-

0 1329 21 1351 *
46 1330 130 1359 v111.

17 1378 84 1407 ²9²·

0 3146 66 3179 Ann
92 3145 134 3178 D.

20 3171 106 3224 14o3.

0 3228 51 3254 An.
66 3234 94 3260 4.

1 3272 118 3330 mim.

5 3345 51 3377 33·

157 702 223 734 dere
237 702 360 733 volentes

194 740 240 771 Ae
251 740 286 770 de
301 724 443 771 Fidelitate
455 739 489 771 &
503 738 639 770 Industria
655 738 796 770 Cariffimi
812 740 1003 779 primogeniti
1016 738 1206 777 nostri,Hen-

156 782 205 810 rici
218 781 350 817 Principis
365 777 473 808 Walliae
487 777 593 816 plenius
606 777 792 817 confidentes,

193 815 402 848 Constituimus
431 815 521 854 ipsum
551 815 720 854 Principem
739 817 853 849 Locum
867 816 994 847 nostrum
1010 823 1154 847 tenentem
1175 816 1206 846 in

152 855 235 886 dietis
251 854 377 886 Partibus
392 854 507 885 Walliae
516 877 526 893 ,

190 893 297 924 Dantes
323 892 416 924 eidem
441 892 567 930 Principi
581 891 710 931 plenam,
729 893 844 923 Tenore
859 891 1058 929 Praesentium,
1076 891 1204 922 Potesta-

149 939 209 963 tem
221 931 257 962 ad
271 933 368 961 omnia
379 932 414 963 &
429 931 552 969 singula,
579 941 623 962 uae
631 931 665 962 ad
679 931 822 962 Officium
838 930 950 960 Locum
965 930 1091 961 nostrum
1106 938 1204 960 tenen-

151 971 185 1000 tis
204 971 235 1000 in
257 969 340 1001 dietis
361 969 489 1001 Partibus
504 970 545 1000 W
585 971 616 999 'ae
628 970 784 1008 pertinent,
803 968 978 999 Faciendum
992 969 1026 1001 &
1042 967 1204 999 Excercen-

152 1008 240 1047 dum,

190 1047 234 1078 Ac
254 1045 381 1084 insuper,
405 1045 612 1085 Affignavimus
635 1044 781 1082 praefatum
804 1045 968 1082 Principem
990 1044 1024 1075 ad
1046 1053 1148 1075 omnes
1169 1045 1202 1076 &

154 1085 275 1122 singulos
296 1083 455 1121 Homines,
481 1084 517 1114 de
539 1082 730 1114 Comitatibus
750 1083 887 1120 Salopiae,
902 1083 1090 1124 Wygorniae,
1109 1083 1203 1114 Here-

151 1122 271 1161 fordiae,
287 1124 321 1154 &
338 1121 526 1153 Gloucestriae
538 1120 745 1159 Defensabiles‚
767 1122 800 1152 ὃ(
814 1121 849 1152 ad
867 1121 1070 1152 Laborandum
1083 1123 1112 1152 in
1128 1121 1203 1152 Cor-

149 1171 217 1200 pore
241 1161 386 1198 Potentes,
404 1169 453 1198 per
475 1159 528 1197 Se,
544 1159 578 1190 &
601 1158 756 1197 Deputatos
771 1159 833 1189 suos
853 1159 1008 1190 Monstrari
1030 1161 1064 1191 &
1081 1160 1200 1190 Arraiari

151 1198 344 1236 Faciendum,
360 1197 402 1228 Ita
426 1197 505 1235 quod
526 1197 573 1234 ipsi
595 1196 728 1235 Prompti
741 1198 792 1228 sint
805 1199 839 1230 &
858 1197 964 1235 Parati,
980 1199 1009 1228 in
1023 1198 1133 1228 meliori
1150 1198 1201 1228 Ar-

150 1238 281 1268 raiatione
295 1235 339 1266 sua
376 1235 411 1267 ad
426 1236 519 1266 dietos
533 1235 664 1265 Rebelles
678 1235 804 1274 nostros,
828 1237 858 1266 in
873 1235 1077 1267 Defensionem
1095 1235 1202 1266 Comi-

144 1283 258 1306 tatuum
272 1274 306 1307 &
321 1258 516 1304 Marchiarum
530 1273 748 1312 praediCtorum,
766 1275 895 1312 quotiens
910 1283 980 1317 opus
992 1273 1090 1317 fuerit,
1110 1273 1201 1317 Resis-

149 1313 281 1351 tendum,
294 1313 374 1351 juxta
388 1312 501 1349 Legem
517 1312 536 1331 ²*
552 1312 586 1342 ὃς
600 1310 843 1342 Consuetudinem
858 1311 953 1349 Regni
967 1312 1054 1341 nostri
1070 1312 1201 1349 Angliae,

149 1362 183 1383 ac
205 1352 330 1383 formam
353 1349 526 1381 Statutorum
547 1350 577 1379 in
590 1349 644 1379 hac
657 1357 732 1386 parte
742 1350 901 1387 editorum,
918 1350 952 1380 δε
965 1358 1047 1387 prout
1057 1352 1124 1380 'ante
1137 1350 1202 1381 haec

145 1398 277 1428 tempora
291 1390 320 1419 in
335 1388 398 1419 casu
409 1387 549 1418 consimili
564 1387 764 1417 rationabiliter
779 1387 837 1417 fieri
854 1387 1014 1418 consuevit:

186 1428 233 1460 Ac
245 1428 330 1458 etiam
347 1426 381 1456 ad
395 1424 595 1463 inquirendum
608 1434 658 1462 per
670 1425 707 1455 Se
723 1427 756 1458 &
770 1424 930 1463 Deputatos
943 1424 1019 1463 suos,
1035 1425 1070 1456 de
1086 1434 1200 1465 tempo-

149 1477 179 1498 re
199 1468 229 1496 in
249 1474 377 1502 tempus,
395 1473 444 1501 per
465 1462 679 1493 Sacramentum
700 1462 865 1494 Proborum
878 1465 912 1495 &
929 1463 1079 1501 Legalium
1093 1464 1202 1495 Homi-

148 1515 221 1536 num
236 1503 271 1533 de
284 1501 474 1533 Comitatibus
489 1500 645 1539 praedietis,
660 1502 721 1531 tam
734 1502 805 1532 infra
822 1502 988 1540 Libertates,
1005 1503 1092 1542 quam
1106 1512 1199 1541 exrra,

149 1553 199 1582 per
219 1551 288 1580 quos
310 1540 350 1570 rei
373 1540 471 1570 veritas
495 1539 593 1569 melius
612 1538 674 1570 sciri
696 1541 814 1579 poterit,
832 1540 866 1571 ὃς
879 1539 913 1570 ad
925 1540 1019 1578 ipsum
1034 1539 1200 1581 Principem

149 1582 184 1612 &
206 1580 363 1617 Deputatos
382 1578 443 1608 suos
462 1576 629 1616 praedium,
646 1578 780 1608 omnibus
799 1579 852 1609 viis
865 1578 899 1609 &
912 1579 1006 1609 modis
1020 1580 1120 1616 quibus
1140 1589 1202 1610 me-

147 1620 198 1649 lius
214 1618 343 1648 sciverint
362 1616 406 1647 vel
426 1616 584 1653 potuerint,
597 1614 817 1646 informandum
833 1616 869 1646 de
883 1617 1019 1647 omnibus
1038 1619 1071 1648 ὅτ
1090 1617 1202 1657 singulis

148 1655 360 1689 Proditionibus
375 1677 385 1693 ‚
409 1655 441 1684 in
457 1653 540 1684 dietis
557 1652 684 1684 Partibus
700 1653 832 1691 Walliae,
856 1662 987 1692 tempore
1004 1654 1203 1686 Insureetionis

146 1694 291 1734 praedictae
305 1716 315 1732 ,
334 1693 380 1724 seu
398 1692 510 1731 postea,
535 1701 585 1730 per
603 1691 797 1732 quoscumque
814 1692 848 1723 &
866 1693 1104 1734 qualitercumque
1122 1694 1202 1725 factis

147 1734 203 1765 five
239 1743 268 1764 er
289 1734 376 1763 erratis

183 1743 238 1802 Acp
248 1742 288 1801 dg
298 1753 480 1801 Nominibus
495 1769 628 1800 omnium
647 1769 681 1800 δε
699 1768 893 1808 fingulorum‚
908 1771 956 1808 qui
973 1770 1064 1809 aliqua
1081 1770 1200 1803 viaua-

146 1809 200 1849 lia,
217 1809 273 1840 five
292 1808 469 1846 Armaturas,
487 1808 532 1839 vel
549 1807 637 1847 aliqua
655 1807 782 1846 alia,per
798 1818 860 1848 quae
876 1809 946 1839 dieti
964 1808 1095 1840 Rebelles
1111 1809 1200 1840 nostri

145 1847 280 1879 auxilium
296 1848 352 1878 five
370 1846 621 1877 Confortationem
638 1845 792 1877 habuerunt
808 1846 852 1878 seu
868 1847 969 1877 habere
983 1848 1141 1886 potuerint,
1166 1848 1200 1879 ad

145 1886 238 1918 dictos
256 1885 387 1917 Rebelles
404 1884 513 1915 nostros
531 1892 595 1916 ante
613 1884 676 1915 haec
694 1892 823 1922 tempora
838 1885 970 1916 miserunt
985 1908 995 1924 ,
1021 1885 1065 1916 seu
1085 1895 1197 1918 exnunc

143 1926 223 1956 'mitti
247 1925 366 1956 fecerint
392 1933 507 1964 quoquo
525 1923 615 1953 modo
625 1945 635 1960 ,
651 1923 685 1954 δε
701 1922 736 1953 ad
753 1933 818 1962 eos,
832 1924 909 1962 juxta
926 1933 1025 1955 eorum
1040 1923 1203 1963 Demetita,

145 1972 230 2003 prout
243 1962 350 2001 justum
367 1961 467 2001 fuerit,
485 1961 562 1992 Casti
582 1960 687 1991 andum
702 1962 736 1993 δε
753 1960 951 2001 Puniendum²

166 2001 219 2039 ‚Et
233 2023 244 2039 ,
267 2001 288 2032 fi
314 2001 361 2040 qui
385 2001 527 2031 diciorum
583 1999 716 2030 ebellium
732 1999 893 2031 nostrorum
917 2010 970 2038 pro
991 1999 1090 2031 Gratia
1107 2000 1202 2033 nostra

145 2039 291 2077 habenda,
308 2048 342 2070 ex
362 2039 478 2077 proprio
496 2046 578 2068 motu
594 2037 661 2075 su0,
680 2038 809 2076 prosequi
828 2039 981 2077 voluerint,
1007 2047 1074 2069 tune
1088 2039 1122 2069 ad
1135 2049 1201 2078 eOS,

142 2078 222 2147 {gitta
246 2076 339 2146 sangm
363 2076 563 2108 discretionem
585 2076 668 2114 ipsius
690 2075 830 2115 Principis
843 2099 853 2116 ,
875 2076 911 2108 ad
930 2077 1059 2109 Gratiam
1077 2077 1201 2110 nostram

179 2126 223 2147 eei
244 2126 289 2146 ren
310 2125 374 2146 um·

179 2126 298 2185 Prgviso
322 2139 431 2192 semper
448 2153 527 2193 quod
544 2153 593 2192 ipfi
611 2153 704 2185 Arma
722 2154 755 2186 &
774 2154 936 2186 Armaturas
950 2154 996 2185 sua
1015 2164 1202 2194 quaecumque

144 2193 263 2230 praefato
278 2192 405 2231 Principi
419 2192 533 2224 Sursum
547 2193 679 2232 reddant,
696 2203 729 2223 ac
746 2192 931 2224 sufficientem
948 2193 1135 2224 Securitatem
1150 2205 1202 2225 co-

145 2240 206 2262 ram
231 2231 289 2270 ipso
310 2230 445 2269 Principe
464 2232 621 2270 inveniant,
639 2232 672 2262 &
688 2230 866 2262 Sacramenta
882 2232 1035 2271 corporalia
1052 2232 1201 2272 praestent,

145 2270 226 2336 ffmd
247 2269 298 2309 ipsi
322 2269 513 2309 quoscumque
535 2269 706 2308 Capitaneos
726 2271 759 2302 ὃς
784 2270 929 2301 Ductores
949 2270 1011 2300 suos
1023 2293 1034 2309 ,
1054 2280 1088 2301 ac
1103 2281 1202 2302 omnes

150 2307 156 2312 '
169 2306 208 2337 los
222 2309 270 2347 qui
285 2309 396 2338 eosdem
413 2307 542 2338 Rebelles
557 2319 625 2346 erga
640 2308 708 2338 Nos
725 2308 865 2346 insurgere
879 2308 1080 2347 procurarunt,
1105 2319 1200 2340 coram

145 2344 245 2375 Nobis
264 2354 312 2376 aut
334 2346 449 2384 praefato
471 2346 618 2384 Principe,
635 2347 754 2378 adcitius
777 2357 836 2386 quo
853 2356 1004 2386 poterunt,
1021 2348 1052 2378 in
1065 2356 1200 2386 quantum

146 2382 233 2414 Poste
246 2382 327 2414 suum
341 2384 376 2415 ad
391 2385 448 2414 hoc
461 2386 586 2423 attingit,
604 2385 723 2416 ducent:

185 2421 296 2452 Damus
308 2431 400 2453 autern
414 2423 542 2453 universis
555 2424 588 2454 &
603 2423 716 2460 fingulis
729 2423 905 2463 Capitaneis,
920 2423 1137 2462 Casteuanis,&
1151 2435 1201 2456 eo-

143 2462 213 2490 'rum
230 2460 312 2490 Loca
328 2461 503 2500 tenentibus,
521 2461 769 2500 Vicecomitibus,
788 2462 965 2501 Majoribus,
984 2462 1202 2501 Ballivis,Con-

148 2496 317 2534 stabulariis,
336 2497 491 2537 Ministris,
508 2500 542 2530 &
563 2499 620 2529 aliis
637 2500 777 2530 Fidelibus
797 2502 830 2531 ὅ(
854 2501 978 2532 Subditis
1001 2500 1100 2531 nostris
1115 2502 1202 2531 Parti-

146 2545 198 2566 um
221 2535 417 2566 Marchiarum
440 2538 472 2566 &
496 2536 691 2568 Comitatuurn
708 2538 926 2576 praedid‘torurn,
943 2539 1060 2569 Tenore
1076 2539 1201 2569 Praesen-

147 2574 240 2610 tium,
257 2572 372 2603 firmiter
394 2574 424 2603 in
446 2573 589 2605 Mandatis
609 2575 687 2613 quod
708 2576 801 2606 eidem
827 2576 950 2615 Principi
967 2577 997 2607 in
1013 2578 1146 2607 omnibus
1167 2578 1200 2608 &

146 2611 275 2649 lingulis,
293 2622 356 2649 quae
377 2611 410 2641 ad
427 2611 572 2642 Officium
589 2613 705 2643 Locum
721 2614 848 2644 nostrum
862 2616 979 2644 tenentis
993 2617 1022 2645 in
1037 2614 1120 2644 dietis
1134 2614 1201 2645 Par-

145 2650 221 2680 tibus
244 2649 357 2680 walliae
374 2651 526 2689 pertinent,
544 2660 576 2680 ac
600 2650 656 2681 aliis
679 2651 844 2688 Praemiffis,
862 2652 994 2682 faciendis
1015 2654 1048 2684 &
1063 2662 1202 2692 exequen-

144 2687 188 2718 dis
202 2709 212 2725 ,
238 2687 416 2718 intendentes
437 2688 488 2718 sint
503 2711 513 2727 ,
537 2688 726 2726 Obedientes,
753 2688 956 2728 Consulentes,
974 2691 1007 2721 &
1030 2690 1202 2722 Auxiliantes

144 2733 228 2763 prout
250 2725 350 2764 decet,
374 2727 499 2764 quotiens
521 2728 554 2759 ὃ(
575 2727 708 2766 quando,
727 2738 774 2766 per
796 2728 886 2766 ipsum
908 2728 1072 2767 Principem
1087 2752 1097 2768 ,
1122 2729 1202 2767 super

146 2764 223 2802 hoc,
240 2773 273 2794 ex
287 2773 363 2802 parte
378 2764 488 2803 nostra,
505 2764 609 2796 fuerint
624 2767 794 2803 praemuniti.

185 2801 218 2832 In
234 2802 396 2840 cujus,&c.
406 2803 537 2841 quamdiu
555 2803 630 2841 Regi
645 2804 785 2841 placuerit.

218 2840 306 2872 Teste
321 2840 402 2881 Rege
415 2841 487 2880 apud
504 2840 775 2883 Westmonasterium,
793 2845 830 2883 vij
845 2843 891 2875 die
905 2843 1013 2876 Martii.

610 2921 663 2949 Per
675 2918 759 2960 ipfiaem
775 2922 870 2959 Regem
885 2919 923 2956 ό·
935 2920 1091 2952 Concilium.

232 3063 323 3107 Super
341 3061 519 3107 Prisbnariis
535 3063 635 3108 Captis
653 3065 684 3095 in
705 3061 848 3108 Conflibsu
867 3061 903 3096 de
924 3063 1127 3100 Humbledon.

219 3144 301 3184 EX,
321 3145 428 3176 dilectis
447 3147 480 3177 &
503 3146 628 3178 fidelibus
651 3147 718 3185 fuis,
737 3147 867 3187 Johanm'
889 3151 1005 3179 Domino
1027 3150 1059 3179 de
1082 3149 1203 3189 Lovell‚

233 3183 367 3222 Stephano
390 3183 414 3213 le
432 3188 510 3223 Scrop
533 3185 604 3215 Filio
628 3188 741 3216 Henrici
764 3185 788 3216 le
812 3190 890 3225 scrop
906 3187 1057 3226 Chivaler,
1083 3190 1202 3218 Henrico

153 3225 220 3251 Fitz
236 3222 319 3259 Hugh
333 3221 468 3252 Chivaler
477 3246 486 3260 ,
499 3224 607 3253 Thomae
620 3224 794 3264 Erpyngham
810 3224 961 3265 Chivaler‚
977 3225 1119 3264 Radulpho
1127 3228 1203 3265 Euyr

154 3258 303 3298 Chivaler,
321 3261 354 3291 &
367 3259 497 3298 Johanni
511 3261 612 3300 cheyne
629 3262 779 3302 Chivaler,
800 3262 941 3301 Magistro
957 3264 1086 3303 Johanm·
1101 3266 1205 3295 Newe-

153 3306 200 3328 ton
213 3296 345 3342 Clerico,
363 3298 507 3334 Magistro
519 3300 647 3337 Johanni
661 3303 770 3332 Barnet
785 3301 918 3340 Clerico,
938 3301 1082 3340 Magistro
1097 3302 1203 3333 Thomae

153 3340 245 3405 Stoswq
260 3334 396 3403 Clerieqi,
413 3336 447 3366 &
461 3336 604 3375 Magistro
616 3338 712 3369 Alana
727 3342 846 3370 Newerc
861 3339 992 3379 Clerico,
1009 3340 1142 3372 Salutem.

213 3382 291 3405 cratis
305 3384 365 3412 quo
393 3396 403 3411 ,

189 3412 340 3450 Cum,*ut
360 3412 539 3450 accepimus,
565 3415 738 3453 quamplures
760 3415 859 3454 Senti,
887 3418 946 3447 tam
968 3426 1018 3454 per
1040 3416 1149 3448 Gentes
1170 3418 1206 3448 de

154 3451 336 3488 Retinentia,
361 3449 504 3481 Carisfimi
525 3451 623 3482 Fratris
643 3454 748 3492 nostri,
773 3454 908 3491 Radulphi
932 3458 1041 3485 Comitis
1063 3455 1206 3495 Wstmer-

154 3489 342 3528 Iandiae,ipso
358 3488 392 3519 ad
407 3498 475 3519 tunc
490 3489 639 3520 nobiscum
653 3491 681 3520 in
697 3492 941 3528 partibusWalliae
952 3493 1100 3533 existente,
1118 3497 1205 3532 quam

152 3538 203 3567 per
218 3527 343 3565 Gentes,
360 3526 578 3557 Cariffimorurn
593 3526 878 3566 consanguineorum
893 3530 1054 3562 nostrorum
1069 3555 1078 3571 ‚
1104 3534 1208 3562 Henri-

155 3570 180 3596 ci
202 3569 312 3596 Comitis
330 3565 553 3602 Northumbriae,
571 3566 602 3596 &
617 3568 728 3596 Henrici
743 3568 774 3597 de
788 3570 870 3609 Percy
886 3569 968 3609 Filii,
983 3580 1071 3608 nuper
1084 3571 1115 3601 in
1130 3571 1207 3601 Bello

155 3605 188 3635 de
201 3605 385 3642 Humbeldon,
404 3603 549 3634 Priionarii
564 3605 638 3642 capti
652 3605 815 3644 extitiffent‚

192 3645 239 3674 Ac
256 3653 308 3681 pro
324 3643 405 3673 certis
421 3642 596 3681 Prisonariis,
614 3642 721 3674 ibidem
735 3646 840 3684 captis,
859 3645 972 3676 diversae
988 3646 1144 3684 Actiones,
1160 3656 1208 3684 per

157 3681 291 3719 quasdam
314 3680 444 3711 Personas
464 3681 500 3711 de
523 3681 686 3711 Retinentia
704 3682 713 3711 i
734 3682 828 3713 sorum
850 3683 1005 3714 Comitum
1027 3685 1061 3715 ὅ(
1086 3683 1208 3715 Henrici

159 3719 239 3757 filii,
257 3719 335 3757 super
352 3719 419 3757 Jure
440 3718 586 3757 Captionis
606 3729 704 3750 eorum
725 3729 770 3750 em
794 3721 1028 3761 Prisonariorum,
1047 3723 1080 3753 &
1095 3722 1209 3754 aliarum

159 3756 344 3788 Materiarum
357 3757 562 3797 incidentium,
583 3767 670 3788 motae
685 3759 719 3790 δε
735 3760 884 3790 movendae
897 3761 1031 3799 existant,

175 3871 181 3877 .
196 3796 508 3874 ffifssupplicationem
530 3835 612 3873 ipsius
627 3834 752 3878 Comitis
767 3834 1032 3876 Westmerlandiae,
1049 3840 1082 3870 &
1097 3838 1211 3876 praeser-

159 3878 212 3901 tim
234 3883 286 3910 pro
309 3883 345 3903 eo
365 3873 441 3910 quod
462 3873 548 3903 iidem
571 3873 703 3904 Comites
724 3873 835 3912 Judices
861 3874 949 3904 nostri
969 3876 997 3905 in
1018 3875 1104 3907 Curia
1120 3876 1211 3907 nostra

162 3907 301 3951 Militari,
316 3920 350 3941 ac
372 3911 464 3942 dietus
486 3911 630 3942 Henricus
651 3911 735 3942 Filius
746 3911 835 3951 Judex
848 3911 926 3951 super
941 3912 1098 3950 hujusmodi
1117 3914 1210 3945 Mate-

161 3947 209 3975 nis
229 3949 260 3977 in
282 3947 422 3979 Marchiis
443 3949 564 3988 Scotiae,
584 3949 718 3988 existunt,
737 3949 841 3988 ipsique
857 3951 887 3981 in
902 3951 1061 3989 hujusmodi
1076 3952 1211 3983 Aetioni-

160 3983 227 4021 bus,
242 3994 294 4022 pro
313 3986 443 4018 Interesse
484 3988 542 4018 uod
564 3989 594 4018 in
613 3988 665 4019 hac
679 3997 754 4026 parte
767 3989 865 4020 habere
882 3989 1075 4028 praetendunt,
1092 3991 1210 4022 honeste

165 4022 338 4058 cognoscere
353 4035 412 4055 non
426 4035 465 4063 po
490 4035 557 4065 unt,

202 4059 413 4096 Affignavimus
434 4074 485 4095 vos
507 4064 620 4095 Decem
636 4087 647 4102 ‚
678 4065 801 4096 Novem
816 4088 825 4102 ,
851 4064 951 4104 Octo,
974 4066 1118 4111 Septem,
1133 4068 1188 4098 Sex
1201 4091 1210 4106 ,

137 4097 291 4137 Quinque,
317 4098 463 4139 Quatuor,
490 4101 594 4142 Tres,
614 4103 655 4143 ,ὃς
678 4103 764 4135 Duos
784 4102 911 4136 vestrum
932 4105 1064 4144 (quorum
1085 4106 1207 4145 aliquem

172 4139 251 4172 Tam,
265 4137 316 4166 IV.
332 4138 364 4166 P.
383 4139 407 4167 l.

1245 727 1326 760 rum,
1340 719 1401 749 &c.
1420 729 1453 750 ac
1465 720 1531 762 ‘hoc
1546 721 1740 759 provideritis,
1758 722 1835 752 circa.
1852 720 1993 753 Praemilsa
2007 724 2154 762 diligenter
2165 728 2298 761 linenda·

1242 762 1295 798 tis,
1313 766 1345 787 ac
1360 767 1391 787 ea
1404 757 1537 794 Factatis,
1551 758 1683 797 audiatis,
1701 760 1881 798 examinetis,
1899 761 2066 800 discutiatis,
2090 765 2121 794 ὃς
2143 769 2297 799 terminetis

1240 803 1271 824 111
1286 794 1376 825 forma
1394 795 1533 832 praedieta.

1279 832 1389 863 Damus
1408 843 1502 863 autem
1517 833 1635 872 praefatis
1648 833 1809 865 Comitibus
1821 836 1854 867 &
1868 836 2000 867 Henrico
2013 837 2085 868 Filio
2100 841 2178 877 quod
2194 844 2292 882 vobis,

1242 870 1303 901 &c.
1323 880 1446 908 quorum
1461 871 1523 902 &c.
1539 872 1568 902 in
1582 871 1753 903 Executione
1764 875 1973 910 praemissorum
1981 876 2293 918 facienda&exequen-

1241 908 1279 938 da
1316 908 1493 939 intendentes
1507 909 1556 940 sint
1571 911 1604 941 ὃς
1618 910 1812 949 respondentes
1829 922 1913 950 prout
1927 913 2017 944 decet.

1280 930 1314 977 fn
1330 947 1422 985 CUJ'uS,
1437 948 1498 978 &a

1315 985 1402 1016 Teste
1417 985 1499 1024 Rege
1514 985 1592 1024 apust
1607 986 1884 1027 Wstmonasterium,
1901 989 1929 1019 ix
1942 990 1987 1021 die
2003 990 2109 1022 Martii.

1736 1065 1790 1094 Per
1803 1067 1896 1094 Breve
1909 1065 1941 1095 de
1958 1068 2076 1097 Privato
2091 1068 2190 1106 Sigillo.

1441 1190 1489 1222 De
1509 1191 1738 1223 Locnmtenentc
1755 1192 1786 1222 in
1805 1191 1901 1223 Terra
1921 1190 2088 1240 lijberm'ae.

1239 1273 1327 1330 RE
1337 1273 1368 1303 X
1383 1272 1547 1311 Omnibus,
1564 1273 1598 1303 ad
1613 1283 1699 1312 quos,
1713 1274 1774 1305 &c.
1793 1274 1926 1306 Salutem.

1331 1311 1430 1342 Sciatis
1445 1311 1541 1349 qubd,

1276 1348 1357 1380 Ctim
1374 1349 1458 1386 Nos,

1273 1386 1321 1417 De
1341 1387 1481 1417 Fidelitate
1502 1388 1536 1419 ὃς
1550 1386 1817 1425 Circumspee‘lione
1836 1411 1846 1427 ,
1865 1387 2008 1422 Cariffimi
2023 1392 2086 1423 Filii
2102 1394 2205 1434 nostri,
2222 1397 2293 1428 Tho-

1236 1435 1286 1454 mae
1302 1426 1333 1455 de
1346 1424 1494 1462 Lancaslre
1511 1425 1656 1456 Senescalli
1674 1427 1787 1464 Angliae
1823 1427 1910 1458 lenius
1927 1430 2114 1470 confidentes,

1277 1462 1513 1494 Constitueritnus
1526 1463 1615 1501 ipsum
1632 1464 1737 1495 Filium
1751 1437 1878 1495 nosfrum
1894 1466 2154 1501 Loeumtenentem
2165 1472 2290 1504 nostrum

1236 1502 1266 1531 in
1285 1502 1375 1533 Terra
1390 1502 1484 1532 nostra
1504 1501 1668 1540 Hiberniae,
1686 1503 1869 1540 percipiendo
1883 1504 1916 1534 δε
1929 1504 2059 1536 habendo
2072 1508 2100 1536 in
2116 1509 2227 1540 Officio
2240 1513 2291 1543 1110

1233 1540 1310 1578 juxta
1325 1539 1447 1570 formam
1463 1540 1603 1577 cujusdam
1620 1539 1777 1572 Indenturae
1787 1564 1796 1580 ,
1813 1542 1888 1572 inter
1901 1542 1969 1573 Nos
1982 1544 2015 1574 &
2029 1545 2175 1582 praefatum
2189 1548 2294 1582 Filium

1238 1578 1366 1608 nostrum
1381 1580 1446 1608 inde
1459 1578 1618 1617 confeetae,

1277 1615 1386 1647 Dantes
1406 1617 1500 1646 eidem
1523 1616 1595 1646 Filio
1619 1616 1718 1647 nostro
1740 1616 1854 1655 plenam
1880 1618 2051 1650 Potestatem
2066 1621 2100 1650 ad
2118 1621 2224 1654 Pacem
2243 1636 2296 1657 no-

1238 1653 1340 1693 stram,
1351 1666 1384 1685 ae
1401 1655 1490 1693 Leges
1505 1656 1538 1686 ὃς
1555 1653 1776 1686 Consuetudines
1787 1655 1886 1687 Terrae
1899 1656 2003 1689 nostrae
2017 1659 2159 1697 praedietae
2167 1684 2176 1699 ,
2187 1662 2294 1695 Custoa

1237 1692 1373 1724 diendum
1383 1715 1393 1732 ,
1412 1694 1445 1724 ὅ(
1458 1692 1599 1723 custodire
1614 1693 1792 1732 faciendum,

1274 1730 1309 1761 Et
1325 1731 1358 1762 ad
1373 1731 1503 1769 quaedam
1517 1731 1585 1768 alia,
1604 1732 1632 1760 in
1646 1732 1748 1762 Literis
1763 1731 1862 1762 nostris
1876 1731 2052 1772 Parentibus,
2062 1735 2127 1766 inde
2143 1737 2295 1778 confectis,

1235 1769 1392 1807 specificata
1404 1791 1414 1807 ,
1431 1769 1596 1800 faciendum
1613 1769 1646 1800 &
1666 1770 1884 1809 exequendum,
1903 1781 1986 1809 prout
2008 1774 2038 1803 in
2061 1774 2167 1805 eisdem
2189 1776 2294 1809 Literis

1237 1808 1347 1876 pleIQTmS
1362 1810 1536 1846 continetur,

1313 1857 1345 1878 os

1275 1884 1322 1915 Ut
1345 1869 1421 1916 illem
1442 1885 1528 1917 Filius
1551 1884 1645 1918 noster
1663 1897 1716 1925 pro
1731 1886 1917 1925 Conquestu,
1935 1886 2168 1929 Expugnatione,
2186 1892 2219 1922 &
2235 1891 2294 1924 Re

1241 1921 1372 1965 sistentia,
1396 1925 1454 1955 tarn
1478 1925 1657 1964 Rebellium,
1675 1927 1759 1964 quiam
1782 1926 1971 1957 inimicorum
1991 1927 2151 1959 nostrorum
2167 1929 2295 1962 Partium

1241 1961 1438 1997 praedltstarum
1453 1986 1463 2001 ,
1489 1973 1522 1994 ac
1551 1963 1705 2003 Regimine
1731 1964 1764 1994 &
1788 1964 2002 1996 Gubernatione
2025 1966 2126 1998 Terrae
2147 1969 2294 2007 praedffitae

1240 1999 1356 2039 melitis,
1374 2002 1475 2040 citius,
1492 2003 1525 2034 ὃς
1541 2001 1663 2032 securius
1674 2001 1818 2039 disponere
1833 2002 1920 2033 valeat
1935 2004 1968 2034 &
1980 2005 2127 2043 ordinare,

1275 2038 1319 2069 Ex
1344 2039 1443 2070 Gratifi
1467 2039 1561 2070 nostra
1573 2040 1702 2078 speciali,
1718 2040 1860 2071 Dedimus
1875 2042 1908 2072 &
1925 2040 2124 2074 Concessimus
2138 2043 2232 2075 eidem
2245 2046 2293 2078 Fi—

1238 2075 1278 2106 lio
1292 2076 1390 2108 nostro
1403 2078 1574 2109 omnimoda
1588 2088 1620 2108 ac
1635 2079 1759 2109 universa
1773 2080 1805 2109 ὅς
1819 2079 1924 2116 singula
1938 2079 2033 2111 Exitus
2046 2082 2078 2111 ὃς
2093 2082 2233 2123 proficua,
2258 2085 2294 2116 ad

1240 2114 1323 2153 Nos,
1341 2117 1371 2146 in
1386 2116 1476 2147 Terra
1490 2116 1585 2147 nostra
1601 2117 1751 2155 praedidia,
1768 2118 1826 2148 tarn
1842 2116 1877 2147 de
1898 2116 2083 2157 Civitatibus,
2100 2120 2215 2160 Burgis‚
2232 2122 2297 2154 Vil-

1239 2153 1288 2192 lis,
1311 2154 1432 2194 Castris,
1468 2154 1629 2193 Dominiis,
1654 2155 1768 2193 Terris,
1793 2155 1992 2194 Tenementis,
2016 2157 2201 2196 Redditibus,
2220 2160 2294 2192 Feo-

1239 2191 1281 2222 dis
1288 2215 1298 2231 ,
1317 2193 1418 2224 Firmis
1440 2193 1615 2232 Civitatum,
1633 2194 1665 2224 &
1689 2194 1769 2224 Villis
1789 2193 1892 2233 firmis,
1907 2194 2038 2234 Officiis,
2056 2197 2090 2228 &
2112 2196 2169 2227 aliis
2183 2198 2295 2230 Posses,

1239 2230 1361 2262 sionibus
1384 2232 1624 2271 quibuscumque,
1650 2233 1736 2277 quam
1761 2232 1796 2262 de
1814 2232 1945 2271 Wardis,
1965 2233 2138 2273 Maritagiis‚
2156 2235 2292 2276 Escaetis,

1239 2268 1363 2300 Releviis
1377 2292 1387 2308 ,
1415 2271 1601 2301 Libertatibus
1615 2293 1623 2308 ,
1648 2270 1815 2301 Pranchesiis
1829 2293 1838 2309 ,
1865 2271 1980 2302 Finibus
1992 2295 2002 2311 ,
2031 2272 2268 2305 Amerciamentis
2284 2298 2296 2313 ‚

1240 2306 1518 2347 Confiscationibus,
1544 2308 1751 2346 Forisfaeturis‚
1775 2308 2024 2348 Praestationibus,
2043 2311 2199 2349 Custumis,
2219 2312 2294 2344 Sub-

1240 2345 1331 2385 fidiis,
1358 2347 1477 2386 Quotis,
1503 2347 1606 2385 Taxis,
1631 2347 1780 2385 Tallagiis,
1805 2357 1838 2377 ae
1856 2347 1912 2377 aliis
1930 2347 2030 2378 Rebus
2050 2349 2293 2390 quibuscumque,

1242 2395 1422 2424 quocumque
1438 2386 1554 2415 nomine
1569 2385 1745 2422 censeantur,
1762 2386 1820 2414 t‘am
1837 2394 1886 2421 per
1903 2385 2040 2423 Terram,
2057 2388 2142 2424 quam
2160 2398 2209 2426 per
2223 2389 2292 2420 Ma-

1239 2433 1284 2461 re,
1301 2425 1491 2492 pro}exi}<{nda
1501 2446 1510 2461 ,
1519 2423 1553 2454 ad
1571 2423 1637 2453 Nos
1654 2422 1889 2460 qualitercumque
1903 2422 1939 2453 de
1949 2423 2017 2462 Jure
2031 2424 2142 2464 debita,
2150 2428 2295 2464 pertinen·-

1238 2462 1275 2491 tia
1308 2464 1341 2493 &
1389 2472 1404 2491 e
1437 2462 1526 2498 antia,

1277 2471 1436 2538 liaberl‘da,
1461 2498 1660 2537 percipienda,
1688 2498 1857 2538 Colligenda
1872 2500 1905 2530 &
1926 2500 2075 2539 Levanda,
2099 2501 2132 2532 ad
2152 2501 2294 2536 Volunta-

1239 2545 1297 2567 tem
1317 2538 1350 2568 &
1369 2537 1449 2575 Opus
1474 2538 1554 2575 ipsius
1572 2537 1632 2567 Filii
1652 2537 1739 2567 nostri
1758 2548 1805 2574 per
1824 2538 1860 2568 Se
1875 2561 1884 2576 ,
1913 2537 2077 2569 Officiarios
2094 2541 2126 2570 &
2142 2540 2293 2573 Ministros

1239 2575 1298 2606 suos
1316 2578 1485 2615 proprios,a
1505 2574 1587 2605 Festo
1605 2575 1699 2605 Sanffl
1717 2575 1868 2606 Michaelis
1885 2578 2017 2614 proximo
2035 2580 2176 2614 praeterito
2192 2590 2294 2617 quam-

1239 2614 1286 2644 diu
1313 2613 1388 2644 idem
1405 2614 1489 2644 Filius
1506 2613 1598 2644 noster
1617 2613 1732 2644 Locum
1750 2613 1881 2644 nostrum
1900 2623 1995 2645 tenens
2013 2615 2094 2646 fuerit
2113 2617 2149 2647 sie
2170 2618 2295 2658 ibidem,

1239 2651 1308 2682 adeo
1324 2652 1404 2689 plene
1424 2653 1456 2683 &
1476 2652 1585 2691 integre
1602 2651 1670 2682 sieut
1688 2651 1756 2681 Nos
1772 2662 1804 2682 ea
1823 2652 2001 2691 haberemus,
2022 2654 2054 2684 &
2073 2655 2108 2684 de
2123 2654 2191 2693 Jure
2208 2656 2294 2688 habe-

1239 2699 1268 2720 re
1285 2689 1469 2728 deberemus,
1488 2690 1508 2720 si
1523 2690 1621 2720 eadem
1641 2691 1669 2719 in
1690 2689 1782 2720 Manu
1802 2690 1892 2720 nostra
1912 2693 2021 2728 propria
2040 2701 2229 2733 remanerent,

1277 2728 1323 2759 Ad
1348 2739 1395 2767 ea,
1421 2730 1498 2759 circa
1524 2727 1729 2758 Defensionem
1746 2729 1847 2758 Terrae
1874 2729 2035 2768 praediCtae,
2059 2741 2093 2761 ac
2112 2732 2163 2762 alia
2180 2732 2295 2772 Onera,

1239 2767 1347 2797 ibidem
1362 2767 1571 2804 incumbentia,
1598 2766 1780 2803 supportanda
1798 2767 1830 2797 &
1850 2768 1975 2798 facienda
1990 2791 1998 2806 ,
2025 2777 2106 2805 prout
2127 2771 2222 2801 melius
2240 2772 2291 2802 fibi

1240 2805 1276 2835 de
1297 2805 1466 2836 avisamento
1489 2804 1616 2835 Concilii
1638 2804 1677 2834 sui
1698 2805 1838 2834 videbitur
1861 2805 2008 2844 expedire,
2027 2808 2239 2844 Apponendum
2255 2811 2289 2840 ὅτ.

1240 2842 1616 2882 Expediendum‚quamdiu
1631 2843 1749 2872 Locum
1765 2842 1889 2873 nostrum
1903 2852 1999 2874 tenens
2013 2844 2093 2875 fuerit
2114 2846 2150 2876 fic
2166 2847 2295 2885 ibidem,

1279 2882 1390 2919 Absque
1403 2881 1572 2919 Compom,
1589 2881 1634 2911 vel
1651 2880 1838 2918 Ratiocinio,
1856 2881 1899 2911 seu
1915 2883 2007 2921 aliquo
2021 2883 2098 2921 alio,
2117 2884 2234 2924 Nobis,
2249 2887 2294 2916 vel

1241 2919 1414 2951 Haeredibus
1433 2920 1557 2958 nostris,
1582 2918 1696 2950 durante
1717 2918 1858 2950 Termino
1881 2921 2037 2960 praedie'to,
2063 2921 2224 2954 Reddendo
2246 2924 2296 2955 seu

1241 2958 1404 2996 Solvendo,

1280 2996 1479 3028 Conceffimus
1501 2997 1608 3035 insuper
1629 2997 1662 3027 δε
1686 2996 1842 3027 Licentiam
1856 2997 1984 3028 dedimus
1997 2998 2089 3029 eidem
2107 2999 2181 3030 Filio
2195 2999 2294 3031 nostro

1241 3036 1321 3073 quod
1345 3036 1418 3074 ipse,
1436 3036 1552 3066 durante
1573 3035 1717 3066 Termino
1739 3035 1892 3074 praedieco,
1910 3035 1943 3066 ad
1966 3037 2103 3068 universas
2124 3039 2157 3069 ὃ(
2179 3038 2294 3078 singulas

1243 3073 1391 3112 Ecclefias,
1410 3074 1552 3111 Vicarias,
1570 3073 1752 3110 Praebendas,
1770 3073 1914 3112 Capenas,
1933 3074 2105 3115 Dignitates,
2124 3078 2158 3107 δε
2173 3077 2223 3107 alia
2239 3077 2292 3108 Be-

1240 3111 1339 3142 neficia
1362 3111 1571 3149 Ecclefiastica,
1595 3111 1700 3142 Curata
1727 3113 1760 3143 ὃ(
1783 3121 1842 3142 non
1864 3111 1967 3143 Curata
1984 3136 1994 3151 ,
2019 3114 2079 3143 tam
2109 3115 2139 3144 in
2161 3113 2292 3146 Ecclesiis

1241 3150 1469 3188 Cathedralibus,
1493 3152 1577 3188 quam
1599 3149 1763 3186 Collegiatis
1778 3172 1787 3188 ,
1811 3150 1844 3180 ad
1867 3151 2128 3190 Praesentationem,
2155 3151 2294 3184 Collatio-

1242 3199 1325 3228 nem,
1343 3189 1388 3219 seu
1410 3188 1604 3219 Donationem
1626 3187 1733 3218 nostras
1758 3188 1998 3227 qualitercumque
2024 3189 2196 3229 spectantia,
2229 3201 2293 3230 quae

1241 3236 1365 3266 vacant,
1390 3227 1435 3257 seu
1459 3226 1646 3264 imposterum
1668 3235 1764 3256 vacare
1785 3228 1977 3267 contigerint,
2004 3228 2137 3259 Personas
2159 3230 2270 3260 idoneas
2283 3252 2294 3268 ,

1243 3266 1375 3334 qusssssibi
1382 3264 1691 3334 1{lacuerig’rffsegitffirje
1700 3264 1756 3301 ,seu
1770 3265 1879 3309 easdem
1893 3266 1997 3335 dogarie
2012 3266 2138 3335 valeleat&
2149 3267 2295 3336 conse—ng,

1343 3313 1360 3334 c
1406 3312 1482 3334 atum
1586 3313 1605 3331 o
1630 3312 1644 3331 e
1669 3312 1766 3332 ionem
1785 3313 1915 3334 omnium
1992 3315 2018 3333 m
2044 3315 2153 3335 uorum
2209 3317 2235 3336 ui
2279 3316 2295 3336 e

1242 3342 1377 3380 aliquibus
1400 3340 1544 3372 Beneficiis
1565 3340 1782 3378 Eccleiiasticis,
1809 3351 1867 3371 tam
1890 3314 2105 3383 Dignitatffius,
2132 3316 2218 3381 qdhqn
2238 3345 2295 3375 allis

1243 3379 1389 3412 Beneficiis
1403 3379 1599 3410 Ecelefiasticis
1613 3379 1834 3417 quibuscumque
1843 3403 1852 3418 ,
1871 3379 2064 3411 Possesfionati
2080 3382 2215 3421 existunt,

1284 3419 1330 3449 Ac
1356 3417 1446 3449 Status
1478 3420 1511 3449 &
1544 3415 1729 3448 Posseffiones
1757 3426 2002 3456 quorumcumque
2024 3419 2237 3457 Religiosorum
2263 3422 2296 3453 &

1245 3465 1492 3495 quorumcumque
1505 3456 1640 3493 aliorum,
1659 3457 1717 3485 tam
1735 3454 1929 3493 Clerieorum,
1948 3459 2032 3496 quam
2049 3458 2221 3496 Laicorum,

1284 3495 1330 3526 Ac
1350 3494 1538 3563 quascumque
1560 3494 1728 3535 Libertates,
1747 3495 1808 3523 tam
1830 3494 1968 3532 Regaies,
1985 3497 2071 3533 quam
2093 3497 2155 3526 alias
2170 3497 2297 3528 Liberta-

1245 3542 1285 3564 tes
1322 3543 1355 3563 ua
1368 3543 1508 3570 cumque,
1529 3533 1562 3563 &
1578 3531 1770 3570 FrancheliaS,
1789 3542 1821 3562 ac
1838 3533 2001 3572 Privilegia,
2030 3544 2079 3573 per
2096 3535 2296 3571 progenitores

1246 3572 1279 3602 &
1327 3571 1520 3601 raedecessores
1540 3569 1649 3600 nostros
1672 3570 1839 3608 praedictos,
1857 3581 1902 3601 aut
1924 3573 1990 3602 alios
2011 3572 2220 3611 quoscumque,
2233 3581 2296 3603 ante

1247 3610 1310 3640 haec
1325 3618 1472 3647 tempora,
1490 3609 1562 3638 faeta
1575 3607 1619 3638 vel
1633 3607 1781 3645 concessa,

1285 3647 1372 3678 Prout
1386 3647 1435 3677 sibi
1452 3647 1567 3684 melius,
1590 3646 1626 3675 de
1640 3645 1743 3676 assensu
1757 3647 1790 3677 sc
1805 3646 1974 3677 avisamento
1990 3647 2117 3679 Concilii
2130 3648 2166 3678 sui
2179 3649 2207 3677 in
2222 3648 2296 3678 Ter-

1247 3696 1278 3754 }a:
1291 3685 1576 3753 prffididladvidebitur
1591 3684 1737 3721 expedire,
1754 3684 1980 3724 Ratificandum,
2001 3686 2222 3724 Approbandum
2231 3708 2241 3724 ,
2260 3687 2294 3718 &

1354 3733 1416 3753 man
1439 3733 1487 3753 um

1279 3734 1410 3791 {lecnon
1430 3761 1463 3791 ad
1480 3746 1636 3791 Fidelitates
1657 3762 1690 3792 &
1705 3760 1961 3799 Renunciafflones,
1979 3770 2225 3800 quorumcumque
2241 3761 2297 3791 Ar-

1248 3800 1311 3830 chie
1332 3800 1495 3836 iscoporum
1520 3800 1553 3829 &
1576 3798 1783 3836 Episcoporum
1801 3821 1810 3836 ,
1836 3800 1864 3828 in
1888 3800 1984 3829 eadem
2007 3800 2096 3829 Terra
2116 3800 2145 3827 in
2169 3799 2297 3830 futurum

1249 3848 1304 3868 con
1332 3838 1512 3867 ituendorum
1526 3837 1558 3868 δε
1572 3837 1793 3868 ordinandorum
1802 3859 1812 3875 ,
1828 3837 1926 3868 Nobis
1939 3837 2184 3874 debitas,n0mine
2198 3837 2296 3868 nostro

1250 3875 1462 3913 Recipiendum
1471 3898 1481 3913 ,

1287 3913 1324 3944 Et
1338 3914 1376 3944 eis
1391 3913 1576 3951 Temporalia
1589 3913 1634 3943 sua
1647 3914 1677 3943 in
1693 3913 1785 3943 forma
1796 3912 1870 3951 Juris
1883 3911 2101 3942 Deliberandum
2110 3935 2120 3950 ,

1285 3952 1331 3982 Ac
1346 3950 1496 3988 Homagia
1509 3951 1703 3982 universorum
1718 3953 1751 3982 &
1769 3951 1932 3989 singulorum
1941 3951 2118 3980 Tenentium
2126 3951 2298 3990 nostrorum,

1249 3991 1279 4020 in
1293 3989 1384 4019 Terra
1399 3991 1547 4027 praedicta,
1567 3989 1701 4019 Nomine
1715 3989 1812 4019 nostro
1825 3988 2053 4025 Recipiendum,

1288 4027 1326 4057 Et
1340 4028 1442 4058 Terras
1457 4029 1489 4058 ὃ(
1504 4028 1683 4058 Tenementa
1696 4028 1732 4058 de
1746 4026 1918 4056 Haereditate
1929 4025 1974 4055 sua
1989 4026 2228 4065 Deliberandum,

1288 4065 1326 4096 Et
1347 4065 1381 4096 ad
1404 4067 1501 4096 omnia
1515 4066 1566 4095 alia
1581 4066 1613 4096 &
1627 4065 1745 4104 singula,
1761 4064 1894 4094 Nomine
1910 4064 2006 4093 nostro
2022 4065 2055 4094 δε
2071 4075 2122 4102 pro
2139 4066 2251 4102 Nobis,
2272 4067 2300 4095 in

1250 4103 1328 4136 dista
1346 4103 1437 4137 Terra
1457 4103 1650 4142 Faciendum,
1674 4103 1735 4135 Exe
1756 4102 1895 4140 nendum,
1921 4102 1961 4142 &¹
1982 4102 2214 4142 Excercendum,
2235 4113 2305 4170 {lm

2271 4149 2305 4171 os

2313 1294 2390 1327 Ann.
2406 1296 2448 1332 D„

2333 1343 2417 1376 1403.

2312 1377 2365 1400 An.
2377 1385 2402 1410 3.

2312 1415 2346 1439 H.
2361 1423 2390 1447 4.

2311 1452 2369 1477 ΡΜ.
2381 1453 2444 1486 3.H.

2312 1497 2341 1523 4.
2354 1495 2379 1525 p.
2399 1498 2425 1515 ι.

2315 1535 2352 1553 m.
2373 1535 2417 1563 34.

2314 3329 2332 3350 ¹*
2359 3329 2445 3360 VIII*-

2335 3377 2399 3404 2942
