2562 4274
703 139 803 185 ET
868 142 1132 186 ACTA
1199 139 1230 183 P

18 230 95 265 Ann.
111 231 151 264 D.
199 231 214 248 ⁸*
233 227 272 262 Et
285 229 366 269 quod
380 229 476 261 eadem
493 231 588 260 Mater
602 228 692 266 nostra
707 229 806 261 habeat
825 238 868 260 tot
883 229 992 261 &talia
1005 229 1100 260 Brevia
1114 228 1149 259 de
1162 228 1210 258 Li·
1249 229 1285 259 de
1309 230 1336 258 in
1359 229 1469 260 dietum
1492 229 1626 268 Regnum
1650 230 1737 268 Regis
1760 229 1870 270 Angliae
1893 242 1960 263 curn
1984 231 2042 262 aliis
2062 229 2205 263 redeundo
2221 242 2230 269 3

42 281 126 310 1422.
162 270 257 300 berate
271 268 411 306 Currant,
429 268 462 298 &
478 267 605 298 Allocate
620 268 780 305 Dormam,
798 278 832 299 ac
845 269 894 298 alia
906 267 1003 298 Brevia
1017 269 1050 298 &
1066 267 1210 304 Waranta,

23 316 93 345 Hm„
106 312 133 338 6.
163 316 233 346 quot
255 309 289 339 &
311 308 399 345 qualia
422 307 448 336 ei
470 307 498 335 in
521 306 573 336 hac
593 315 684 344 parte,
700 313 754 343 pro
769 306 906 336 solutione
922 306 1105 336 Summarum
1118 329 1127 344 ,
1145 305 1211 343 fibi,

42 349 58 365 ⁸*
79 349 115 375 X.
164 355 195 376 ut
211 346 407 383 praemittitur,
424 344 620 375 conccss'arum
634 345 666 374 ὃ(
680 344 873 382 assignatarum
890 367 900 382 ,
913 354 966 383 pro
981 344 1098 382 pleniori
1111 353 1213 373 execu-ss

23 394 89 422 259.
166 385 244 416 tione
258 382 488 419 Praemifforum,
506 383 656 413 necessaria
668 383 770 412 fuerint
784 384 817 413 ὃς
832 391 989 421 oportuna,

206 422 245 452 Et
265 421 345 460 quod
366 419 555 457 Cancellarius
575 420 669 451 noster
689 421 804 457 Angliae
820 443 829 457 ,
841 430 873 451 ac
887 419 994 451 Custos
1008 420 1112 450 Privati
1124 419 1215 457 Sigilli

166 460 274 498 nostri,
291 461 324 491 &
346 457 505 489 Haeredum
526 459 689 489 nostrorum
712 459 927 496 praeditstorum,
946 469 998 497 pro
1012 468 1141 496 tempore
1157 459 1215 488 exi-⁴

166 498 286 535 stentes,
305 496 403 528 Brevia
418 498 452 529 δε
466 498 601 528 Waranta
615 498 672 534 illa,
692 496 728 526 de
739 504 869 534 tempore
885 499 913 526 in
935 506 1043 535 tempus
1057 519 1066 533 ‚
1091 497 1217 533 quando-.

169 545 296 573 cumque
308 536 341 566 ὃς
357 537 626 574 quotienscumque,
639 544 677 572 ex
690 544 766 572 parte
786 536 909 572 praefatae
923 538 1028 565 Matris
1043 533 1156 603 nfffrae'
1174 545 1217 564 ra-

165 574 338 643 ginffbffloer
360 574 464 606 fuerint
484 574 620 613 requiriri,
638 573 754 609 Tenore
769 573 970 612 Praesentium,
986 572 1047 604 fieri
1072 574 1162 603 aciant
1175 574 1218 603 in-

186 621 258 642 iate.

208 649 242 680 In
257 651 352 688 cujus,
367 651 429 681 ὅτε.
496 686 499 687 7

205 688 296 719 Teste
311 685 393 728 Rege
406 686 478 728 apud
493 685 764 728 westmonasterium,
782 695 863 720 nono
878 688 923 719 die
940 685 1117 720 Decembris.

389 754 444 793 Per
456 765 538 806 ipsum
557 769 652 803 Regem
669 763 707 800 ὀ*
725 763 867 795 Concilium
880 768 909 795 in
925 764 1117 794 Parliamento.

171 895 220 926 De
247 890 418 935 Conccffione
440 902 530 938 nuper
558 895 644 939 Regis
667 888 716 925 die
744 904 800 937 quo
828 888 900 924 obiit
917 917 926 933 ,
959 903 979 924 a
1006 894 1082 938 Rege
1098 893 1224 923 nuncin

495 941 697 974 parliamento
710 939 895 984 confirmata.

413 1027 447 1059 A
470 1023 573 1059 nostre
596 1025 742 1061 Soverein
764 1024 829 1059 Sire
850 1025 877 1060 le
898 1026 988 1072 Roy.

24 1126 103 1157 -Ann'
119 1126 157 1159 D¹
175 1112 381 1170 SUPPL'IE
404 1109 678 1141 Treshumblement
697 1108 831 1150 Humfrey
845 1135 854 1149 ,
872 1113 939 1141 Fitz
950 1110 986 1142 &5
1000 1108 1073 1141 Heir
1089 1120 1107 1140 a
1123 1109 1224 1149 Efimm
1261 1119 1280 1154 d

229 1151 364 1188 n’adgairs
386 1152 475 1179 crunt
496 1149 528 1178 de
549 1149 691 1189 Staffbrd,
717 1150 746 1186 qi
768 1157 846 1180 mort
866 1149 907 1179 est
920 1172 930 1187 ,
946 1150 976 1187 qi
989 1149 1026 1180 de
1037 1149 1098 1180 Sire
1113 1151 1223 1187 Henry,

173 1190 307 1228 n'adgairs
318 1191 374 1228 Roy
387 1186 591 1226 d’Engleterre,
610 1187 705 1218 vostre
719 1187 799 1225 Aiel,
816 1189 905 1218 tenoit
920 1198 955 1217 en
970 1186 1062 1217 Chief

301 1225 411 1257 morust
425 1235 461 1263 qe
479 1235 565 1256 come
577 1228 671 1266 Henry
681 1249 690 1264 ‚
705 1225 838 1264 n’adgairs
855 1229 910 1267 Roy
923 1225 1111 1263 d'Engleterre
1124 1223 1219 1256 vostre

170 1267 243 1297 Pere
258 1289 268 1304 ,
293 1267 322 1304 qi
345 1264 442 1295 Dieux
462 1263 569 1294 Assbile
582 1287 592 1302 ,
618 1265 644 1294 le
665 1275 728 1293 xxx
748 1262 822 1302 Joar
843 1263 968 1302 d‘Augst
980 1286 991 1302 ,
1007 1264 1115 1294 darrain
1130 1263 1222 1302 paffe,

170 1304 318 1342 Graunta,
345 1312 393 1341 par
417 1301 553 1340 Bouche,
575 1304 611 1333 de
632 1302 658 1333 sa
678 1302 775 1333 Gracc
794 1302 926 1340 especiale
971 1313 1006 1332 au
1021 1302 1061 1333 dit
1076 1301 1224 1339 Suppliant

504 1369 506 1371 ,
741 1340 813 1371 alors
834 1341 919 1371 deinz·
934 1325 995 1380 Age
1009 1342 1042 1371 δε
1057 1349 1094 1370 en
1108 1340 1133 1370 la
1148 1339 1224 1369 Gar-—

168 1381 205 1411 de
227 1381 263 1411 de
284 1378 379 1411 vostre
399 1379 476 1409 dicte
498 1379 569 1409 Pere
591 1378 731 1417 esteaunt‚
750 1389 807 1417 que
820 1379 926 1410 mesme
938 1379 964 1409 le
978 1379 1143 1416 Suppliaunt
1157 1387 1222 1410 ave-

168 1420 224 1450 roit
242 1419 362 1451 Liveree
377 1418 413 1449 de
428 1419 519 1449 toutes
531 1417 577 1448 lez
593 1417 716 1456 Terres,
731 1417 933 1457 Tenementz,
950 1416 1078 1455 Offices,
1098 1418 1159 1448 &a

206 1495 239 1527 In
257 1495 339 1526 Dors.

208 1533 384 1565 Considerez
405 1541 524 1567 coment
547 1533 574 1564 le
585 1533 782 1574 Tresgracious
796 1536 847 1563 Roi
861 1535 971 1572 Henry,
988 1535 1066 1563 Piere
1078 1531 1163 1571 nastre
1177 1533 1224 1561 So-

170 1577 269 1602 verain
282 1575 405 1610 Seigneur
422 1571 446 1601 le
460 1575 516 1613 Roy
531 1571 635 1610 q'orest
645 1595 655 1610 ‚
680 1572 706 1603 le
723 1575 777 1602 xxx
792 1571 865 1610 Jour
878 1571 1001 1608 d’Augst
1019 1594 1028 1609 ,
1042 1571 1225 1613 darreinlpas-

167 1612 196 1641 se
214 1633 223 1649 ,
245 1613 322 1642 avoir
344 1611 408 1640 faite
429 1609 539 1641 Grante
558 1610 595 1640 de
617 1610 721 1642 Livere
736 1635 745 1648 ,
767 1620 816 1648 par
835 1609 952 1640 Bouche
966 1632 975 1647 ,
992 1610 1047 1639 ale
1062 1608 1223 1646 Suppltant,

170 1654 310 1679 nominet.
330 1659 364 1680 en
388 1647 464 1678 ceste
488 1646 610 1678 Petition
623 1672 634 1687 ,
659 1648 696 1678 de
719 1656 782 1678 tout
804 1657 859 1678 ceo
880 1657 934 1685 que
947 1647 1020 1678 desa
1034 1646 1223 1677 Enberitance

170 1687 222 1718 fuit
242 1696 279 1718 en
301 1687 326 1717 la
347 1685 431 1716 Main
453 1686 478 1716 le
490 1686 532 1716 dit
547 1686 644 1723 Piere‚
665 1695 716 1723 pur
730 1685 820 1716 Cause
834 1685 870 1716 de
885 1686 911 1715 le
924 1686 1022 1716 bonne
1036 1685 1152 1715 Service
1168 1694 1224 1722 que

175 1725 239 1765 Luy
258 1727 334 1762 avoit
354 1723 402 1754 fait
421 1733 470 1761 par
488 1724 550 1754 dela
564 1747 575 1761 ,
600 1724 620 1754 fi
635 1733 722 1754 corne
734 1724 759 1755 le
775 1726 837 1753 Duc
850 1723 1023 1763 d’Excrfstre,
1041 1724 1067 1754 le
1082 1726 1139 1754 Sire
1155 1726 1221 1752 Fitz

168 1762 269 1802 Hugh,
287 1764 320 1794 &
359 1762 476 1793 leuseurs
495 1770 584 1792 autres
600 1761 762 1799 Chivalers,
778 1762 902 1792 esteantz
912 1763 983 1792 alors
999 1772 1035 1792 en
1049 1762 1073 1791 la
1088 1761 1224 1792 Presence

170 1804 208 1832 de
232 1803 256 1832 le
275 1801 316 1832 dit
339 1772 425 1830 {iere
436 1823 447 1838 ,
471 1799 498 1830 le
511 1800 770 1838 Tesmoignoient,
786 1810 822 1831 en
836 1800 911 1830 ceste
927 1800 1105 1838 Parlement;
1122 1800 1155 1831 &
1172 1809 1224 1837 pur

171 1848 251 1871 taunt
271 1849 327 1878 que
347 1837 453 1868 l’efferst
473 1837 510 1867 de
531 1838 599 1868 celle
622 1838 735 1868 Graunt
757 1848 792 1868 ne
813 1839 880 1875 prist
896 1848 959 1878 mye
976 1838 1134 1869 Execution
1149 1847 1183 1867 en
1199 1838 1224 1867 la

170 1880 217 1909 vie
237 1878 274 1908 de
297 1876 402 1908 mesme
423 1877 449 1906 le
469 1875 550 1906 Piere
562 1898 572 1912 ,
597 1875 622 1905 le
642 1879 699 1915 Roy
715 1875 793 1907 Voet
807 1878 839 1908 &
857 1876 989 1915 Graunt,
1007 1877 1043 1907 de
1055 1876 1173 1907 l'Aisent
1189 1875 1225 1905 de

171 1924 241 1947 touz
254 1916 294 1947 les
306 1914 455 1952 Seigneurs
468 1913 631 1952 Espirituelx
646 1916 679 1946 δε
699 1914 877 1953 Temporelx
893 1937 903 1953 ‚
921 1925 956 1945 en
972 1915 1077 1945 mesme
1092 1915 1118 1944 le
1132 1914 1226 1945 Parle-

168 1962 250 1984 ment
267 1953 390 1984 esteantz
401 1975 412 1991 ,
438 1962 494 1991 que
516 1952 543 1982 le
563 1951 604 1983 dit
619 1951 766 1991 Suppiiant
779 1954 817 1985 ait
833 1953 954 1985 Liveree
967 1953 1003 1984 de
1014 1962 1084 1984 touz
1099 1953 1136 1984 les
1149 1953 1227 1984 Ter-

168 2001 229 2031 res,
246 1992 445 2030 Tenementz,
462 1990 573 2022 offices
584 2013 594 2030 ,
613 1991 674 2022 &c.

53 1175 138 1205 1422.

26 1209 80 1233 An.
104 1216 110 1232 ι
120 1225 127 1232 .

24 1248 58 1271 Is
76 1245 105 1271 6.

24 1280 83 1310 Pell.

410 2122 458 2155 De
477 2122 661 2157 azncellario
683 2122 798 2170 Angliae
819 2119 981 2166 constituto.

226 2205 312 2240 ,ΕΧ
336 2209 489 2247 omnibus,
507 2208 542 2240 ad
555 2219 643 2248 quos,
661 2208 722 2239 &c.
740 2208 875 2240 Salutem.

214 2282 220 2288 ι
269 2246 369 2279 Sciatis
390 2247 470 2285 quod
487 2270 497 2286 ,
521 2247 558 2279 de
575 2247 748 2280 avisamento
763 2249 796 2280 &
811 2245 917 2277 assensu
932 2245 1017 2276 totius·
1033 2244 1161 2275 Concilii
1173 2254 1228 2274 no-

172 2280 239 2322 strl,
255 2284 286 2314 ln
309 2284 433 2326 praesenti
453 2285 642 2323 Parliatnento
663 2285 762 2316 nostro
784 2285 941 2322 existentis,
960 2284 1162 2324 constituimus,
1178 2293 1229 2312 ve-

171 2322 326 2365 nerabilem
346 2323 460 2355 Patrem
473 2346 483 2362 ‚
508 2324 636 2355 Thomam
650 2323 805 2364 Epifiopum
818 2323 1046 2355 Dunolmensem
1055 2346 1065 2361 ,
1081 2321 1230 2353 Cancella-

173 2367 247 2401 rium
263 2361 394 2393 nostrum
408 2361 539 2402 Angliae‚

123 2436 128 2440 ,
190 2437 196 2443 ,
211 2398 321 2431 Dantes
335 2401 369 2432 &
382 2399 603 2440 concedentes,
621 2400 657 2432 de
674 2400 857 2432 Avisamento
870 2399 1053 2432 &Consensu
1069 2398 1228 2438 praedietis‚

152 2437 159 2445 ”
170 2437 264 2468 eidem
286 2438 462 2470 Cancellario
482 2440 582 2471 nostro
596 2449 698 2471 omnes
718 2440 751 2471 &
774 2439 956 2470 omnimodas
973 2439 1179 2470 Audffirtrarem
1194 2438 1228 2469 ὃς

123 2475 129 2482 ”
173 2474 360 2516 Potestatem,
376 2477 410 2508 ad
428 2487 459 2509 ea
470 2480 568 2510 omnia
587 2480 620 2510 &
642 2477 762 2517 sanguia,
778 2488 841 2516 quae
853 2478 886 2508 ad
904 2476 1045 2509 Officium
1062 2476 1230 2507 Cancellarii

172 2515 285 2554 Angliae
305 2516 342 2546 de
354 2515 424 2555 Jure
442 2516 499 2547 five
514 2516 728 2548 Consuetudine
744 2518 899 2554 pertinent,
919 2516 964 2546 seu
981 2517 1083 2554 quovis
1098 2524 1229 2552 ternpore

171 2555 311 2591 pertinere
327 2554 549 2594 consueverunt,
570 2555 656 2593 Vice,
675 2555 826 2592 Nomine,
843 2556 875 2585 ὃς
892 2555 973 2584 Loco
989 2552 1230 2592 nostris,Facien-

171 2592 244 2661 durgr
260 2616 269 2631 ,
292 2592 508 2661 liixcereendum
523 2616 533 2634 ,
559 2593 766 2633 Exequendurn
780 2616 790 2631 ,
814 2595 848 2625 ὃς
866 2592 1080 2631 Expediendum
1095 2593 1230 2630 quamdiu

172 2640 214 2661 no
236 2641 258 2660 1s
302 2641 407 2662 acuerit

210 2641 397 2709 Percpipiendo
413 2655 451 2702 ³&
473 2670 617 2701 Habendo
630 2695 639 2708 ,
664 2671 693 2700 in
717 2670 830 2701 Officio
849 2669 915 2708 illo,
937 2669 1024 2700 Vadia
1037 2669 1069 2700 &
1086 2669 1180 2699 Feoda
1194 2679 1228 2699 ac

174 2708 273 2738 omnia
293 2708 343 2739 alia
359 2731 368 2747 ‚
394 2709 426 2739 &
448 2709 549 2740 eisdem
570 2711 598 2739 in
621 2708 730 2748 singulis
753 2709 913 2739 Gaudentio
928 2731 937 2746 ,
963 2717 1047 2746 prout
1061 2707 1230 2738 Cancellarii

173 2745 287 2785 Angliae
307 2755 373 2777 ante
395 2747 458 2778 haec
480 2756 609 2785 tempora
631 2748 788 2778 habuerunt
810 2749 843 2778 ὃς
863 2756 1067 2785 perceperunt,
1084 2757 1118 2777 ac
1135 2748 1229 2784 aliquo

175 2792 309 2820 tempore
323 2784 360 2815 usi
374 2785 407 2815 &
421 2787 518 2825 gravifi
534 2787 664 2824 fuerunt,

211 2821 398 2860 Mandantes,
416 2824 523 2863 insuper
534 2847 543 2862 ,
562 2826 594 2856 ὃς
608 2824 724 2855 firmiter
731 2823 930 2861 Praecipientes
946 2823 1076 2854 universis
1091 2824 1123 2854 &
1139 2824 1232 2861 singu-

172 2860 206 2891 lis
223 2860 313 2897 Ligiis
332 2861 433 2891 nostris
451 2861 546 2900 Regni
568 2863 656 2893 nostri
672 2863 780 2900 Angliae
798 2863 1012 2899 (cujuscumque
1025 2860 1137 2900 Status,
1157 2861 1233 2892 Gra-

172 2897 245 2936 dsis,
263 2899 307 2929 seu
329 2898 513 2930 Conditionis
534 2900 648 2936 fuerint)
671 2900 751 2937 quod
763 2901 855 2930 eidem
870 2901 1047 2931 Cancellario
1062 2901 1182 2938 nostro,
1203 2902 1233 2930 in

173 2936 338 2968 Excercitio
357 2938 389 2968 &
405 2937 582 2968 Executione
596 2937 698 2975 Officii
713 2939 783 2967 illius
793 2961 801 2976 ,
818 2939 853 2968 de
867 2948 996 2976 tempore
1011 2940 1039 2968 in
1056 2946 1184 2978 tempus,
1201 2940 1231 2968 in

173 2976 325 3043 oninibus,
341 2975 473 3045 obgcciiant
488 2977 520 3007 &
537 2976 683 3008 intendant
699 2985 784 3014 prout
799 2976 891 3007 decet.

230 3024 249 3043 n
264 3023 298 3043 cu
313 3023 343 3043 us
414 3024 440 3044 c.
616 3033 618 3036 >

212 3024 309 3082 TesteJ
316 3035 400 3089 Rde
415 3052 487 3091 apud
503 3051 776 3091 Westzxwasteer,
794 3053 841 3084 xvi
860 3052 905 3083 die
921 3052 1112 3083 Novembris.

50 3190 71 3212 n
89 3193 128 3221 x,
385 3179 414 3205 δὲ
437 3185 496 3215 Pro
511 3182 716 3216 Servientibus
735 3186 857 3218 Comitis
876 3182 1044 3227 Vendosme.

30 3232 96 3259 260.

30 3267 108 3298 Ann.
122 3267 164 3299 D.
181 3268 237 3324 R
248 3265 331 3304 EX,
347 3274 397 3305 per
420 3266 526 3297 Literas
547 3266 604 3310 suas
624 3267 775 3306 Parentes,
801 3267 888 3306 usque
902 3269 1016 3300 Festum
1030 3268 1232 3301 Purificationis

50 3314 136 3345 1422.
257 3305 347 3335 beatae
364 3304 465 3335 Mariae
482 3308 614 3342 proximo
630 3306 757 3336 futurum
778 3306 935 3345 duraturas,
952 3308 1068 3346 suscepit
1084 3310 1110 3338 in
1126 3310 1231 3340 salvum

31 3348 84 3373 An.
103 3355 127 3373 ι.
176 3342 210 3372 &
226 3342 353 3376 securum
373 3342 563 3374 Condu&um
582 3343 660 3373 suum
675 3366 685 3382 ,
703 3354 735 3374 ac
751 3346 779 3374 in
795 3345 1026 3385 Protefflonetn,
1044 3348 1230 3387 Tuitionem,

29 3386 65 3410 Η.
82 3385 109 3411 6.
177 3380 211 3411 &
234 3380 440 3412 Defenfionem
463 3382 520 3411 suas
545 3380 673 3419 speciales
691 3404 700 3419 ‚
720 3385 830 3411 Petrum
844 3384 877 3412 de
895 3385 1056 3424 Gonones,
1070 3387 1102 3417 &
1118 3386 1230 3425 Johan—

30 3423 117 3449 Franc.
140 3431 164 3450 r.
178 3429 237 3448 nem
258 3419 382 3449 Levet'lle
398 3443 407 3458 ,
432 3420 465 3450 &
481 3429 570 3450 unum
590 3419 732 3451 Valettutn
747 3421 775 3450 in
789 3431 889 3451 eorum
904 3422 1034 3454 societate
1044 3449 1052 3460 ,
1071 3425 1227 3456 Servitores

29 3462 65 3488 H.
79 3461 107 3488 6.
119 3469 155 3488 m.
177 3460 287 3487 Comitis
302 3458 334 3487 de
351 3457 507 3497 Vendosme,
525 3458 553 3486 in
569 3457 709 3494 Regnum
722 3458 808 3497 Regis
825 3460 953 3497 Angliae,
971 3472 1040 3491 cum
1058 3462 1157 3501 Auro,
1174 3465 1230 3494 Ar—

34 3505 81 3525 20.
175 3504 265 3533 gento
280 3519 289 3533 ,
310 3496 454 3534 jocalibus
470 3519 479 3534 ,
497 3495 659 3534 Herneiiis,
678 3496 779 3533 Bonis,
797 3499 830 3528 &
847 3497 945 3528 Rebus
960 3500 1027 3529 dieii
1044 3504 1152 3531 Comitis
1168 3504 1230 3540 qui-

174 3534 350 3603 buiscurnique
366 3559 376 3573 ,
398 3534 538 3567 veniendo
550 3557 559 3573 ,
587 3535 692 3565 ibidem
714 3535 853 3566 morando
866 3560 875 3574 ,
900 3538 933 3567 δε
947 3539 1048 3568 exinde
1063 3538 1096 3568 ad
1112 3539 1230 3579 Propria

175 3581 205 3603 re
227 3583 280 3603 eun
302 3584 335 3603 0·

212 3598 444 3649 Proviso'semper
459 3609 538 3649 quod
552 3611 654 3649 iidem,
670 3614 782 3650 Petrus,
795 3612 957 3651 Johannes,
975 3613 1008 3644 &
1022 3613 1162 3653 Valettus‚
1179 3617 1230 3648 be-

176 3648 214 3678 ne
229 3650 261 3680 &
277 3649 396 3680 honeste
409 3650 436 3680 se
450 3650 567 3679 habeant
582 3651 615 3680 δε
629 3659 726 3688 gerant
737 3660 804 3687 erga
812 3650 923 3689 Regem
938 3653 971 3681 δε
981 3652 1122 3690 Populum
1135 3655 1229 3693 suum,

176 3686 209 3716 &
227 3688 397 3726 quicquam,
415 3688 493 3726 quod
506 3690 535 3718 in
552 3686 640 3726 Regis
656 3688 866 3727 praejudicium,
885 3698 930 3720 aut
946 3690 1050 3728 Populi
1062 3690 1099 3721 sui
1116 3691 1230 3730 Damp-

174 3733 247 3754 num
269 3726 368 3757 cedere
387 3727 475 3757 valeat
491 3749 500 3764 ,
523 3736 582 3755 non
602 3735 768 3764 attemptent
784 3750 794 3765 ,
818 3737 865 3759 aut
884 3727 976 3758 facere
996 3729 1040 3760 vel
1063 3738 1228 3769 attemptare

174 3762 358 3802 praesumant,
375 3764 573 3803 quovismodo.

212 3798 302 3831 Teste
317 3800 399 3841 Rege
411 3803 484 3842 apud
498 3801 770 3842 Wstmonasterium,
789 3803 854 3842 xxiij
874 3803 919 3834 die
935 3804 1123 3837 Novembris.

645 3881 698 3909 Per
711 3877 794 3918 ipſstm
808 3881 904 3917 Regem
919 3877 956 3915 ὸ
972 3882 1121 3912 Concilium.

175 3954 231 4010 R
243 3952 325 3992 EX,
344 3951 404 3998 ὠρ-
422 3960 454 3984 ut
471 3954 554 4001 fifpra
574 3957 651 3997 usque
673 3955 711 3985 ibi
738 3954 866 3995 speciales
879 3978 889 3994 ‚
912 3954 950 3990 ὠ
968 3963 1031 4001 func
1039 3957 1098 3998 fic,
1114 3960 1226 4004 Petrum

251 3991 385 4031 Gorverft
397 4015 406 4030 ,
424 3993 596 4025 Servrtorem
611 3999 721 4025 Comi-trs
744 3994 775 4024 de
791 3993 951 4038 Wrzdofiue,
969 4005 998 4024 in
1014 3996 1119 4035 Regno
1136 3997 1227 4035 Regis

171 4027 284 4098 Αηᾶῗγίῗ
294 4032 352 4100 Ῑὶιῧ]
364 4030 530 4099 ἕκίίῗῗξιῑεω
538 4054 549 4071 ‚
567 4034 597 4064 in
610 4034 749 4073 Regnum
763 4032 786 4064 F
787 4042 889 4064 raneiae
905 4033 1086 4073 transeundo,
1103 4038 1136 4068 ὅ(
1150 4039 1228 4068 exin-

1269 140 1676 186 UBLICA.

2316 227 2393 259 Anu.
2410 228 2440 258 D

1289 267 1422 305 Proviso,
1440 269 1501 299 &c.
1520 275 1550 297 ut
1558 268 1642 308 fitpra
1652 273 1788 307 ,amittatis
1804 271 1950 301 mutandis.
2341 277 2416 304 142..

1289 303 1378 335 Teste
1392 314 1422 336 ut
1435 308 1521 346 supra.
2320 310 2382 333 kaie..
2400 309 2415 330 ο

1728 347 1780 375 Per
1795 347 1876 385 ipsum
1889 350 1982 385 Regem
1997 345 2034 381 ὠ
2047 344 2197 375 Concilium.

1546 470 1605 500 Pro
1624 471 1735 501 Comite
1751 468 1787 501 de
1803 470 2010 517 Angoulesme.

1261 546 1410 606 REX,
1430 561 1479 589 per
1502 551 1608 582 Literas
1622 552 1684 596 'suas
1703 552 1846 593 Parentes,
1865 555 1949 592 usque
1963 555 2077 585 Festum
2093 553 2305 595 Sanc'tiJohan-
2322 550 2397 582 Arm·
2410 551 2451 583 D·

1338 599 1379 619 nis
1400 589 1528 628 Baptistae
1548 593 1680 628 proximo
1704 591 1830 622 futurum
1852 593 1991 623 duraturas
2006 617 2016 630 ,
2033 594 2145 631 suscepit
2158 596 2184 624 in
2199 595 2305 626 salvum
2341 600 2426 629 1422*

1256 625 1290 654 &
1305 626 1434 658 securum
1449 628 1636 659 Conduetum
1656 629 1736 659 suum
1750 651 1759 667 ,
1783 639 1815 660 ac
1830 632 1857 659 in
1873 631 2101 667 Proteffionem,
2119 632 2287 663 Tuitionem
2297 656 2306 671 ‚
2319 634 2369 657 ΑΜ.
2392 640 2415 656 ¹·

1259 663 1293 693 &
1312 664 1516 696 Desenfionem
1539 667 1594 697 suas
1613 667 1740 705 speciales
1756 692 1764 704 ,
1785 668 1960 698 Willrelmum
1983 672 2128 707 Baragm'er
2141 693 2151 708 ,
2169 671 2303 711 Armige-
2319 671 2350 694 H·
2370 668 2398 695 6-

1261 711 1325 732 rum
1348 707 1456 733 Comitis
1472 704 1680 744 d'Anguillefhze
1694 728 1703 743 ,
1731 715 1804 736 exrra
1825 706 1961 745 Regnum
1981 707 2069 745 Regis
2086 708 2197 746 Angliae
2212 710 2303 740 versus
2320 706 2383 733 ibid.
2400 713 2435 732 Η)-

1260 738 1399 783 Regnum
1422 742 1508 782 Regis
1526 743 1666 781 Franciae,
1683 753 1751 774 curn
1770 754 1829 774 uno
1844 744 1962 775 Famulo
1978 746 2026 775 suo
2044 748 2072 775 in
2085 745 2231 778 Comitiva
2244 749 2307 786 sua,
2327 753 2370 771 ¹0·

1263 777 1467 823 Equis,·Bonis
1488 782 1521 811 &
1541 781 1683 812 Herneiiis
1705 782 1756 812 suis
1777 784 1858 813 licitis
1871 798 1881 821 5
1898 783 1932 812 ad
1949 791 2024 814 certa
2039 784 2204 816 Necessaria
2219 786 2252 816 &
2266 788 2308 816 Α-

1261 818 1351 860 genda
1374 822 1454 855 iplius
1476 818 1603 849 Comitis
1617 843 1627 857 ,
1643 830 1675 850 ac
1691 822 1775 851 etiarn
1792 829 1879 851 certas
1896 821 2024 852 Summas
2041 822 2110 852 Auri
2126 824 2165 854 ὃς,
2177 823 2310 863 Argenti,

1262 856 1406 899 inquibus
1421 857 1496 886 idem
1511 856 1620 887 Comes
1632 858 1744 889 diversis
1759 859 1968 889 Mercatoribus
1981 861 2011 889 in
2027 859 2132 896 Regno
2147 861 2232 900 Regis
2248 863 2309 892 An-

1263 894 1342 937 glijae,
1362 895 1421 924 tam
1443 905 1495 932 pro
1515 895 1612 933 Seipso
1627 919 1636 932 ,
1663 898 1749 934 quam
1763 904 1814 935 pro
1827 897 1884 927 aliis
1898 897 2051 928 Obsidibus
2068 898 2134 937 suis,
2151 899 2198 929 hic
2213 900 2310 930 secum

1263 932 1443 963 existentibus
1459 956 1468 971 ,
1493 941 1601 963 tenetur
1614 936 1647 966 &
1663 935 1820 974 obligatur,
1839 934 2052 974 Nanciscenda,
2073 936 2253 975 Quaerenda,
2275 939 2309 968 ὃς

1263 969 1444 1002 Providenda
1460 994 1469 1009 ‚
1492 971 1656 1002 transeundo
1667 995 1676 1010 ,
1696 972 1803 1003 ibidem
1818 973 1976 1013 morando,
1994 974 2028 1005 ἃ
2041 974 2143 1006 exinde
2157 977 2185 1005 in
2200 975 2310 1006 dictum

1263 1008 1405 1053 Regnum
1430 1009 1516 1053 Regis
1536 1011 1666 1048 Angliae,
1690 1021 1757 1041 cum
1781 1011 1953 1042 Necessariis
1967 1035 1976 1051 ,
1997 1013 2078 1043 Auro
2091 1035 2100 1051 ,
2125 1014 2157 1044 ὃς
2179 1014 2310 1050 Argento

1263 1047 1419 1086 praedietis,
1436 1056 1564 1086 quotiens
1576 1050 1608 1080 &
1621 1050 1734 1086 quando
1749 1056 1815 1079 eum
1830 1052 1989 1088 oportebit,
2005 1052 2072 1081 citra
2086 1051 2200 1082 Festum
2213 1052 2312 1089 praedi=

1263 1086 1361 1125 ctum,
1379 1087 1479 1126 absque
1494 1086 1705 1123 Perturbatione
1727 1089 1772 1118 vel
1783 1087 1964 1126 Imperitione
1978 1099 2174 1128 quacumque,
2193 1091 2311 1122 redeun-

1282 1134 1315 1154 Ο.

1299 1148 1415 1194 Rroviso
1431 1163 1539 1202 semper
1553 1163 1632 1201 quod
1642 1186 1651 1201 ,
1668 1162 1727 1197 &a
1743 1172 1774 1194 ut
1788 1168 1818 1194 in
1825 1163 1955 1205 similibus
1969 1164 2001 1194 de
2016 1165 2151 1195 Condueru
2166 1169 2279 1197 Literis.

1297 1201 1387 1232 Teste
1401 1203 1485 1240 Rege
1496 1204 1569 1240 apud
1584 1201 1856 1243 westmonasterium,
1874 1206 1936 1235 xxiv
1955 1204 2000 1234 die
2015 1203 2202 1236 Novembris.

1757 1285 1809 1313 Per
1824 1286 1917 1316 Breve
1931 1285 1962 1315 de
1976 1287 2095 1315 Privato
2109 1283 2208 1323 Sigillo.

1576 1405 1633 1442 Pro
1651 1413 1762 1442 Comize
1778 1407 1813 1442 de
1831 1408 1998 1456 Vendosme.

1266 1498 1320 1551 R
1332 1494 1395 1527 EX
1410 1519 1419 1534 ‚
1441 1506 1489 1534 per
1513 1495 1618 1527 Literas
1631 1495 1687 1525 suas
1703 1493 1844 1533 patentes,
1860 1505 1909 1538 per
1922 1495 2035 1527 Decem
2053 1493 2165 1527 Menses
2177 1497 2310 1535 proximo
2332 1504 2409 1537 Am„
2422 1503 2465 1536 D„

1341 1535 1449 1565 futuros
1462 1536 1618 1571 duraturas,
1635 1533 1671 1563 de
1685 1534 1858 1564 avisamenta
1876 1535 1909 1565 &
1931 1534 2034 1565 assensu
2049 1534 2172 1565 Concilii
2185 1536 2221 1565 sui
2257 1536 2313 1565 sus·
2358 1555 2371 1575 1
2399 1555 2437 1574 22

1262 1573 1337 1607 cepit
1359 1583 1386 1602 m
1407 1573 1512 1604 salvum
1534 1574 1566 1603 ὃς
1591 1573 1721 1615 securum
1742 1571 1930 1602 Conducstum
1946 1574 2045 1610 suum,
2062 1583 2096 1603 ac
2111 1575 2138 1602 in
2154 1559 2312 1604 Prote'euo-
2330 1556 2447 1613 &fij

1261 1620 1345 1649 nem,
1365 1612 1535 1642 Tuitionem
1552 1634 1561 1646 ,
1579 1611 1612 1641 &
1627 1610 1831 1641 Detenfionem
1845 1610 1901 1640 suas
1912 1611 2053 1650 speciales,
2076 1612 2247 1641 Ledo-wicum
2261 1618 2312 1641 Co·
2330 1626 2366 1649 H.
2386 1623 2413 1649 60

1260 1651 1349 1678 mitem
1370 1650 1402 1679 de
1424 1649 1563 1688 Vendofiue
1582 1649 1617 1678 de
1638 1647 1744 1687 Regno
1767 1647 1853 1687 Regis
1875 1648 2001 1679 Franciae
2015 1673 2025 1687 ,
2051 1652 2078 1679 in
2104 1649 2211 1686 Regno
2226 1650 2313 1689 Regis
2329 1660 2393 1687 lbid.

1264 1688 1376 1725 Angliae
1399 1687 1434 1718 ad
1457 1688 1576 1728 praesens
1597 1686 1764 1717 existentem
1779 1711 1789 1724 ,
1819 1688 1909 1717 versus
1931 1687 2042 1718 dictum
2065 1688 2201 1727 Regnum
2224 1688 2311 1727 Regis
2328 1708 2363 1726 m,
2378 1705 2405 1732 9,

1264 1728 1404 1764 Franciae,
1422 1736 1490 1757 cum
1506 1726 1619 1756 Decem
1633 1724 1824 1756 Servientibus
1835 1725 1902 1763 suis,
1922 1725 2100 1756 Pedestribus
2116 1726 2160 1757 vel
2169 1726 2312 1764 Equestri-

1263 1767 1332 1803 bus,
1351 1766 1379 1795 in
1403 1764 1550 1795 Comitiva
1572 1764 1616 1794 sua
1630 1787 1639 1802 ,
1663 1773 1712 1801 per
1729 1763 1869 1801 Terram,
1894 1766 1927 1795 &
1945 1773 1992 1801 per
2009 1763 2108 1802 Mare,
2126 1765 2315 1803 transeundo,

1264 1805 1370 1834 ibidem
1386 1803 1526 1833 morando
1540 1803 1573 1833 ὅ(
1585 1801 1835 1840 perhendinand0‚
1851 1804 1884 1832 ὃς
1899 1802 2000 1832 exinde
2015 1804 2042 1832 in
2056 1804 2164 1833 dietum
2179 1802 2317 1842 Regnum

1265 1843 1351 1880 Regis
1367 1842 1492 1880 Angliae,
1510 1850 1578 1872 cum
1592 1840 1676 1871 Bonis
1691 1840 1724 1870 &
1738 1839 1881 1870 Herneliis
1895 1840 1945 1871 suis
1958 1842 2053 1877 licitis,
2071 1840 2232 1879 redeundo,

1302 1880 1422 1912 Proviso
1435 1881 1544 1917 semper
1556 1879 1634 1917 quod
1664 1879 1787 1909 raedid't'us
1799 1882 1906 1917 Comes,
1915 1889 1948 1909 ac
1962 1878 2015 1918 ipsi
2033 1880 2069 1909 de
2079 1879 2154 1909 dicta
2169 1877 2318 1911 Comit1va

1266 1920 1308 1951 sua
1318 1943 1326 1958 ,
1344 1920 1420 1949 bene
1440 1920 1473 1950 &
1495 1917 1615 1948 honeste
1646 1927 1662 1947 e
1673 1918 1794 1947 habeant
1807 1918 1840 1947 &
1854 1926 1951 1956 gerant
1962 1927 2026 1956 erga
2041 1917 2158 1954 Regem
2174 1918 2206 1948 &
2221 1917 2318 1955 Popu-

1266 1959 1327 1989 lum
1343 1956 1550 1994 suum,absque
1563 1956 1657 1994 aliquo
1669 1955 1801 1986 faciendo
1814 1955 1871 1986 five
1883 1955 2176 1994 attemptand0,quod
2190 1957 2219 1985 in
2229 1957 2247 1975 *²
2256 1956 2318 1986 Re·
2415 1970 2421 1976 ·

1266 1998 1309 2067 lgis
1330 1995 1546 2063 praejudiciumd,
1571 2003 1618 2025 aut
1641 1994 1770 2032 praedicti
1791 1992 1893 2032 Populi
1916 1994 1955 2025 sui
1971 1993 2143 2033 Dampnum
2157 1993 2256 2025 cedere
2268 2005 2319 2027 va·
2339 1984 2404 2016 ²⁶¹⁹

1277 2045 1334 2070 eat,
1375 2044 1455 2065 uovis
1469 2044 1519 2064 mo
1540 2043 1559 2063 ο

1306 2045 1455 2112 dique
1475 2072 1525 2110 ips]
1547 2056 1691 2110 piaeffintes
1707 2071 1815 2101 Literas
1825 2069 1916 2108 Regis
1929 2070 1965 2100 de
1978 2070 2053 2102 fiilvo
2065 2070 2222 2103 Condustu
2231 2096 2240 2109 ,
2256 2079 2322 2103 ante

1268 2112 1422 2143 Introitum
1442 2111 1521 2141 suurn
1541 2109 1688 2144 cuiussibet
1705 2108 1859 2140 Civitatum
1875 2132 1884 2147 ,
1904 2108 2040 2140 Villarum
2054 2108 2246 2148 firmatarum,
2263 2109 2322 2141 Ca-

1269 2150 1389 2181 strorum
1405 2174 1414 2187 ,
1440 2149 1496 2180 five
1516 2147 1726 2178 Fortalitiorum
1741 2169 1751 2186 ,
1776 2147 1847 2177 infra
1867 2147 1942 2177 dieta
1958 2147 2062 2185 Regna
2079 2148 2107 2178 R
2144 2149 2181 2187 is,
2199 2146 2323 2187 Majori-

1268 2190 1321 2220 bus
1336 2214 1345 2227 ,
1371 2187 1480 2256 {amm
1494 2210 1504 2226 ‚
1529 2185 1688 2225 Capitaneis
1703 2208 1713 2224 ,
1738 2185 1795 2217 five
1819 2185 1993 2217 Custodibus
2013 2196 2114 2217 eorum
2136 2197 2182 2217 ern
2194 2187 2324 2226 primitus

1268 2228 1385 2259 demoni
1404 2236 1473 2256 rent.

1305 2265 1394 2297 Teste
1409 2264 1489 2304 Rege
1501 2261 1574 2302 apud
1589 2261 1845 2303 Wstmonasterium
1854 2287 1863 2302 ‚
1879 2263 1961 2302 xxviij
1981 2263 2027 2294 die
2040 2262 2231 2296 Novembris.

2357 1946 2411 1976 *K

1770 2340 1823 2368 Per
1840 2342 1934 2371 Breve
1948 2340 1980 2370 de
1992 2342 2110 2370 Privato
2123 2339 2221 2379 Sigillo.

1538 2482 1586 2517 De
1604 2483 1769 2515 Protenore
1788 2486 1880 2530 Regni
1901 2480 2061 2526 constitutor

2344 2573 2423 2608 Anti.
2434 2575 2473 2607 D„

1274 2577 1403 2637 REX
1428 2580 1593 2620 Omnibus,
1609 2580 1643 2611 ad
1658 2591 1743 2619 quos,
1760 2582 1820 2612 &c.
1838 2579 1973 2612 Salutem-1
2364 2625 2452 2655 1422·

1370 2619 1468 2650 Sciatis
1504 2621 1561 2650 und

1308 2658 1374 2688 Nos
1393 2630 1593 2695 conlidcierato',
1610 2657 1689 2695 quod
1707 2658 1734 2686 in
1749 2657 1820 2687 adeo
1835 2666 1928 2688 tenera
1943 2656 2041 2687 AEtate
2054 2656 2199 2689 constituti
2214 2658 2323 2697 sumus,
2343 2658 2396 2682 An.
2421 2665 2445 2684 1-

1272 2696 1352 2734 quod
1374 2698 1450 2726 circa
1469 2696 1684 2727 protectionem
1706 2697 1739 2725 ἃ
1763 2696 1966 2726 Desenfionem
1989 2696 2081 2734 Regni
2103 2697 2190 2726 nostri
2213 2697 2322 2736 Angliae
2344 2697 2379 2721 H.
2399 2695 2426 2720 ⁶·

1270 2744 1304 2765 ac
1326 2735 1460 2803 {eclesiae
1483 2734 1649 2773 Anglicanae
1674 2733 1851 2773 personaliter
1877 2734 2023 2764 intendere
2046 2744 2106 2764 non
2125 2734 2273 2774 peffumus
2295 2737 2324 2765 in
2343 2736 2405 2797 11³5}
2420 2740 2444 2757 ¹·

1271 2783 1328 2811 prm
1342 2774 1397 2803 enti
2376 2791 2380 2796 ·
2410 2775 2478 2805 -P-2a

1309 2811 1378 2842 Nos
1407 2796 1416 2812 ³
1973 2843 1976 2847 ,
2345 2818 2381 2836 m·
2403 2817 2427 2834 2·

1308 2850 1358 2879 De
1377 2835 1640 2888 Circumspefflone
1660 2850 1693 2881 &
1715 2848 1853 2891 Industria
1867 2872 1876 2887 ‚
1901 2848 2031 2880 cariffimi
2055 2848 2199 2880 Avunculi
2220 2848 2328 2887 nostri,

1272 2887 1412 2927 Johannis
1424 2891 1507 2918 Ducis
1521 2888 1676 2928 Bedfordiae
1685 2913 1693 2926 ,
1713 2889 1824 2925 plenam
1837 2889 1967 2918 fiduciam
1984 2897 2169 2926 reportantes,

1311 2927 1358 2956 De
1373 2927 1477 2957 assensu
1501 2928 1534 2957 &
1554 2927 1726 2958 avisamento
1740 2949 1748 2963 ,
1770 2927 1829 2956 tam
1844 2925 2057 2963 Dominorum‚
2076 2928 2159 2963 quam
2175 2925 2210 2956 de
2223 2926 2329 2957 affensu

1274 2963 1497 2995 Communitatis
1516 2963 1585 2995 dieti
1609 2966 1707 3001 Regni
1735 2965 1843 3002 Angliae
1859 2987 1869 3001 ,
1896 2966 1923 2993 in
1938 2963 2049 2994 instanti
2066 2963 2254 2995 Parliamento
2269 2967 2327 2995 exi-

1274 3003 1425 3040 stentium,
1442 3004 1639 3032 ordinavimus
1651 3004 1683 3033 &
1700 3002 1884 3040 Constituimus
1898 3003 1986 3039 ipsum
2008 3002 2185 3032 Avunculum
2211 3003 2326 3042 rastrum

1273 3042 1343 3071 dieu
1359 3041 1454 3080 Regni
1468 3041 1556 3071 nostri
1572 3041 1684 3078 Angliae
1698 3042 1730 3072 ὃ(
1746 3041 1879 3070 eccleliae
1896 3041 2062 3077 Anglicanae
2078 3041 2275 3072 Prorectorem
2292 3043 2326 3073 ὃς

1274 3079 1479 3115 Defensorem,
1497 3089 1530 3109 ac
1547 3077 1745 3109 Coniiliarium
1761 3078 1889 3109 nostrum
1904 3079 2110 3117 Principalem,

1311 3117 1348 3147 Et
1372 3118 1451 3155 quod
1467 3117 1527 3155 lpse
1540 3117 1610 3148 dieti
1627 3117 1719 3156 Regni
1733 3116 1822 3147 nostri
1838 3117 1946 3164 Angliae
1960 3127 1991 3146 ac
2008 3116 2142 3147 Ecclesiae
2158 3118 2325 3157 Anglicanae

1276 3155 1421 3186 Protec‘mr
1436 3156 1468 3186 &
1484 3155 1625 3186 Defensor
1640 3165 1673 3185 ac
1689 3155 1853 3192 Principalis
1869 3155 2050 3185 Lonfiliarius
2070 3155 2163 3186 noster
2178 3157 2256 3188 iit&
2270 3166 2325 3185 no-

1272 3196 1413 3232 minetur,
1433 3195 1462 3222 in
1476 3193 1508 3223 &
1517 3195 1594 3231 quta
1611 3193 1695 3231 Vim,
1714 3194 1837 3224 formam
1852 3216 1863 3232 ,
1881 3195 1914 3224 &
1929 3193 2066 3224 effeetum
2081 3193 2223 3232 CUJusdam
2238 3195 2324 3232 Aeli,

1271 3233 1300 3301 {in
1321 3233 1400 3263 dicto
1420 3231 1609 3263 Parliamento
1624 3251 1641 3270 ,-
1654 3232 1700 3262 dre
1720 3231 1805 3262 Datae
1826 3232 2002 3270 praesentium
2017 3256 2027 3270 ,
2052 3232 2138 3263 habiti
2151 3234 2184 3263 δε
2199 3242 2325 3263 concor-

1291 3279 1327 3301 att

1306 3295 1425 3339 Pioviso
1446 3308 1554 3346 semper
1573 3307 1653 3346 quod
1677 3307 1807 3345 praefatus
1827 3307 1990 3338 Avunculus
2007 3308 2091 3347 nester
2112 3308 2219 3339 nullam
2247 3316 2324 3347 gerat

1270 3356 1316 3378 aut
1336 3349 1434 3378 habeat
1449 3371 1459 3384 ,
1481 3349 1578 3386 vigore
1594 3346 1788 3384 praesentium,
1806 3347 1997 3384 Potest-rtem,
2016 3356 2070 3377 nec
2087 3347 2142 3385 fic⁷
2162 3357 2192 3378 ut
2206 3349 2323 3386 praefer-

1269 3394 1331 3424 tur,
1351 3387 1527 3423 nominetur,
1547 3385 1595 3415 nisi
1615 3395 1667 3422 pro
1690 3394 1820 3422 ternpore
1832 3395 1889 3423 quo
1905 3385 2022 3423 praesens
2038 3386 2087 3415 hic
2100 3386 2130 3415 in
2146 3385 2252 3426 Regno
2267 3397 2321 3417 no-

1269 3424 1328 3455 stro
1345 3425 1458 3461 Angliae
1475 3425 1557 3453 fuerit
1568 3446 1578 3461 ,
1595 3424 1628 3453 &
1643 3432 1726 3460 prout
1739 3425 1768 3453 in
1784 3424 1919 3460 praedicio
1933 3425 2011 3454 Atto
2026 3425 2206 3463 continetur,

1308 3464 1468 3502 Qlodque,
1487 3461 1638 3492 cariffirnus
1653 3461 1820 3492 Avunculus
1835 3461 1930 3492 noster
1941 3464 2010 3490 Dux
2028 3461 2194 3501 Gloucestriae
2208 3463 2321 3501 Nobis,

1270 3502 1298 3531 in
1311 3502 1427 3539 agendis
1440 3500 1509 3530 dieti
1526 3500 1623 3537 Regni
1636 3500 1724 3529 nostri
1738 3501 1848 3530 Anuliae
1861 3500 2012 3537 Negotiis,
2028 3500 2092 3537 post
2107 3502 2196 3538 ipsum
2220 3502 2321 3531 Avun-

1270 3540 1367 3570 culum
1390 3539 1520 3569 nostrum
1541 3542 1641 3568 Ducem
1666 3525 1834 3577 Beafira'i’ae,
1854 3538 2016 3575 Principalis
2030 3538 2210 3569 Confiiiarius
2226 3539 2321 3570 existat

1270 3579 1303 3608 &
1318 3579 1496 3614 nominetur,
1515 3579 1643 3614 quotiens
1655 3577 1688 3606 &
1701 3578 1812 3614 quando
1824 3577 1973 3614 praefatum
1986 3577 2172 3607 Avunculum
2188 3577 2320 3607 nostrum

1268 3619 1371 3646 Ducem
1389 3615 1543 3652 Bedfordiae
1555 3614 1631 3654 infra
1653 3615 1788 3654 Regnum
1802 3614 1929 3645 nostrum
1944 3615 2054 3654 Angliae
2068 3616 2237 3653 praedieium
2252 3625 2318 3645 mo-

1270 3665 1322 3684 ran
1336 3662 1492 3684 contlnffat.

1305 3677 1492 3722 Confider‘i'tes
1505 3713 1515 3728 ,
1541 3690 1649 3728 insuper
1663 3715 1673 3729 ‚
1690 3691 1724 3721 ad
1737 3691 1852 3730 plenum
1864 3691 1900 3721 de
1917 3691 2170 3729 circumspectione
2183 3691 2217 3721 &
2230 3690 2319 3723 Indu*

1268 3730 1330 3760 stria
1344 3730 1471 3768 praedic'ti
1486 3729 1629 3759 Avunculi
1645 3729 1731 3759 nostri
1745 3733 1827 3759 Ducis
1839 3729 2025 3769 Gloucestriae,
2041 3730 2077 3759 de
2091 3728 2195 3758 affensu
2210 3731 2243 3760 &
2258 3731 2318 3761 avi-

1267 3769 1392 3799 samento
1406 3767 1545 3807 praedietis
1560 3767 1756 3797 Ordinavimus
1767 3769 1800 3800 ὃς
1815 3768 2015 3807 Censtituimus,
2034 3767 2121 3804 ipsum
2130 3767 2318 3798 Avunculum

1267 3807 1396 3837 nostrum
1409 3831 1418 3843 ,
1435 3809 1536 3835 Ducem
1551 3805 1716 3845 Glaucestriae
1727 3828 1738 3844 ,
1757 3807 1787 3836 in
1808 3807 1887 3837 dicto
1902 3806 2010 3842 Regno
2024 3805 2121 3834 nostro
2137 3805 2248 3844 Angliae
2257 3807 2318 3843 jam

1266 3846 1431 3883 praesentem
1453 3868 1462 3881 ,
1495 3844 1564 3874 dieti
1589 3844 1682 3883 Regni
1703 3844 1792 3875 nostri
1818 3844 1928 3884 Angliae
1947 3853 1980 3873 ac
2001 3843 2135 3874 Ecclesiae
2154 3843 2319 3882 Angiicanae·

1267 3883 1465 3914 Proteewrem
1479 3883 1512 3913 ὃς
1529 3882 1714 3913 Defeniorem
1724 3905 1734 3920 ‚
1748 3892 1861 3913 necnon
1877 3881 2075 3912 Conliliarium
2092 3881 2221 3912 nostrum
2235 3882 2318 3913 Prin-

1267 3922 1387 3960 cipalem
1402 3945 1411 3957 ,
1431 3919 1561 3957 quotiens
1582 3922 1615 3951 ὃς
1637 3922 1750 3958 quando
1780 3920 1945 3958 praedietum
1976 3920 2158 3950 Avunculum
2184 3920 2318 3951 nostrum

1268 3963 1367 3989 Ducem
1381 3956 1534 3998 Bedfhrdiae
1547 3969 1628 3989 exrra.
1639 3960 1773 3998 Regnum
1785 3958 1913 3988 nostrum
1928 3957 2043 3995 Angliae
2061 3958 2231 3995 praediCtum
2252 3970 2318 3990 mo-

1267 3999 1320 4029 rari
1337 3997 1381 4028 vel
1392 3998 1486 4028 abeise
1502 3999 1663 4037 contingat,

1305 4034 1343 4067 Et
1358 4035 1437 4074 quod
1448 4036 1504 4077 ipse
1519 4036 1686 4069 Avunculus
1704 4033 1801 4104 noiit‘er
1822 4036 1891 4065 Dux
1914 4031 2079 4074 Gioucestriae
2089 4057 2100 4074 ,
2118 4033 2319 4105 Protectob&

1797 4081 1814 4102 2
2291 4084 2321 4105 ςε
