2562 4274
760 177 872 220 ET
956 179 1220 220 ACTA
1303 179 1771 226 PUBLICA.

67 256 192 326 Arm-61)
210 264 318 304 fuerit,
342 263 427 299 id'eis
445 263 480 295 δε
497 270 599 293 eorum
619 261 757 301 cuilibet,
783 263 880 295 debite
903 264 1006 303 corrigi
1024 265 1057 297 &
1073 264 1218 297 reformari
1235 267 1275 296 fa-

90 305 141 335 141
167 319 173 326 ·
209 306 288 335 ciatis

68 341 130 364 Hm·
147 345 164 372 5
168 356 174 362 ·
253 325 400 373 Nolumus
413 348 507 370 autem
522 338 610 370 istum
629 338 757 369 nostrum
773 339 880 370 salvum
897 338 1087 373 Conduetum
1104 342 1215 373 Debito
1229 343 1279 373 ali-

216 381 295 418 cujus
309 378 442 410 Personae
453 401 464 416 ,
480 378 578 408 secum
592 377 732 408 existentis
747 399 758 415 ,
775 376 890 418 infringi
904 401 914 416 ,
931 379 970 410 set
985 379 1179 420 Delinquens,
1195 388 1278 419 prout

213 418 322 458 justum
336 416 436 454 fuerit,
456 416 602 454 puniatur,

218 482 221 485 .
253 455 284 486 Si
297 456 465 493 vero,intra
479 463 588 492 ternpus
603 453 757 484 durationis
770 454 906 493 praesentis
916 455 1004 486 nostri
1016 455 1081 487 salvi
1097 456 1279 495 Conduettis,

216 493 364 532 contingat
371 492 543 536 praedictos,
563 496 691 522 Comitem
708 493 741 523 &
756 493 935 522 Willielmum
949 516 959 532 ,
974 495 1096 533 aliquem
1110 496 1156 526 vel
1171 496 1278 535 aliquos

215 541 249 562 ex
263 531 390 562 Perlonis
404 530 559 569 praedi&ss,
577 529 716 567 Corporis
730 533 860 569 gravitate
870 533 987 563 detineri
1007 533 1103 571 (quod
1119 535 1205 571 absit)
1226 545 1280 565 vo-
1323 545 1325 547 ’

215 570 307 601 lumus
322 569 403 608 quod
417 569 493 600 idem
510 567 681 599 conductus
696 570 789 599 noster
804 571 834 600 in
846 571 978 614 omnibus
989 571 1109 614 servetur
1123 573 1228 611 integer
1243 574 1278 603 &

213 608 416 646 illaesus,usque
428 606 462 637 ad
471 606 603 637 Mensem
616 606 766 645 postquam
780 607 816 639 de
830 608 995 640 infirmitate
1014 616 1029 627 ’ἓ
1048 613 1093 640 iua
1106 611 1150 641 vel
1165 611 1279 641 suorum

216 647 298 688 plene
313 645 496 690 Convaluerit
511 645 556 675 vel
570 643 796 689 Convaluerint,
940 689 943 693 .
971 689 974 693 Δ

217 683 1280 763 pigisse,&razatis3532312refrenas-{iaziesaiffa?

218 770 249 792 ut
263 765 294 791 in
299 759 431 801 fimilt'bus
442 761 474 789 de
490 760 626 789 eandum
640 763 753 804 [fiteris.
796 800 801 805 ·
936 800 940 804 .
1070 802 1073 805 ¹

252 800 288 831 Iri
309 799 388 837 cujus
401 821 412 836 ,
438 800 500 830 δερ.
519 798 604 837 usque
624 809 750 837 primum
773 799 852 831 diem
872 799 976 837 Aprilis
995 809 1128 837 proximo
1150 801 1278 832 futurum

219 838 445 914 duffagi‘iglsRege
459 874 531 913 apud
546 875 819 916 Wstmonasterium,
836 876 941 906 ostavo
958 875 1003 907 die
1020 875 1200 908 Decembris.

85 603 168 631 ¹⁸1X.

85 652 151 677 4¹9·

980 955 1033 982 Per
1045 953 1127 993 ipficm
1140 957 1243 992 Regem.

222 1032 392 1065 Confimiles
406 1033 510 1064 Literas
525 1031 613 1072 Regis
625 1033 660 1064 de
675 1033 749 1064 salvo
766 1033 920 1064 Conduftu
937 1033 1046 1064 habent
1061 1033 1204 1073 subscripti
1213 1056 1222 1073 ,
1236 1044 1283 1073 per

325 1073 400 1103 idem
415 1081 526 1109 tempus
539 1071 695 1110 duraturas,
713 1072 762 1103 sub
777 1073 876 1103 eadem
893 1072 987 1111 Data,
1005 1072 1154 1111 videlicet,

257 1152 420 1195 Alexander
441 1151 583 1193 Lyndefizy
606 1151 713 1183 Comes
736 1152 772 1183 de
794 1152 983 1192 Crawforde,
1001 1162 1069 1183 cum
1083 1154 1280 1192 Qiadraginta

255 1191 550 1272 Gegegxitsccinal'g'Dunbfzr
565 1229 655 1271 Filius
659 1229 798 1273 &Haeres
813 1229 937 1260 Comitis
952 1228 1148 1260 Marchiarum
1164 1229 1282 1267 Scotiae,

255 1267 818 1351 Heiiiri‘rclufflfflkatffiicnstaSEZZigniZt-edreae
834 1327 844 1343 ,
876 1315 944 1336 curn
969 1305 1162 1344 Quadraginta
1188 1304 1286 1335 Perso-

259 1355 423 1413 Wriiiiklmus
440 1378 581 1422 Episr‘opur
599 1379 781 1421 Glasguenfir,
800 1391 868 1412 cum
886 1381 1082 1420 Quadraginta
1096 1381 1231 1412 Personis.

259 1421 423 1466 Wiiliel7nus
437 1423 468 1451 de
481 1421 604 1459 Douglas
616 1421 652 1451 de
668 1420 871 1460 Drumlangrig
887 1443 897 1459 ,
915 1430 984 1450 cum
1004 1420 1170 1451 Duodecim
1190 1419 1288 1450 Perso-

259 1470 421 1528 Mbliii'dacus
428 1497 568 1528 Stewarde
584 1497 708 1528 Filius&
717 1496 819 1527 Haeres
834 1499 917 1525 Ducis
931 1495 1079 1534 Albaniae,
1095 1497 1127 1528 &
1141 1496 1287 1540 Joharines

295 1537 388 1567 Frater
399 1537 523 1580 ejusdem
542 1535 694 1566 Mourdaci
707 1539 794 1565 comes
811 1535 842 1564 de
857 1535 1003 1573 Bouchan,
1012 1545 1081 1566 cum
1092 1535 1286 1574 Quadraginta

257 1574 445 1642 ,(4ξῖἓῖῧὲῗώ
459 1615 548 1642 Comes
560 1612 592 1641 de
608 1611 733 1649 Douglas
749 1611 896 1642 Dominus
911 1611 1070 1643 Galwediae
1085 1612 1117 1643 &
1132 1611 1219 1643 Vallis
1227 1611 1289 1642 An-

294 1650 423 1688 nandiae,
438 1660 507 1680 cum
523 1650 714 1689 Qadraginta
730 1650 865 1680 Personis.

256 1687 424 1719 Alexander
444 1689 577 1718 Steward
594 1688 704 1720 Comes
718 1689 754 1719 de
770 1688 866 1720 Marte
881 1690 914 1721 &
929 1688 1078 1728 Gariangh
1092 1711 1103 1728 ,
1123 1699 1191 1720 cum
1208 1689 1290 1727 Qia-

292 1727 416 1767 draginta
430 1726 564 1758 Personis.

224 1853 240 1886 I
254 1864 276 1885 N
287 1865 299 1886 s
310 1864 333 1886 ‘r
347 1864 368 1887 R
386 1863 407 1885 υ
422 1863 442 1885 c
457 1864 480 1885 T
496 1862 508 1885 1
523 1863 546 1885 o
571 1853 659 1884 Data
684 1849 825 1898 Johanni
851 1853 951 1898 Seynt
967 1850 1058 1899 john
1075 1854 1181 1886 Militi
1205 1855 1287 1885 Ma-

258 1902 325 1946 jori
351 1900 530 1947 Burdigalae
547 1927 557 1942 ,
581 1898 734 1946 Magistro
745 1898 887 1947 Johanni
902 1901 1014 1934 Stokes
1030 1903 1147 1947 Legum
1166 1901 1287 1934 Dostori

266 1952 302 1986 ὠ·
316 1947 456 1996 Johanni
476 1948 560 1982 Hull
576 1950 738 1995 Armigero
756 1975 766 1990 ,
800 1946 1070 1991 Ambaffiatoribus
1089 1952 1215 1982 Domini
1231 1962 1284 1981 no-

258 1996 322 2040 stri
338 2000 425 2045 Regis
439 1995 666 2043 transeuntibus
682 1997 786 2043 versus
808 1997 933 2044 Regem
949 1996 1094 2032 Castellae
1111 2001 1143 2032 δε
1166 1998 1286 2045 Legio-

269 2057 327 2079 nis.
975 2064 977 2066 ·

71 2136 150 2170 Ann.
163 2134 207 2166 D.
263 2130 299 2165 N
322 2132 481 2166 PRIMis
495 2157 505 2173 ,
526 2128 590 2173 post
612 2129 797 2165 salutationes
820 2130 928 2166 debitas
943 2158 953 2174 ,
980 2129 1010 2165 in
1035 2135 1145 2168 meliori
1175 2134 1281 2168 Forma

104 2175 188 2214 1416.
277 2172 332 2211 qua
342 2171 400 2203 fieri
415 2173 449 2203 ὃς
464 2174 581 2211 concipi
595 2182 745 2213 poterunt,
764 2173 891 2205 excusent
904 2174 983 2205 idem
991 2174 1206 2207 Ambassiatores
1220 2176 1286 2206 Do-

71 2220 127 2245 An.
144 2226 173 2251 4.
225 2212 336 2242 minum
351 2210 478 2242 nostrum
489 2211 605 2249 Regem
626 2212 790 2243 melioribus
805 2214 838 2244 δὲ
854 2212 1060 2243 honestioribus
1074 2213 1174 2245 Verbis
1186 2215 1287 2254 quibus

71 2259 108 2282 Η.
122 2263 150 2290 5.
223 2250 343 2287 poterint
357 2258 404 2280 aut
416 2250 548 2281 sciverint
564 2272 574 2288 ,
591 2246 671 2289 quod
687 2259 745 2280 non
757 2250 918 2281 transmittit
932 2250 1068 2281 Nuncios
1084 2253 1196 2289 majoris
1214 2253 1247 2282 N
1252 2262 1285 2282 o-

71 2297 112 2321 Ex
139 2292 204 2319 Bibl.
222 2288 333 2319 bilitatis
345 2287 379 2318 ad
395 2286 530 2327 praesens,
548 2298 582 2319 ex
595 2298 632 2319 eo
649 2288 729 2326 quod
743 2287 866 2319 Domini
881 2289 915 2319 ὃς
930 2288 1080 2326 Magnates
1098 2289 1198 2321 Terrae
1213 2290 1285 2329 suae,

71 2334 131 2358 cot.
146 2332 201 2366 Vef-
219 2334 278 2357 tam
293 2327 369 2357 circa
383 2326 469 2357 Latus
487 2327 569 2357 suum
590 2329 619 2356 in
636 2326 717 2358 Bellis
736 2326 789 2357 suis
804 2349 813 2365 ,
833 2327 916 2364 quam
933 2329 1010 2358 circa
1034 2327 1178 2366 Regimen
1193 2329 1286 2360 &sal-

69 2369 123 2407 pas.
141 2373 176 2398 C.
217 2375 285 2396 vam
298 2365 465 2395 Custodiam
481 2364 581 2403 Regni
595 2364 635 2395 sui
645 2365 924 2403 Angiiae&aliorum
933 2365 1144 2398 Dominiorum
1157 2367 1288 2406 suorum,

75 2415 118 2436 ιι.
217 2403 252 2435 ad
268 2403 387 2440 praesens
400 2404 535 2441 occupati
549 2403 628 2440 sunt,

256 2442 296 2472 Et
309 2450 377 2472 tunc
393 2450 536 2480 exponant
556 2441 626 2472 dieti
647 2440 866 2472 Ambaffiatores
883 2442 1036 2473 Amicitias
1055 2445 1229 2474 continuatas
1244 2444 1289 2473 in-

218 2479 473 2549 tsetrnProggnitores
486 2479 715 2512 Metuendiffimi
727 2480 854 2511 Domini
868 2481 956 2511 nostri
972 2481 1061 2521 Regis
1078 2484 1111 2514 &
1127 2482 1219 2521 Reges
1229 2481 1288 2513 Ca-

250 2529 266 2549 e
287 2528 311 2548 ae
371 2528 398 2549 c.

256 2555 293 2587 Et
315 2541 467 2594 1⁵>raesertim
491 2555 649 2596 Alligantias
669 2558 703 2588 &
726 2555 992 2588 Confoederationes
1009 2559 1083 2588 inter
1096 2581 1105 2596 ,
1124 2559 1287 2589 recolendae

220 2594 395 2632 Memoriae,
414 2597 580 2632 Hernicum,
596 2595 740 2634 quondam
756 2599 851 2633 Regem
867 2595 1038 2634 Angliae,&
1051 2596 1200 2636 Alfonfiem
1214 2606 1284 2628 tunc

220 2633 318 2670 Regem
333 2633 454 2674 Castellae
463 2656 473 2672 ‚
490 2634 552 2664 &c.
570 2635 652 2664 initas
664 2635 698 2665 &
710 2633 846 2673 firmatas,
864 2643 897 2665 ac
911 2634 1014 2673 sigiliis
1026 2639 1197 2667 eorumdem
1214 2646 1286 2667 con·-

221 2672 351 2711 signatas,·
617 2697 624 2704 ,

261 2710 339 2748 Qiae
353 2710 468 2748 quidem
483 2710 645 2748 Alligantiae
661 2712 694 2742 &
710 2709 976 2742 Confoederationes
996 2711 1078 2742 reales
1099 2711 1159 2742 sunt
1175 2714 1208 2744 ὃς
1222 2723 1287 2750 per-

220 2756 331 2786 petuae,
347 2758 399 2787 pro
414 2749 468 2788 Se,
483 2748 653 2780 Haetedibus
666 2773 676 2788 ‚
691 2750 725 2780 &
740 2748 954 2780 successoribus
971 2750 1062 2780 utrius
1076 2760 1109 2780 ue
1117 2750 1222 2789 Partis,
1233 2752 1285 2781 iic-

222 2794 252 2816 ut
272 2796 308 2817 ex
329 2787 447 2818 Tenore
466 2787 646 2826 earumdem,
665 2790 694 2818 in
709 2788 842 2819 Archivis
856 2788 974 2826 publicis
990 2789 1061 2818 utriu
1075 2799 1128 2826 que
1141 2789 1228 2820 Partis
1244 2800 1287 2820 re-

222 2825 397 2855 manentium
410 2847 421 2863 ,
439 2825 521 2863 plane
543 2825 655 2865 liquet,
681 2828 813 2865 Quarum
834 2826 1055 2864 Transumptum
1073 2838 1083 2865 3
1102 2827 1209 2864 (Partis
1226 2830 1284 2859 viz.

221 2861 353 2894 Castellae
368 2863 378 2901 )
406 2863 478 2894 dieti
507 2863 619 2903 Alforfi
648 2867 726 2902 Regis
751 2864 854 2902 Sigillo
883 2865 981 2895 Aureo
1012 2866 1212 2902 contignatum
1240 2867 1249 2904 (
1265 2867 1285 2897 si

221 2910 293 2944 opus
311 2902 359 2939 sit)
378 2901 526 2933 ostendant
539 2902 874 2940 praefatiAmbaffiatores
891 2904 987 2934 ubi&
1006 2904 1119 2941 quando
1137 2914 1208 2943 opus
1226 2905 1286 2936 fue-

222 2948 259 2969 rit
274 2949 281 2969 ι

256 2976 367 3008 Deinde
382 3001 392 3016 ,
421 2986 561 3017 exponant
589 2978 676 3009 iidem
697 2978 914 3011 Ambaffiatores
933 2979 1051 3015 praefato
1073 2983 1138 3018 Regi
1160 2980 1284 3020 Castellae

219 3015 317 3052 quod,
326 3016 499 3048 conliderata
512 3019 545 3049 ὃς
560 3018 711 3055 ponderata
726 3017 863 3048 Realitate
875 3019 909 3048 &
924 3017 1107 3055 Perpetuitate
1120 3020 1286 3050 earumdem

220 3052 437 3089 Alligantiarum
452 3078 462 3093 ,
481 3056 540 3086 &e
561 3066 673 3086 necnon
690 3055 901 3095 Propinquitate
922 3055 1087 3095 Sanguinis,
1106 3057 1163 3094 qua
1179 3057 1287 3088 Domi-

221 3100 273 3134 nus
288 3090 383 3121 noster
397 3091 462 3122 Rex
476 3093 555 3124 dicto
568 3093 643 3134 Regi
658 3093 791 3125 Castellae
804 3116 814 3133 ,
833 3095 880 3133 qui
902 3104 979 3125 nunc
1005 3094 1046 3124 est
1059 3117 1070 3133 ,
1088 3097 1286 3135 conjungitur,

224 3129 291 3167 ipsae
303 3129 339 3159 ab
357 3139 471 3167 utraque
487 3130 567 3162 Parte
583 3132 724 3163 servandae
738 3132 840 3163 essent:

260 3167 298 3197 Et
316 3176 461 3205 propterea
476 3169 632 3208 inquirant,
650 3172 686 3201 ab
701 3171 760 3209 ipso
775 3173 844 3209 Rege
857 3169 978 3210 Castellae
994 3194 1004 3209 ,
1023 3171 1042 3202 fi
1057 3171 1123 3209 ipias
1138 3171 1285 3202 Amicitias

223 3203 269 3236 seu
287 3205 446 3274 Alggantias
460 3207 604 3238 observare
617 3209 683 3240 velit
695 3210 724 3239 in
735 3209 856 3240 Persona
870 3210 916 3241 sua
928 3233 938 3248 ,
962 3210 996 3241 ἃ,
1011 3210 1026 3240 a
1041 3209 1092 3241 suis
1107 3210 1230 3241 Subditis
1245 3211 1286 3241 fa-

224 3254 289 3275 cere
304 3254 323 3274 o
355 3253 457 3274 etvari:

258 3281 296 3313 Et
311 3305 321 3321 ,
338 3283 368 3313 in
390 3281 464 3313 Casu
489 3293 546 3321 quo
571 3282 778 3316 Difficultatem
795 3285 893 3317 fecerit
907 3309 918 3324 ,
935 3286 980 3316 vel
1001 3286 1068 3324 ipsas
1080 3287 1225 3318 observare
1242 3297 1286 3318 re-

222 3322 311 3352 nuerit
327 3344 337 3358 ,
355 3322 494 3359 requirant
516 3332 584 3352 eum
606 3322 755 3353 solenniter
769 3346 778 3361 ,
797 3333 832 3354 ex
854 3332 930 3363 parte
945 3325 1066 3355 Domini
1081 3326 1168 3356 nostri
1183 3325 1286 3364 Regis,

223 3358 304 3398 quod
320 3359 386 3397 ipsas
400 3359 530 3390 observet
544 3371 554 3398 3
571 3360 730 3392 intimando
749 3361 840 3393 eidem
855 3363 931 3400 quod
948 3373 997 3400 per
1011 3363 1102 3400 ipsum
1116 3364 1284 3395 Dominum

221 3397 352 3429 nostrum
366 3397 483 3435 Regem
499 3407 556 3427 non
573 3397 638 3436 stat,
646 3409 705 3437 quo
718 3401 810 3430 minus
824 3401 888 3437 ipsae
902 3401 1050 3432 Amicitiae
1066 3403 1099 3433 ὃς
1115 3402 1284 3442 Alligantiae,

221 3437 295 3473 iuxta
308 3446 405 3466 earum
420 3437 497 3475 vim,
515 3435 657 3474 formam,
673 3438 706 3468 &
720 3437 874 3477 effectum,
886 3439 1073 3470 observentur.

260 3474 280 3505 S
290 3484 308 3505 E
317 3485 333 3505 c
343 3483 366 3505 υ
378 3483 401 3504 Ν
412 3484 462 3505 Do
472 3497 482 3512 ,
500 3473 519 3504 si
534 3474 606 3505 forte
626 3474 750 3506 videatur
769 3476 851 3506 dietis
864 3476 1117 3509 Ambaffiatoribus
1133 3479 1213 3517 quod
1228 3480 1284 3517 ipse

221 3514 281 3549 Rex
294 3512 416 3553 castellae
428 3512 555 3551 praefatas
570 3512 732 3551 Alligantias
744 3514 891 3545 observare
905 3515 1043 3554 noluerit,
1057 3516 1198 3548 declarent
1212 3527 1286 3554 prae-

221 3551 280 3581 fato
297 3551 374 3587 Regi
389 3551 535 3589 Castellae,
553 3553 615 3583 &c.
632 3551 712 3590 quod
727 3553 862 3590 concepit
876 3552 1021 3585 Dominus
1032 3554 1118 3594 nester
1130 3559 1190 3585 Rex
1207 3557 1286 3593 quod

221 3598 307 3620 certae
322 3590 447 3629 Treugae
460 3591 532 3620 inter
544 3590 636 3628 ipsum
652 3591 685 3621 &
695 3594 790 3628 Regem
803 3588 966 3628 Portugaliae
979 3601 1069 3630 captae
1084 3594 1133 3623 sint
1147 3596 1181 3625 &
1195 3594 1287 3625 firma-

222 3636 279 3665 rae,
297 3638 348 3665 pro
362 3626 414 3666 Se,
433 3628 539 3667 Regnis
555 3651 564 3667 ,
577 3629 673 3659 Terris
687 3651 697 3666 ,
714 3630 747 3660 δε
764 3628 912 3659 Dominiis
927 3630 993 3668 suis,
1011 3631 1155 3670 Subditis,
1170 3633 1202 3663 &
1217 3633 1285 3662 Alli--

224 3667 293 3704 gatis
307 3665 446 3705 utriusque
460 3666 566 3705 Partis,
585 3668 633 3706 qui
649 3669 677 3696 in
690 3668 752 3705 ipfis
766 3669 970 3704 comprehendi
984 3670 1101 3708 vellent,
1119 3670 1286 3707 unde,ciim

226 3703 301 3733 idem
324 3703 470 3735 Dominus
491 3704 577 3773 nsokster
600 3709 660 3735 Rex
673 3704 788 3745 praefato
803 3707 867 3743 Regi
884 3706 903 3725 ⁴*
923 3707 1088 3746 Portugaliae
1100 3708 1234 3747 Alligatus
1253 3711 1288 3740 &

227 3741 444 3773 Confoederatus
457 3745 499 3774 exi
527 3753 571 3782 at,
590 3744 701 3774 videtur
715 3744 851 3774 Domino
866 3743 964 3775 nostro
981 3745 1056 3783 Regi
1071 3746 1149 3784 quod
1163 3747 1213 3777 sub
1228 3748 1288 3784 ipsis

226 3776 306 3822 Treu
328 3781 348 3810 is
361 3780 462 3812 debeat
476 3782 697 3820 comprehendi:
721 3782 777 3820 Et,
796 3783 859 3820 quia
875 3793 935 3813 non
949 3783 992 3814 est
1008 3783 1289 3815 IntentionisDomi-

230 3826 260 3847 ni
274 3789 355 3856 nrffiri
369 3821 447 3856 Regis
463 3821 528 3857 quic
550 3831 613 3851 uam
630 3831 728 3851 contra
742 3821 893 3851 Tenorem
907 3821 1046 3853 dietarurn
1057 3822 1234 3862 Treugarum
1250 3832 1289 3853 at·

231 3861 383 3893 temptare,
399 3865 443 3887 aut
463 3868 511 3895 per
544 3869 593 3889 uos
611 3860 773 3896 permittere
792 3861 948 3897 attemptari
966 3860 1051 3896 (dato
1064 3862 1144 3899 quod
1160 3862 1211 3892 sub
1228 3863 1288 3900 iplis

228 3892 351 3935 Treugis
374 3896 474 3930 poterit
496 3897 737 3935 comprehendii‚
756 3897 927 3928 denuncient
944 3898 1052 3935 praefati
1073 3899 1291 3931 Ambaffiatores

232 3930 424 3960 Intentionem
438 3932 559 3965 Domini
576 3935 660 3965 nostri
676 3934 766 3973 Regis
778 3936 805 3964 in
819 3945 848 3965 ea
865 3945 948 3973 parte.

96 3711 115 3731 ἕ
131 3710 187 3738 ῘΧ.

95 3758 161 3786 4²⁰·

274 3968 320 3998 I·r
331 3978 347 3998 E
360 3977 400 4006 M,
418 3978 550 4013 poterunt
565 3972 634 4004 dieti
656 3973 873 4004 Ambaliiatores
894 3974 1025 4005 inducere
1041 3979 1137 4013 Regem
1152 3975 1294 4016 Castellae,

233 4008 294 4038 ἃς.
313 4007 346 4036 ad
369 4009 587 4040 renunciandum
604 4033 614 4048 ,
637 4012 671 4042 &
694 4012 728 4042 ad
750 4012 957 4043 dissblvendum
983 4014 1170 4052 quascumque
1192 4016 1297 4054 Ligus,

2306 188 2384 242 187

1318 268 1385 304 Rege
1406 271 1528 298 Franciae
1549 269 1703 306 praetenso)
1724 269 1809 301 fatias
1823 293 1832 308 ,
1851 268 1871 300 fi
1888 278 1953 308 quas
1968 290 1977 308 ,
2004 278 2106 302 contra
2128 267 2274 303 Tenorem
2296 272 2381 305 dieta»,
2400 273 2470 306 Arm.
2486 273 2526 308 D,

1318 305 1401 342 Ligae
1418 306 1472 337 sive
1489 308 1634 337 Amicitiae
1651 317 1808 346 perpetuae,
1826 309 1974 339 contraxit.
2418 311 2503 353 1416.

1355 343 1428 374 ΙΤΕ
1439 346 1510 383 M,fi
1525 345 1608 375 dietis
1623 345 1722 376 nostris
1730 347 1982 377 Ambassiatoribus
1999 348 2124 378 videatur
2137 347 2191 378 esse
2206 358 2377 387 oportunum
2396 357 2460 380 Heu.
2475 364 2503 389 5.

1318 381 1351 411 &
1362 384 1509 420 expediens
1526 384 1604 420 qubd
1619 383 1704 413 dietae
1720 384 1862 414 Amicitiae
1876 407 1885 422 ,
1903 386 1962 416 &a
1981 387 2150 417 innoventur
2165 409 2174 425 ,
2191 388 2269 426 qubd
2292 397 2380 427 tunc,

1317 420 1481 465 melioribus
1495 421 1593 451 Modo
1605 443 1616 459 ,
1634 421 1689 452 Vifi
1701 444 1710 459 ,
1730 423 1763 452 &
1779 422 1884 452 Forma
1898 424 1998 463 quibus
2012 426 2153 463 poterint,
2170 436 2202 457 ea
2216 425 2318 457 faciant
2334 428 2378 456 in-

1318 467 1426 490 novari.

1356 496 1390 526 In
1406 499 1498 535 cuim,
1512 496 1573 528 &c-

1392 535 1460 567 Dat.
1480 537 1540 567 &c.
1555 536 1673 566 decimo
1691 538 1791 575 quinto
1808 535 1854 566 die
1872 536 2055 575 Decembris,
2075 537 2162 569 Anno
2172 563 2182 578 ,
2199 541 2262 571 &c.
2283 541 2378 580 Qat=

1318 579 1357 603 to.

1588 700 1637 732 De
1659 697 1849 743 Restitutione
1870 699 2102 745 stmporalium.

1325 782 1450 852 RES}
1469 782 1609 814 Escaetori
1623 784 1671 815 suo
1686 785 1716 813 in
1733 784 1922 815 Comitatibus
1936 783 2163 823 Suthamptoniae
2176 786 2208 816 ὅ(
2223 785 2380 828 Wiltesiae,
2397 769 2526 849 Αῗὲιὲλ

1358 833 1441 890 Csina]
1450 831 1606 898 quidm
1626 861 1773 891 Crukadan
1787 884 1797 900 ,
1823 860 1960 899 utriusque
1978 858 2053 899 Juris
2073 860 2205 898 Inceptor
2221 885 2230 901 ,
2248 863 2381 895 Ecclesiae
2398 852 2450 876 ’Μ’
2466 859 2495 884 4·

1323 897 1495 929 Cathedralis
1511 899 1609 929 Sarum
1625 897 1806 938 Canonicus,
1825 898 1997 930 Venerabilis
2010 899 2098 930 Patris
2111 923 2122 937 ,
2139 899 2249 930 Roberti
2263 902 2353 941 Episco
2369 907 2380 932 i

1322 939 1437 975 Sarum,
1455 938 1485 967 in
1500 938 1616 968 remotis
1629 939 1751 976 agentis,
1771 938 1896 969 Vicarius
1910 939 1938 968 in
1954 938 2146 975 Spiritualibus
2160 937 2322 979 Generalis,
2366 957 2380 963 -

1322 974 1477 1006 ledtionem
1494 999 1504 1014 ,
1521 986 1609 1013 nuper
1631 976 1735 1006 faciam
1749 978 1778 1006 in
1796 976 1922 1007 Ecciefia
1937 975 2130 1006 Conventuali
2142 973 2301 1016 Wiltome,
2323 978 2382 1009 Or-
2399 966 2512 998 ³5³⁶*

1322 1013 1396 1044 dinis
1410 1013 1507 1044 Sandii
1522 1014 1667 1045 Benedicffti
1698 1014 1798 1045 Sarum
1813 1014 1964 1052 Dioecese,
1982 1014 2034 1052 de,
2053 1015 2155 1045 &ledia
2168 1016 2252 1047 nobis
2261 1018 2289 1046 in
2298 1016 2384 1049 Chri-
2401 1009 2427 1035 7·

1323 1051 1385 1089 sto,
1401 1051 1516 1092 cristina
1533 1052 1650 1096 Deulre,
1671 1037 1795 1096 iVioniali
1808 1053 1933 1091 ejusdem
1950 1053 2086 1097 Domus,
2100 1054 2129 1083 in
2139 1053 2316 1085 Abbatiffam
2325 1055 2387 1086 Lo-

1324 1092 1351 1120 ci
1367 1091 1437 1120 illius
1451 1093 1460 1126 (
1472 1092 1518 1121 cui
1533 1101 1606 1128 prius
1621 1101 1733 1127 regium
1747 1092 1882 1122 assensum
1904 1092 2083 1122 adhibuimus
2097 1092 2129 1121 &
2144 1092 2290 1132 favorem)
2313 1104 2384 1124 con-

1324 1127 1491 1166 firmaverit,
1509 1129 1577 1159 sicut
1591 1139 1638 1168 per
1655 1129 1762 1161 Literas
1775 1130 1902 1161 Parentes
1916 1130 1999 1168 ipsius
2015 1130 2120 1161 Vicarii
2133 1152 2144 1168 ,
2163 1131 2245 1161 nobis
2260 1132 2327 1163 inde
2342 1133 2386 1163 di-

1325 1165 1430 1203 re6tas,
1449 1168 1529 1196 nobis
1543 1165 1671 1204 constat,

1361 1204 1429 1234 Nos
1447 1204 1724 1241 (Confirmationem
1740 1205 1815 1236 illam
1827 1206 2022 1245 acceptantes)
2038 1207 2130 1238 eidem
2138 1206 2246 1238 Electae
2253 1208 2387 1247 Tempo-

1323 1242 1389 1272 ralia
1404 1242 1533 1275 Abbatia:
1547 1244 1635 1280 illius,
1654 1251 1737 1280 prout
1750 1245 1833 1274 moris
1847 1245 1905 1282 est,
1921 1245 2119 1284 Restituimus3

1363 1280 1399 1310 Et
1412 1281 1480 1311 ideo
1495 1281 1566 1310 Tibi
1580 1280 1765 1319 Praecipimus
1780 1283 1854 1320 quod
1867 1284 1959 1313 eidem
1970 1283 2076 1314 Electae
2093 1285 2189 1322 (cujus
2202 1283 2385 1324 Fidelitatem,

1325 1317 1427 1348 Nobis
1438 1320 1466 1349 in
1483 1319 1536 1349 hac
1553 1328 1630 1356 parte
1644 1319 1785 1357 debitam,
1804 1330 1852 1356 per
1868 1320 2038 1358 Magistrum
2055 1321 2214 1360 Johaanem
2229 1323 2385 1353 Chaundel-

1324 1356 1381 1395 Ier,
1396 1357 1547 1387 Decanum
1562 1357 1695 1388 Ecclefiae
1711 1357 1881 1388 Cathedralis
1895 1361 1983 1390 beatae
2001 1360 2103 1390 Mariae
2111 1361 2387 1400 Sarumffiapiman-

1326 1395 1474 1429 davimus)
1495 1395 1676 1433 Temporalia
1697 1398 1847 1434 praedicia,
1865 1407 1932 1427 cum
1948 1397 2140 1436 pertinentiis,
2155 1401 2184 1429 in
2206 1400 2307 1431 Balliva
2323 1409 2387 1438 tua,

1328 1434 1444 1465 Liberes
1458 1435 1487 1463 in
1504 1433 1596 1464 forma
1611 1434 1765 1473 praediCta,
1779 1435 1852 1465 salvo
1863 1435 1930 1473 Jure
1944 1436 2099 1474 cujussibet.

1324 1511 1344 1541 b
1362 1472 1448 1516 Teste
1466 1471 1551 1510 Rege
1567 1473 1640 1511 apud
1658 1472 1932 1514 Wcstmonasterium,
1950 1474 2066 1506 decimo
2085 1475 2183 1513 quinto
2199 1476 2246 1506 die
2259 1476 2385 1508 Decem-

1346 1520 1389 1541 ris.

1327 1585 1495 1619 Confirnilia
1508 1588 1604 1619 Brevia
1617 1588 1776 1626 diriguntur
1791 1587 1986 1621 Escaetoribus
1999 1589 2155 1629 subscriptis
2164 1614 2173 1629 ,
2188 1591 2219 1621 in
2235 1589 2389 1623 Comitati-

1515 1628 1566 1658 bus
1580 1627 1753 1667 subscriptis,
1770 1627 1820 1659 sub
1835 1629 1936 1659 eadem
1946 1629 2043 1671 Data,
2062 1629 2210 1669 videlicet,

1366 1701 1506 1741 Efiaetori
1518 1707 1596 1741 Regis
1609 1708 1639 1734 in
1653 1708 1723 1734 Com.
1746 1705 1856 1744 SomersJ
1872 1704 1910 1739 ἄν
1925 1705 2011 1744 Βανῇ

1363 1741 1504 1780 Efiaetori
1517 1745 1597 1781 Regis
1608 1746 1638 1772 in
1651 1747 1723 1773 Com.
1743 1747 1853 1773 Devon.
1870 1742 1908 1779 ἐν
1923 1743 2037 1774 Cornub.

1362 1817 1400 1849 Et
1411 1815 1582 1850 Mandatum
1599 1818 1640 1849 est
1658 1817 1818 1858 Militibus,
1836 1821 1896 1852 &c.

1323 1955 1373 1988 De
1388 1950 1472 1987 moda
1492 1950 1668 1986 celebrandi
1688 1953 1790 1997 Festa,
1813 1965 1877 1988 tam
1898 1954 1978 1990 beati
1992 1956 2146 2003 Johannis
2164 1962 2199 1991 cie
2219 1961 2389 2005 Beverlaco,

1371 2013 1464 2047 quam
1481 2006 1571 2034 etiam
1581 2002 1758 2035 Sanfforum
1778 2005 1903 2051 Crispini
1924 2009 1960 2044 (ῤ-
1987 2008 2164 2053 Crispiniani
2175 2029 2183 2044 ‚
2201 2017 2318 2054 propter
2335 2013 2390 2042 W-

1369 2050 1494 2084 &oriam
1515 2050 1560 2084 ad
1580 2053 1763 2097 Agencourt.

1325 2136 1380 2195 H
1392 2141 1507 2185 Eunicus
1523 2164 1533 2177 ,
1556 2134 1741 2185 Permiffione
1763 2138 1875 2174 Divina
1890 2164 1900 2181 ³
1930 2141 2130 2187 Cantuarieqzfis
2150 2140 2364 2187 Arrhieprstqpur
2377 2167 2388 2182 2
2408 2154 2485 2187 Ann.
2500 2153 2541 2186 D,

1352 2221 1357 2226 ῃ
1372 2218 1377 2223 .
1401 2188 1486 2210 totius
1498 2178 1611 2224 Angla-e
1626 2179 1754 2224 Primas,
1770 2181 1805 2211 &
1822 2180 2001 2225 ‚Apostolicae
2022 2181 2102 2227 Sedis
2122 2181 2242 2227 Legatus
2257 2203 2267 2218 ,
2283 2182 2388 2229 ddedto
2427 2195 2513 2233 1416-

1325 2219 1349 2250 F
1350 2220 1417 2255 ilio,
1436 2216 1611 2248 Venerabilis
1627 2218 1729 2250 Fratris
1742 2219 1844 2258 nostri,
1862 2222 1896 2250 R.
1914 2219 1972 2250 Dei
1987 2218 2295 2263 gratia,.Londomens1'5
2318 2222 2388 2259 Ept-
2409 2238 2458 2263 Aa,
2476 2244 2504 2269 4·

1316 2257 1407 2298 fiopi,
1424 2255 1484 2293 ipso
1505 2256 1534 2284 in
1556 2256 1689 2286 Remotis
1711 2265 1834 2296 agente,
1855 2258 1971 2289 Vicario
1983 2260 2014 2289 in
2029 2258 2221 2295 spiritualibus
2237 2259 2387 2298 Generali,
2405 2276 2441 2300 H·
2457 2281 2485 2308 5·

1324 2297 1463 2332 Salutem,
1482 2293 1629 2332 Gratiam,
1645 2294 1679 2324 &
1693 2294 1934 2326 Benedictionem.
2411 2314 2452 2338 Ex
2469 2315 2515 2338 Re-

1363 2332 1529 2373 Anglicanae
1544 2333 1679 2363 Ecclesiae
1700 2333 1710 2369 (
1718 2334 1795 2370 cuius
1811 2334 1921 2365 Laudes
1935 2333 1969 2365 ὃς
1983 2333 2152 2373 Praeconia,
2168 2335 2196 2365 in
2211 2334 2390 2367 Dei&San—
2410 2349 2469 2385 gistr

1328 2373 1442 2404 &corum
1456 2371 1568 2401 suorum
1583 2370 1687 2402 devota
1702 2371 1907 2410 Veneratione,
1925 2382 1983 2410 prae
1997 2380 2164 2403 caeterarum
2174 2373 2341 2411 Regionum
2359 2376 2392 2407 ὃς
2416 2389 2448 2416 Cl
2458 2371 2526 2425 ffml

1325 2410 1542 2442 Provinciarum
1558 2407 1704 2447 Ecclesiis,
1721 2409 1812 2441 Orbis
1828 2411 1928 2442 attollit
1942 2412 2102 2446 universus)
2119 2410 2202 2442 Sacra
2217 2421 2394 2450 promeretur
2412 2399 2491 2464 Episc-
2532 2410 2542 2424 ³

1325 2448 1472 2485 honestas,
1490 2455 1519 2478 ut
1533 2447 1656 2484 ipsorum
1672 2448 1818 2479 Laudibus
1830 2449 1930 2480 eadem
1944 2449 2068 2481 Ecclesia
2084 2450 2174 2487 magis
2186 2452 2335 2490 exuberet,
2343 2452 2390 2490 jo-
2413 2466 2521 2494 βώλου,

1324 2488 1474 2525 cundaque
1492 2485 1657 2516 Devotione
1681 2488 1846 2523 gaudentius
1867 2489 1970 2519 exultet
1984 2512 1993 2526 ,
2018 2497 2141 2528 quorum
2171 2487 2338 2520 Patrocinio
2357 2491 2391 2521 &
2408 2505 2461 2544 f⁰l·
2482 2514 2525 2531 ,ὼ

1327 2525 1535 2557 Miraculorum
1557 2522 1660 2555 Gratia
1672 2524 1698 2555 se
1711 2525 1838 2557 reflorere
1850 2525 1961 2558 laetatur
1974 2549 1983 2564 ,
2000 2535 2033 2556 ac
2053 2535 2174 2565 quorum
2190 2527 2241 2564 piis
2254 2527 2391 2559 Interces—
2483 2531 2488 2539 ¹

1325 2565 1463 2600 sionibus,
1482 2563 1588 2593 nedum
1603 2562 1683 2600 ipfius
1697 2562 1832 2596 Ecclesiae
1846 2586 1856 2603 ,
1875 2565 1920 2596 sed
1934 2566 1968 2597 δε
1986 2567 2070 2596 totius
2086 2563 2185 2603 Regni
2200 2565 2369 2603 Respublica
2379 2591 2389 2606 ,

1325 2613 1395 2633 cum
1411 2602 1493 2632 Pacis
1507 2602 1540 2632 δε
1556 2600 1671 2640 Quietis
1692 2603 1820 2633 interiori
1842 2603 1992 2634 dulcedine
2006 2626 2016 2642 ,
2033 2602 2228 2641 Hostiumque
2247 2604 2367 2642 ipsarum
2383 2629 2395 2645 ,

1324 2642 1446 2672 exterius
1462 2639 1691 2678 impugnantium
1706 2663 1715 2678 ,
1734 2641 1830 2679 optata
1846 2641 1974 2674 Victoria
1988 2665 1998 2680 ,
2014 2652 2063 2680 per
2071 2640 2160 2680 justos
2175 2642 2312 2674 Rediores
2324 2643 2394 2674 stre-

1325 2682 1380 2710 nue
1394 2678 1556 2710 defensatur*

1359 2717 1456 2756 Hujus
1475 2715 1610 2754 liquidem
1631 2716 1822 2754 opitulaminis
1836 2717 1968 2749 Gratiam
1985 2718 2031 2750 etfi
2053 2718 2133 2750 Deus
2147 2719 2242 2751 eidem
2256 2719 2391 2752 Eccieiiae

1323 2756 1395 2794 suae,
1413 2755 1547 2796 ipsiusque
1569 2755 1667 2793 Regni
1691 2755 1806 2793 Angiiae
1820 2755 1926 2787 Incolis
1941 2780 1950 2796 ,
1966 2768 2015 2795 per
2028 2757 2202 2788 diverlorum
2218 2759 2389 2790 Sanctorum

1324 2794 1431 2825 Merita
1447 2794 1569 2831 (quibus
1582 2793 1705 2831 undique
1719 2794 1836 2833 gloriosa
1852 2795 1988 2833 reiulget)
2009 2795 2107 2834 saepius
2122 2795 2270 2827 ostendere
2289 2798 2387 2828 deci-e-

1322 2835 1394 2864 verit
1408 2856 1417 2871 ,
1436 2832 1506 2872 ipsos
1519 2841 1612 2863 tamen
1625 2854 1635 2869 ,
1653 2833 1806 2863 noviffimis
1818 2833 1871 2864 hiis
1886 2834 1983 2864 diebus
1997 2856 2007 2871 ,
2025 2836 2040 2849 ⁸*
2060 2834 2188 2865 Almifici
2209 2835 2386 2866 Confelsoris

1323 2873 1356 2904 &
1371 2870 1519 2902 Pontificis
1541 2870 1580 2900 sui
1594 2892 1603 2906 ,
1621 2869 1772 2901 Beatissimi
1794 2870 1937 2909 Johanm'r
1957 2872 1990 2901 de
2012 2873 2162 2903 Beverlaco
2180 2874 2227 2912 (ut
2249 2876 2383 2905 veraciter

1324 2909 1511 2944 confidimus)
1531 2908 1673 2946 Suffragio
1696 2909 1830 2948 speciali,
1855 2910 2010 2941 Ecclesiam
2030 2912 2198 2949 praedictam
2212 2935 2223 2951 ,
2243 2913 2296 2943 una
2319 2923 2387 2944 cum

1324 2948 1444 2986 praefatis
1462 2947 1558 2987 Regni
1574 2947 1740 2978 Proceribus
1756 2970 1765 2986 ,
1785 2947 1889 2979 Incolis
1905 2971 1914 2986 ,
1933 2950 1966 2979 &c
1985 2948 2125 2980 Membris
2140 2951 2287 2989 universis,
2307 2953 2387 2983 mira-

1325 2987 1445 3017 cuiosnis
1457 2985 1586 3022 dignatus
1601 2985 1641 3016 est
1655 2986 1687 3016 &
1696 2987 1838 3017 evidenter
1847 2987 1992 3024 specialius
2003 2988 2156 3026 consolari,

1362 3026 1393 3054 O
1408 3034 1474 3055 nem
1496 3034 1511 3053 e
1531 3023 1697 3054 Consolatio
1719 3023 1865 3055 ineffabilis
1882 3047 1892 3064 ,
1909 3026 2010 3056 nostris
2025 3028 2181 3065 praelertim
2197 3028 2389 3067 temporibus,

1324 3065 1460 3103 omnique
1511 3072 1550 3092 vo
1559 3060 1698 3100 jocunda,
1714 3072 1747 3093 ac
1763 3062 1872 3100 semper
1888 3065 2040 3094 memoriae
2054 3065 2211 3096 revocanda
2224 3088 2234 3103 ,
2252 3066 2390 3097 Christia-

1325 3101 1432 3131 nisfimi
1453 3100 1621 3139 (videlicet)
1640 3098 1778 3138 Principis
1791 3101 1897 3140 nostri,
1915 3104 2029 3131 Henrici
2043 3106 2121 3141 Regis
2136 3103 2250 3141 Angliae
2266 3105 2388 3142 Quinti,

1325 3142 1359 3170 δε
1373 3138 1413 3169 sui
1428 3137 1574 3169 Exercitus
1590 3147 1600 3168 1
1611 3146 1633 3168 N
1653 3137 1674 3168 B
1686 3147 1703 3168 Ε
1714 3147 1734 3168 L
1744 3148 1764 3169 L
1775 3150 1796 3170 o
1817 3140 1907 3170 D’AG
1918 3150 1936 3170 Y
1947 3149 2051 3171 ncou
2064 3151 2085 3172 R
2095 3151 2133 3178 T,
2151 3152 2240 3181 nuper
2255 3143 2283 3171 in
2299 3146 2386 3179 parti-

1324 3179 1373 3208 bus
1398 3178 1542 3217 Pycardiae
1563 3177 1720 3207 commisso
1735 3200 1744 3215 ,
1763 3178 1992 3210 GRATiosA
2013 3179 2248 3210 VicToRiA!
2269 3191 2333 3217 que
2353 3183 2383 3211 in

1323 3214 1407 3246 Festo
1430 3215 1634 3246 Transsationis
1656 3215 1726 3245 dicti
1747 3216 1843 3247 Sancii
1856 3240 1866 3255 ,
1884 3217 1918 3247 ad
1942 3217 2053 3247 laudem
2074 3218 2164 3248 divini
2180 3219 2337 3257 Nominis,
2353 3222 2386 3251 ὃς

1323 3252 1420 3291 Regni
1437 3254 1548 3291 Angliae
1562 3253 1718 3284 Honorem
1734 3277 1743 3291 ,
1761 3264 1795 3285 ex
1810 3255 1945 3287 immensa
1961 3255 2017 3286 Dei
2030 3255 2245 3295 Misericordia,
2264 3258 2390 3296 Anglicz'r

1321 3304 1336 3322 e
1372 3296 1454 3322 Conce
1476 3304 1503 3322 a.

1328 3292 1394 3361 stln
1409 3292 1618 3378 qugsfiquidem
1632 3328 1836 3362 Transsationis
1844 3330 1940 3372 Festo,
1957 3332 2026 3364 dum
2039 3332 2112 3365 inter
2120 3330 2392 3366 Nostrates&Gal-

1322 3369 1393 3400 licos
1408 3369 1587 3406 Lonfliitus,
1604 3369 1639 3399 de
1655 3379 1711 3406 quo
1727 3370 1920 3410 praemittitur,
1938 3373 2176 3410 haberetur,ficut
2191 3372 2225 3403 ad
2244 3373 2386 3404 Nostrum

1322 3418 1355 3438 ac
1371 3407 1557 3438 Confratrum
1580 3407 1743 3438 nostrorum
1766 3409 1894 3440 auditum
1908 3433 1917 3449 ,
1938 3411 1967 3440 in
1983 3411 2081 3441 ultima
2097 3410 2317 3442 Convocatione
2331 3422 2385 3441 no-

1322 3446 1393 3484 stra,
1412 3446 1652 3484 quamplurimum
1668 3468 1677 3483 ,
1697 3446 1729 3476 &
1745 3447 1897 3485 praesertim
1916 3448 2076 3480 Incolarum
2091 3449 2177 3480 dietce
2193 3448 2294 3479 Patriae
2311 3470 2320 3486 ,
2337 3449 2388 3480 de-

1321 3485 1437 3514 duxerat
1452 3494 1532 3514 verax
1547 3484 1651 3521 Fama,
1667 3484 1702 3513 de
1718 3485 1800 3522 ipsius
1818 3486 1935 3517 Tumba
1949 3487 2057 3518 sacrum
2093 3487 2253 3519 stillantibus
2272 3487 2388 3526 Gutus,

1320 3522 1477 3553 admodum
1491 3522 1607 3552 Sudoris
1623 3523 1761 3553 emanavit
1778 3522 1884 3555 Oleum
1894 3536 1904 3562 ¹,
1916 3525 2022 3556 divinae
2039 3511 2226 3557 Niiserationis
2241 3534 2307 3562 erga
2320 3524 2385 3555 Pie-

1320 3562 1388 3590 bem
1402 3561 1496 3598 suam,
1514 3571 1573 3590 non
1589 3560 1709 3590 dubium
1724 3561 1831 3599 praefati
1847 3563 2018 3594 Sanctiffimi
2034 3564 2097 3597 Viri
2112 3563 2225 3595 Meritis
2241 3585 2251 3600 ‚
2271 3562 2386 3595 ostenti-

1321 3606 1401 3629 vum.

1359 3637 1382 3665 V
1386 3637 1492 3666 olentes
1507 3638 1608 3674 igitur,
1628 3636 1656 3667 in
1674 3636 1766 3668 nostra
1782 3636 1950 3679 Provincia,
1966 3640 2055 3671 divini
2072 3638 2174 3671 Cultus
2184 3640 2387 3679 Augmentum‚

1321 3676 1354 3706 ὃ(
1369 3675 1518 3712 specialiter
1534 3676 1566 3705 ad
1589 3677 1656 3705 tanti
1680 3675 1796 3706 Patroni
1811 3677 1999 3709 celebriorem
2014 3679 2100 3709 laudis
2119 3678 2323 3716 extollentiam,
2341 3679 2385 3708 di-

1321 3714 1421 3750 latare,
1439 3713 1473 3742 de
1495 3713 1624 3743 Fratrum
1645 3714 1803 3745 nostrorum
1823 3717 1856 3746 ὃς
1879 3716 1980 3755 Cleri,
1999 3718 2026 3745 in
2048 3717 2145 3746 eadem
2163 3715 2384 3748 Convocatione

1322 3751 1515 3789 praesentium,
1537 3751 1750 3789 Voluntatibus,
1768 3753 1913 3790 Conlilio,
1934 3755 1967 3785 ὃς
1983 3754 2116 3791 Assensu,
2134 3756 2167 3786 ὃ(
2182 3753 2384 3786 nichilominus

1321 3789 1355 3819 ad
1372 3790 1441 3819 diffi
1456 3788 1682 3820 Christianiffimi
1700 3790 1836 3829 Principis
1858 3792 1944 3822 nostri
1966 3793 2123 3822 instantiam
2138 3793 2302 3832 specialem,
2322 3804 2384 3825 me-

1322 3830 1424 3857 morati
1443 3828 1616 3858 confessoris
1637 3829 1805 3859 Sanctiffimi
1837 3829 2015 3860 Memoriam
2030 3852 2039 3866 ,
2064 3831 2165 3868 ubique
2186 3841 2233 3867 per
2256 3831 2384 3862 nostram

1323 3865 1505 3933 Proivinciam
1520 3867 1703 3905 praedidtam,
1722 3870 1823 3898 votivis
1838 3867 1871 3898 δε
1884 3869 1991 3898 devotis
2006 3867 2153 3899 affeffibus
2167 3870 2298 3900 duximus
2312 3871 2386 3901 exal·

1321 3913 1366 3934 tan
1388 3914 1448 3933 am·
2431 3916 2464 3941 ,ν

1361 3928 1514 3973 Statuentes
1528 3943 1579 3981 &,
1597 3942 1633 3973 de
1648 3942 1849 3981 praedictorum
1865 3941 1993 3973 Fratrum
2008 3942 2168 3975 nostrorum
2178 3955 2211 3977 ac
2220 3944 2297 3978 Cleri
2307 3945 2391 3978 Cone
2425 3945 2432 3952 '

1328 3979 1387 4009 silio
1401 3982 1445 4010 &s
1456 3981 1583 4019 Aissensu,
1599 3991 1651 4019 pro
1664 3982 1763 4011 futuris
1777 3989 1912 4017 perpetuis
1927 3983 2118 4021 temporibus,
2128 3983 2297 4016 Ordinantes
2312 3986 2388 4025 quod

1330 4007 1653 4056 Festumeepositionis
1669 4020 1737 4049 dit‘ti
1753 4020 1848 4048 Sancti
1869 4020 1964 4056 (quod
1978 4021 2098 4057 septimo
2114 4023 2159 4051 die
2173 4022 2247 4054 Maii
2263 4047 2271 4062 ‚
2293 4024 2391 4054 virieli⁴

2426 2801 2508 2853 ux}

2433 2873 2500 2900 421.

235 4055 304 4076 cum
327 4043 455 4075 Inimicis
474 4049 583 4078 Domini
602 4049 685 4089 nostri
706 4054 782 4089 Regis
805 4050 1016 4090 quibuscunque
1034 4053 1088 4092 (δε
1110 4054 1206 4086 saitem
1227 4064 1297 4086 cum
1331 4065 1378 4088 cet
1391 4078 1402 4094 ,
1419 4057 1449 4086 in
1463 4057 1592 4088 Crastino
1607 4057 1703 4088 Sancti
1713 4056 1848 4095 johannis
1863 4066 1926 4088 ante
1940 4057 2056 4090 Portam
2080 4059 2211 4091 Latinam
2226 4063 2392 4099 contingere

229 4086 382 4127 -T‘W-W·
393 4085 474 4114 RH.

1763 4097 1809 4125 Aa
1828 4104 1845 4124 2
2268 4100 2391 4133 dinosci-
