2562 4274
814 200 922 241 ET
1011 198 1273 239 ACTA

64 292 140 324 Anu.
155 289 197 319 D·

92 337 175 369 1424·
405 365 409 367 i

65 374 126 397 Heu.
143 367 171 394 6·
216 396 370 446 Obligatio
391 395 507 444 Jacobi
530 400 617 444 Regis
639 400 794 430 Scotorum
825 395 861 429 de
892 397 1116 445 Quadraginta
1141 393 1273 428 Milibus

653 444 831 479 Librarum.

63 530 115 554 Ari.
132 535 158 555 2.

66 569 101 591 H.
120 568 148 591 ⁶.

66 607 103 629 Ex
119 605 176 629 Au-

63 646 127 677 Sug!-

212 531 375 598 JAcobus,
393 530 451 562 Dei
465 529 566 570 gratia,
584 533 717 561 Scotorum
730 532 806 569 Rex,
826 530 986 569 Omnibus,
1008 530 1041 561 ad
1058 540 1130 569 quos
1150 528 1271 568 praesen-

268 579 308 600 tes
325 571 440 601 Litterae
452 571 644 607 pervenerint,
664 568 796 598 Salutem.

251 609 351 639 Sciatis
368 608 449 647 quod
464 608 549 645 Nos,
566 607 687 646 Jacobus
707 610 766 637 Rex
788 610 922 637 Scotorum
943 608 1108 647 praedatus,
1123 607 1269 637 Tenemur

215 644 248 676 &
263 647 380 678 firmiter
394 646 520 685 Obligati
536 645 647 683 sumus,
665 645 846 676 Sereniffitno
861 645 1003 686 Principi,
1022 646 1155 676 Domino
1167 649 1272 676 Henri-

213 696 242 716 co
253 690 318 725 Regi
337 684 450 723 Angliae
462 687 490 714 in
506 684 703 723 Quadraginta
723 683 834 713 Milibus
849 684 1014 723 Librarum,
1035 684 1143 724 Legalis
1164 684 1270 714 Mone-

214 732 252 755 tae
267 725 403 763 Angliae,
423 723 568 753 Solvendis
583 723 674 753 eidem
686 722 819 753 Domino
831 724 947 753 Henrico
957 726 1038 761 Regi,
1053 723 1186 761 ipsiusque
1197 724 1270 754 Hae-

213 763 326 794 redibus
347 762 381 793 &
402 760 634 799 Succefforibus,
651 762 709 800 ejus
732 770 777 790 aut
792 771 890 790 eorum
906 771 986 792 certo
1004 761 1125 792 Nuncio
1147 762 1193 793 seu
1208 761 1271 793 De-

214 809 314 841 putato
326 801 354 831 in
369 800 492 830 Ecclelia
506 800 600 830 Saneti
617 800 697 830 Pauli
711 799 871 829 Londoniae
887 801 915 829 in
933 800 1047 839 Anglia,
1067 800 1216 839 videlicet,

250 841 349 869 Decem
370 838 483 868 Milibus
509 841 670 868 Man-arum
696 838 765 868 infra
791 837 845 868 Sex
871 837 1003 875 Menses,
1029 839 1236 875 computandos
1254 849 1270 869 a

211 877 311 908 Primo
323 877 369 908 die
384 878 468 916 primi
481 875 623 916 Ingressus
637 875 725 906 nostri
739 877 768 906 in
783 875 923 913 Regnum
937 877 1068 906 nostrum
1087 877 1209 915 Scotiae,
1226 878 1271 908 vel

211 927 228 946 a
243 915 343 947 Primo
357 915 402 945 die
417 925 475 953 quo
497 925 546 952 per
568 915 635 946 Nos
658 914 760 945 steterit
784 924 842 952 quo
863 915 957 944 minus
975 915 1161 954 ingrediamur
1182 916 1270 955 ipsum

213 954 262 986 Re
282 962 352 985 num
365 954 509 991 nostrum,

253 964 307 1031 ἔτ,
325 993 452 1032 quolibet
465 993 570 1027 Anno,
585 999 688 1021 extunc
703 990 851 1028 sequente,
871 991 1032 1029 incipiendo
1048 991 1166 1023 Annum
1188 1002 1203 1022 a
1217 991 1272 1023 fine

213 1032 310 1069 Anni,
327 1031 513 1070 computandi
528 1039 542 1059 a
556 1029 655 1059 Primo
671 1029 716 1060 die
731 1028 869 1067 ingressus
884 1030 970 1060 nostri
989 1031 1114 1068 praediffi
1125 1054 1134 1068 ,
1152 1039 1199 1062 aut
1214 1042 1272 1069 quo

212 1071 367 1110 poterimus
379 1068 506 1107 ingredi,
523 1067 594 1097 infra
607 1067 661 1098 Sex
678 1067 805 1105 Menses,
823 1078 838 1098 a
862 1067 1008 1105 Principio
1029 1069 1175 1107 cujussibet
1191 1069 1271 1100 Anni

213 1106 437 1146 computandos,
459 1108 488 1137 in
505 1106 627 1138 Ecclesia
648 1106 743 1137 Sanffi
765 1106 843 1137 Pauli
866 1107 1017 1146 praedicta,
1037 1110 1134 1137 Decem
1155 1107 1272 1138 Milibui·

213 1150 395 1184 Marcarum,
413 1145 557 1184 quousque
577 1145 654 1175 dieta
672 1145 871 1186 Qadraginta
893 1145 978 1175 Milia
998 1146 1147 1177 Librarum
1169 1147 1273 1177 fuerint

211 1186 336 1225 plenarie
348 1186 382 1216 &
398 1186 507 1223 integre
521 1184 670 1223 persoluta,

254 1224 301 1255 Ad
317 1233 403 1263 quam
420 1223 534 1262 quidem
551 1222 748 1260 Solutionem,
766 1221 850 1252 dietis
874 1221 985 1254 Diebus
1006 1223 1062 1254 five
1077 1222 1221 1253 Terminis
1239 1223 1273 1254 &

216 1261 322 1301 Loco,
343 1263 414 1292 bene
436 1263 470 1293 δε
491 1261 626 1299 fideliter,
646 1269 675 1291 ut
699 1261 875 1299 praedicitur,
898 1261 1073 1299 faciendam,
1101 1261 1274 1299 obligamus

215 1301 305 1339 Nos,
321 1311 355 1331 ac
362 1299 516 1338 Haeredes,
533 1299 750 1331 &Succeslores
763 1299 892 1337 nostros,
911 1300 1007 1337 Reges
1022 1300 1177 1331 Scotorum
1189 1300 1273 1338 quos-

215 1349 347 1378 cunque,
364 1348 397 1369 ac
411 1339 509 1369 omnia
525 1338 603 1369 Bona
625 1337 737 1374 nostra,
754 1339 869 1368 mobilia
883 1338 915 1369 &
938 1338 1113 1377 immobilia,
1132 1339 1275 1376 praesentia

217 1379 252 1409 ὃς
269 1378 377 1415 futura,
394 1378 559 1414 ubicunque
574 1377 703 1408 locorum
720 1378 753 1408 &
769 1385 904 1407 terrarum
919 1385 1041 1415 reperta,

252 1416 394 1454 Nosque,
409 1425 443 1446 ac
456 1416 548 1446 dictos
563 1414 716 1453 Haeredes,
736 1415 769 1445 &
783 1414 959 1446 Successores
977 1415 1086 1445 nostros
1106 1415 1275 1454 praedictos,

214 1463 299 1492 atque
314 1454 393 1485 Bona
406 1454 501 1484 nosti-a
517 1454 649 1492 praediea
684 1454 712 1483 in
728 1453 780 1484 hac
793 1462 883 1492 parte,
900 1453 1100 1484 Submittimus
1111 1454 1226 1492 Juribus
1240 1456 1273 1485 &

213 1492 579 1530 CohercionibuS,Ritibus
593 1492 625 1522 &
641 1476 890 1529 Oompulsionibus
900 1492 1026 1530 ,Statutis
1038 1493 1070 1522 &
1086 1491 1275 1523 Consuetudi-

215 1533 315 1567 nibus,
331 1542 364 1562 ac
382 1531 469 1562 Mero
481 1532 613 1562 Examini
629 1531 725 1560 Curiae
739 1530 868 1561 Camerae
882 1534 992 1560 Domini
1003 1530 1084 1568 nostri
1100 1533 1198 1568 Papae,
1217 1532 1272 1561 sui-

214 1580 271 1608 que
292 1570 486 1609 Auditorum,
511 1569 764 1608 Viceauditorum,
790 1578 1011 1606 caeterarumque
1032 1569 1148 1599 aliarum
1172 1568 1272 1600 Curia-

214 1619 296 1646 rum,
316 1611 375 1640 tem
389 1608 662 1644 Eccleliasticarum,
682 1610 768 1645 qu'am
790 1608 979 1643 Secularium,
998 1606 1115 1637 ubilibet
1134 1608 1273 1638 constitu-

214 1654 324 1684 tarum,
342 1648 376 1678 &
391 1647 539 1683 cujussibet
559 1646 738 1683 earumdem,
756 1646 785 1674 in
803 1655 857 1685 qua
872 1645 917 1675 seu
937 1645 1036 1684 quibus
1056 1645 1200 1682 praesentes
1221 1656 1275 1676 no-

214 1685 279 1716 strae
296 1685 400 1716 Literae
413 1685 622 1722 Obligatoriae,
639 1693 686 1714 aut
698 1692 796 1714 carum
811 1693 911 1713 verum
927 1685 959 1715 ὅ(
973 1684 1164 1715 auctenticum
1179 1685 1273 1715 Tran-

214 1724 359 1761 sumptum
374 1723 483 1754 ostendi
496 1722 646 1762 contigerit
659 1722 705 1752 seu
718 1721 855 1760 produci,

256 1762 466 1793 Renunciantes
477 1761 567 1798 palfim
583 1763 616 1793 &
632 1761 756 1798 expresse
766 1761 845 1790 omni
867 1761 900 1791 &
915 1760 1116 1799 cuilibetJuri,
1135 1762 1191 1791 tam
1214 1760 1272 1792 Ca-

217 1802 351 1839 nonico,
377 1801 461 1838 quem
481 1799 585 1836 Civili,
614 1798 726 1829 Divino
749 1799 782 1828 &
804 1799 946 1836 humano,
964 1799 1076 1837 Scripto
1100 1800 1145 1829 vel
1168 1799 1187 1818 *²
1212 1810 1272 1830 non

218 1839 351 1877 Scripto,
369 1838 464 1868 Novo
476 1838 510 1868 δε
525 1837 638 1875 Veteri,
658 1836 790 1867 Generali
804 1838 836 1868 &
849 1837 976 1874 speciali,
993 1837 1076 1868 Edito
1084 1839 1128 1868 vel
1143 1837 1273 1876 Edendo,

217 1877 409 1914 Promulgato
426 1876 470 1905 vel
494 1875 725 1914 Promulgando,
744 1875 856 1906 Statutis
876 1876 909 1906 &
931 1875 1190 1907 Consuetudinibus
1212 1878 1274 1914 qui-

216 1915 380 1953 buscunque
388 1937 398 1953 ,
417 1914 662 1952 Exceptionidoli
674 1913 739 1943 mali
754 1914 787 1944 ὃς
806 1913 915 1952 metus,
931 1925 963 1944 ac
978 1924 1038 1945 non
1054 1924 1209 1945 numeratae
1218 1915 1273 1945 Pe-

215 1954 327 1990 cuniae,
346 1955 375 1983 in
390 1953 507 1983 Fadium
530 1953 664 1990 Auloni,
682 1951 871 1982 Condietioni
895 1952 1014 1983 indebiti
1037 1953 1094 1984 sine
1114 1955 1210 1991 causti,
1228 1954 1274 1985 vel

214 2002 250 2022 ex
267 1992 381 2029 injusta,
400 1992 554 2031 Privilegio
570 1991 653 2028 Fori,
672 1991 810 2029 Feriisque
827 1990 963 2021 Messium
987 1993 1021 2023 ὃ(
1041 1991 1275 2030 Vindemiarum,

216 2032 332 2062 Litteris
346 2031 379 2061 &
393 2029 547 2070 Rescriptis
562 2030 725 2067 Papalibus,
739 2030 800 2068 jam
814 2029 953 2060 conceffis
968 2030 1011 2059 vel
1034 2030 1063 2059 iu
1078 2039 1157 2061 antea
1170 2040 1276 2062 conce-

214 2070 327 2107 dendis,
345 2070 496 2106 impetratis
511 2069 555 2099 vel
571 2067 764 2106 impetrandis,
784 2068 818 2098 ὃς
836 2068 1000 2104 generaliter
1012 2069 1146 2100 omnibus
1166 2069 1222 2099 aliis
1241 2070 1274 2100 δί

215 2108 328 2147 iingulis
344 2107 472 2147 Juribus,
490 2108 523 2138 ὃς
550 2106 710 2143 Beneficiis,
737 2107 769 2137 &
792 2105 1009 2137 Defenlionibus
1033 2108 1276 2146 quibuscumque,

214 2155 264 2185 per
277 2157 342 2184 quae
366 2147 410 2176 seu
430 2145 506 2184 quod
529 2154 628 2176 contra
652 2145 798 2183 praesentes
822 2144 927 2175 nostras
952 2145 1070 2176 Litteras
1085 2145 1277 2185 Obligatorias

214 2186 313 2217 venire
327 2184 483 2224 possemus,
502 2183 547 2215 seu
561 2182 658 2214 Modo
672 2184 765 2223 aliquo
782 2182 849 2213 Nos
862 2182 968 2221 Juvare
977 2207 986 2222 ,

252 2223 287 2254 In
307 2233 431 2262 quorum
451 2223 585 2253 omnium
609 2222 643 2253 &
664 2222 839 2259 fingulorum
859 2222 1055 2253 testimonium
1074 2222 1202 2263 Sigillum
1222 2233 1277 2254 no-

215 2260 306 2294 strum
323 2262 506 2293 Praesentibus
520 2262 626 2299 apponi
640 2261 768 2291 fecimus.

251 2300 320 2332 Dat.
338 2301 390 2331 sub
413 2300 513 2340 Sigillo
534 2299 633 2330 nostro
657 2299 791 2337 Secreto,
806 2299 952 2330 Vicesimo
977 2299 1083 2330 ottavo
1103 2299 1148 2331 die
1169 2299 1277 2330 Menfis

216 2337 334 2378 Martii,
351 2339 439 2369 Anno
460 2338 583 2369 Domini
604 2337 778 2376 Millelimo,
804 2337 1111 2378 Qadringentesimo,
1130 2338 1276 2370 Vicesimo

217 2386 336 2418 quarto,
350 2379 383 2410 δι
399 2377 495 2417 Regni
508 2376 600 2408 nostri
614 2376 739 2408 Decimo
753 2376 868 2407 octavo.

62 1811 200 1845 '*X.327.

398 2454 453 2486 Sub
469 2453 560 2493 Sigillo
576 2453 674 2494 rubeo,
686 2454 819 2494 pendente
836 2466 855 2484 a
872 2454 968 2484 eauda‘
993 2456 1170 2494 Pergamenae.

219 2616 406 2660 tridentum,
425 2614 486 2662 sub
503 2616 615 2663 ficreto
640 2616 743 2663 sigillo
767 2613 882 2662 Jacobi
906 2618 993 2662 Regis
1014 2619 1169 2649 Scotorum
1187 2617 1277 2662 fabia

265 2671 296 2700 in
321 2666 454 2712 Anglia,
468 2665 564 2711 super
584 2665 760 2698 Traditione
783 2663 944 2708 Obfidum,
968 2662 1216 2712 Obligationum,
1239 2670 1276 2704 &-

264 2714 450 2760 Juramentt'
469 2714 523 2760 fiii
541 2713 731 2760 praestatione.

74 2811 147 2841 Asin.
159 2810 200 2843 D.

90 2859 175 2889 ¹424-

69 2893 123 2916 ΛΜ.
139 2899 165 2916 2.

69 2932 103 2954 H.
121 2930 147 2955 6.

70 2970 108 2992 Eo:
126 2969 184 2993 Au-

65 3010 133 3041 togr.

218 2807 360 2867 HAEC
376 2809 666 2848 INDENTURA,

315 2847 338 2877 F
346 2858 365 2877 A
374 2855 423 2877 ετ
433 2858 453 2878 A
473 2849 543 2879 inter
557 2847 769 2880 Sereniffimum
786 2848 951 2885 Principem
965 2847 1101 2886 Jacobum
1114 2850 1209 2885 Regem
1217 2851 1278 2879 Sco-

219 2893 307 2916 torum
321 2895 355 2917 ex
369 2885 453 2916 Parte
467 2886 538 2924 unzi,
556 2887 590 2917 ὃς
600 2909 609 2923 ,
625 2885 804 2917 Venerabiles
820 2888 848 2916 in
863 2885 982 2917 Christo
994 2886 1102 2925 Patres,
1117 2886 1276 2925 Johannem

220 2925 449 2963 Londonienfi’m,
474 2923 512 2958 ῤ’
534 2923 662 2953 Thomam
686 2924 910 2963 Dunelmense'm,
929 2924 1106 2965 Episcopos,
1129 2927 1276 2955 Henricum

220 2963 444 3001 Nerthumbriae,
466 2964 499 2994 ὃς
517 2961 686 3030 Καιίιιῆὢῖπιηι
710 2962 956 3001 W'eslmerlandiae,
971 2962 1118 3003 Comites,
1131 2964 1275 2993 Ricardum

220 3001 312 3032 Nevil
323 3001 484 3032 Custodem
496 3001 607 3030 West-.
637 3000 739 3031 arel-lice
755 3001 866 3037 Angliae
881 3001 972 3030 versus
992 3001 1134 3040 Scotiam,
1156 3001 1277 3031 Williel-

218 3051 290 3069 mum
315 3040 456 3080 Alnewyk
488 3038 649 3070 Custodem
670 3039 777 3069 Privati
799 3039 905 3077 sigilli,
926 3038 1055 3068 Thomam
1077 3043 1223 3070 Dominum
1244 3040 1277 3070 de

217 3081 324 3117 Datre,
341 3078 500 3116 Johannem
524 3081 658 3108 Baronem
680 3077 711 3106 de
733 3076 876 3116 Graystock
887 3099 896 3113 ,
912 3075 952 3111 ό·
974 3078 1119 3108 Robertum
1135 3078 1276 3117 Umfrevil

217 3116 345 3147 Militem
360 3139 369 3154 ,
393 3116 629 3153 Commiss'arios,
647 3115 873 3146 Christianiffimi
888 3115 1042 3154 Principis,
1064 3119 1177 3146 Henrici
1196 3120 1274 3154 Regis

216 3154 330 3195 Angliae
345 3153 384 3222 ig}
401 3158 537 3222 limfae,
555 3154 594 3191 &
607 3157 719 3185 Domini
733 3155 890 3193 Hiberniae,
908 3154 942 3185 ad
956 3152 1133 3193 Infrascnpta
1147 3154 1273 3196 Deputa-

216 3201 260 3225 tos
297 3203 332 3224 ex
369 3201 426 3223 arte
444 3204 458 3223 a
470 3202 529 3223 tera
1182 3202 1185 3204 ·

254 3217 286 3263 T
296 3240 313 3262 Ε
324 3241 336 3263 s
346 3239 427 3262 TAT
436 3240 459 3262 U
472 3241 495 3262 R
511 3215 591 3271 qt’iod
607 3231 684 3262 idem
696 3231 817 3269 Jacobus
829 3234 890 3263 Rex
904 3231 1010 3262 eisdem
1023 3229 1244 3270 Commislariis,

248 3270 333 3309 juxta
351 3271 429 3308 vim,
456 3270 601 3306 formam,
620 3270 654 3299 &
676 3269 830 3308 effeetum,
854 3281 887 3301 ac
909 3272 938 3300 in
962 3270 1072 3300 Partem
1093 3269 1275 3301 Executionis

215 3309 337 3347 ejusdem
354 3308 527 3339 Concordiae
542 3308 575 3339 δε
591 3306 870 3348 Appun&uamenti,
888 3309 966 3348 super
974 3308 1150 3339 Liberatione
1164 3308 1208 3339 sua
1222 3320 1275 3340 nu-

215 3357 265 3386 per
281 3347 406 3378 conclusi
422 3347 454 3377 &
470 3346 556 3385 faeti,
571 3346 642 3375 inter
657 3344 874 3378 Commiffirios
890 3349 923 3379 &
936 3347 1095 3384 Deputatos
1115 3346 1185 3377 dieti
1199 3351 1276 3385 Regis

216 3387 348 3455 genrici,
367 3395 400 3415 ex
415 3384 497 3452 Parte
510 3384 583 3422 una,
598 3385 631 3416 &
647 3382 861 3415 Ambaffiatores
878 3386 923 3416 seu
946 3385 1162 3416 Commisstrios
1180 3386 1275 3426 Regni

239 3432 323 3454 cotiae
360 3433 394 3454 ex
408 3434 424 3455 a
433 3431 492 3454 tera

253 3447 400 3500 Tradidit,
421 3445 525 3496 Daui,
543 3461 576 3492 &
600 3460 762 3499 Liberavit,
775 3470 829 3500 pro
851 3460 1002 3493 Securitate
1023 3461 1175 3493 solutionis
1192 3463 1276 3494 Sum-

216 3509 275 3532 mae
294 3501 493 3542 Quadraginta
506 3499 615 3530 Milium
631 3499 795 3538 Librarum,
812 3499 897 3529 bonae
919 3500 952 3530 &
967 3500 1057 3539 legalis
1068 3499 1199 3532 Monetae
1214 3502 1276 3532 An-

215 3541 297 3582 gliae,
316 3540 350 3572 ad
374 3540 506 3577 Locum,
526 3538 613 3576 Dies,
629 3539 662 3568 &
684 3537 838 3568 Terminos
862 3539 891 3567 in
907 3539 985 3569 dieto
1006 3539 1276 3576 Appunctuamento

215 3587 366 3617 contenta,
383 3588 416 3608 ac
431 3578 522 3616 plenae
538 3578 570 3608 &
585 3578 700 3615 integrae
716 3576 898 3608 Executionis
917 3578 949 3608 ὃς
973 3576 1190 3615 Complementi
1209 3589 1276 3609 om-

217 3619 299 3653 nium
313 3619 346 3649 &
362 3617 555 3654 singulorum,
572 3617 600 3644 in
615 3614 751 3654 praedieto
765 3615 1038 3654 Appunetuamento
1053 3626 1257 3648 contentorum
1267 3640 1276 3655 ,

219 3656 342 3688 Obsides
361 3657 393 3688 &
412 3655 543 3686 Personas
559 3653 717 3691 Obsidum,
731 3653 892 3690 aestimatas,
908 3663 957 3692 per
970 3653 1080 3685 Partem
1094 3655 1160 3685 didi
1173 3655 1276 3693 Jacobi

217 3696 313 3764 gegis,
330 3696 361 3726 in
376 3694 478 3725 Valore
489 3694 598 3725 Annuo
613 3691 805 3731 Reddituum,
822 3692 856 3723 ad
868 3692 1001 3724 Summas
1013 3692 1212 3732 infrascriptas3
1230 3695 1273 3725 vi-

239 3734 336 3772 elicet‚
1100 3744 1103 3747 ·

254 3809 360 3854 Dqsvid
373 3811 579 3850 Primogenitunt
593 3806 632 3844 ῤ’
650 3808 793 3838 Haeredem
813 3811 923 3839 Comitis
945 3808 1073 3840 Atholiae
1091 3808 1274 3841 reddituatum

220 3845 525 3917 ιάἰῗῖἑνηοᾶνηῦἓῗιῖιενη
542 3889 680 3916 Moraviae
694 3885 728 3915 ad
744 3884 789 3915 M.
806 3883 900 3915 Marc.

257 3925 453 3956 Alexandrum
467 3929 594 3955 Comitem
612 3923 780 3964 Craufordiae
789 3947 798 3961 ,
815 3923 848 3953 ad
862 3923 907 3953 M.
922 3923 1016 3955 Marc.

259 3967 424 3994 Duncanum
436 3966 580 3993 Dominum
592 3964 624 3994 de
640 3962 750 4001 Argill,
772 3961 806 3992 ad
816 3971 852 3992 xv
864 3961 901 3992 C.
916 3962 1009 3994 Marc.

226 4000 442 4074 xvvgilliffilztgm
457 4004 664 4043 Primogenitum
684 4001 721 4039 φ’
736 4001 878 4035 Haeredem
898 4003 1011 4033 Domini
1032 4000 1064 4031 de
1080 3999 1206 4032 Dalketh
1216 4023 1225 4041 ,
1243 3999 1279 4031 ad

1361 197 1839 240 PUBLICA.
2295 212 2377 248 109

1347 285 1498 315 Gilbertum
1512 287 1719 324 Primogenitum
1733 285 1771 321 ὠ·
1781 285 1922 317 llaeredem
1939 287 1981 316 W
1979 284 2082 316 illielmi
2096 284 2292 326 constabularii
2305 289 2366 317 Sco·-
2384 279 2461 311 ᾹΠΠ-
2474 278 2518 311 D.

1311 328 1377 361 tia»,
1396 325 1430 354 ad
1448 324 1495 354 viii
1508 324 1545 354 C.
1559 324 1652 355 Marc.
2405 327 2492 357 ³4²4-

1347 362 1492 391 Robertum
1505 361 1698 400 Maresc'allum
1709 366 1820 401 Scotiae,
1836 362 1869 393 ad
1884 363 1933 394 viii
1947 360 1984 392 C.
2000 361 2094 393 Marc.
2383 362 2448 386 ΗΜ·
2466 360 2494 385 ὄν

1344 402 1488 429 Robertum
1502 403 1647 430 Dominum
1659 402 1691 429 de
1705 401 1812 439 Erskyn
1821 424 1830 439 ,
1846 401 1879 431 ad
1898 399 1943 430 M.
1962 399 2057 430 Marc.

1344 437 1498 468 Walterum
1515 441 1659 467 Dominum
1674 439 1705 468 de
1719 439 1864 476 Driltone,
1880 439 1913 469 ad
1929 439 1976 469 viii
1991 437 2028 468 C.
2046 437 2140 469 Marc.

1346 476 1473 505 Thomam
1488 476 1566 515 Boyd
1577 477 1608 505 de
1624 476 1795 506 Kilmernoch
1829 478 1863 507 ad
1879 476 1919 507 D.
1935 476 2028 507 Marc.

1307 517 1491 581 MDominum
1508 516 1656 544 Patricium
1678 515 1710 544 de
1729 499 1876 545 DunZarre
1897 518 2042 545 Dominum
2060 515 2093 545 de
2119 516 2255 555 Camnok,
2270 515 2305 548 ad
2325 511 2368 548 D.

1347 563 1401 582 arc.

1346 590 1541 621 Alexandrum
1554 593 1699 620 Dominum
1713 590 1745 620 de
1764 591 1905 622 Gordonne
1920 591 1956 622 ad
1970 592 1999 623 iv
2014 590 2051 622 C.
2065 590 2160 624 Marc.

1348 664 1468 697 Obsides
1488 668 1548 697 alies
1562 667 1765 704 concordatos,
1784 677 1816 697 ac
1829 667 1893 698 vice
1907 667 1940 697 δε
1955 666 2023 697 loco
2034 667 2153 698 aliorum
2168 668 2322 701 absentium
2338 678 2369 700 e·

1309 704 1376 733 tiam
1392 706 1457 734 ali‘as
1472 706 1715 736 concordatorum
1738 705 1897 743 Obsidum,
1917 714 2041 743 quorum
2060 706 2194 738 Nomina
2215 710 2368 739 continen-

1311 750 1355 772 tur
1368 744 1398 772 in
1411 744 1530 781 quadam
1544 743 1671 782 Cedulit,
1688 744 1767 774 dieto
1784 743 2056 781 Appunecuamemo
2071 746 2196 784 annexi,

1348 821 1494 849 Dominum
1515 819 1701 850 Willielmium
1720 820 1750 848 de
1770 819 1959 860 Abbirnetlry,
1976 821 2010 851 ad
2026 819 2156 850 D.-———
2169 821 2263 853 Marc.

1311 857 1518 926 MZrZacobum
1635 859 1668 888 de
1684 858 1830 888 Dunbarre
1847 858 2012 888 Dominum
2033 859 2069 890 de
2091 859 2260 899 Frendxath‚
2277 860 2311 891 ad
2328 859 2371 892 D.
2390 872 2445 901 *X-
2456 869 2519 909 328·

1349 935 1496 965 Andream
1512 936 1588 973 Gray
1604 934 1639 965 de
1649 934 1772 972 Foullis,
1791 934 1825 965 ad
1838 935 1865 964 vi
1881 933 1918 964 C.
1933 933 2027 965 Marc.

1350 975 1496 1002 Dominum
1508 974 1653 1002 Robertum
1668 974 1699 1002 de
1712 972 1878 1012 Levinston,
1897 972 1931 1003 ad
1942 974 1970 1004 iv
1988 972 2027 1003 C.
2044 973 2136 1005 Marc,

1347 1010 1506 1049 Johannem
1526 1010 1665 1052 Lyndefizy
1682 1011 1716 1042 ad
1737 1011 1779 1041 D.
1800 1012 1893 1042 Marc.

1348 1049 1514 1080 Dominum
1531 1049 1675 1079 Robertum
1692 1049 1723 1079 de
1740 1049 1830 1088 Lille,
1848 1050 1880 1079 ad
1895 1050 1924 1079 iii
1938 1048 1975 1079 C.
1993 1049 2087 1080 Marc.

1351 1087 1486 1125 Jacobum
1503 1091 1649 1118 Dominum
1666 1088 1697 1117 de
1711 1087 1829 1126 Caldor,
1846 1088 1879 1119 ad
1892 1089 1931 1118 iv.
1948 1087 1986 1118 C.
2002 1087 2097 1119 Marc.

1351 1126 1485 1194 {arabum
1501 1129 1646 1156 Dominum
1661 1128 1692 1156 de
1711 1128 1821 1164 eadm,
1838 1127 1873 1156 ad
1887 1126 1928 1156 D.
1943 1126 2036 1157 Marc.

1385 1167 1514 1194 ominum
1534 1164 1707 1195 W'illielmum
1724 1166 1755 1194 de
1768 1165 1936 1203 Rothvane,
1954 1165 1988 1194 ad
2005 1166 2032 1194 iv
2047 1163 2085 1195 C.
2102 1164 2196 1196 Marc.

1352 1201 1528 1233 Wllielmum
1540 1201 1677 1242 Olyfaunt
1696 1202 1860 1233 Dominum
1877 1204 1913 1234 de
1928 1202 2095 1242 Abirdalgy,
2114 1218 2198 1227 --—

1314 1244 1490 1309 MGeorgium
1506 1243 1715 1279 Primogenitum
1736 1241 1774 1276 &²
1791 1242 1933 1271 Haeredem
1958 1243 2080 1280 Hugonis
2102 1239 2213 1272 Cambel
2228 1242 2262 1274 ad
2283 1243 2312 1274 iii
2334 1241 2371 1275 C„

1354 1289 1408 1309 arc.

1351 1317 1495 1347 Robertum
1506 1319 1713 1354 Primogenitum
1733 1315 1771 1351 ὀύ
1783 1319 1925 1349 Haeredem
1941 1317 2065 1349 Domini
2080 1317 2191 1350 Robersi
2205 1318 2238 1348 de
2252 1321 2372 1349 iMauta-

1314 1353 1387 1394 lent,
1405 1356 1440 1385 ad
1457 1358 1484 1385 iv
1503 1354 1539 1385 C.
1559 1355 1654 1385 Marc.

1350 1394 1455 1424 David
1468 1397 1603 1432 Meignet,
1619 1394 1653 1424 ad
1670 1394 1689 1423 ii
1703 1392 1740 1423 C.
1756 1393 1850 1424 Marc.

1355 1434 1457 1462 David
1468 1433 1499 1462 de
1513 1432 1608 1472 Ogilby
1627 1432 1659 1462 ad
1676 1433 1692 1461 ii
1711 1430 1750 1462 C.
1766 1431 1860 1463 Marc.

1306 1487 1311 1492 ·
1354 1472 1502 1501 Patricium
1520 1473 1728 1509 Primogenitum
1742 1469 1780 1506 ὦ
1793 1471 1938 1501 Haeredem
1954 1474 2065 1502 Domini
2079 1471 2219 1509 Johanm's
2234 1473 2327 1511 Lyon,
2337 1470 2373 1503 ad

1317 1510 1345 1539 iii
1361 1510 1398 1539 C.
1415 1510 1508 1540 Marc.

1354 1547 1483 1578 Necnon
1500 1547 1606 1577 Literas
1624 1547 1680 1578 suas
1700 1547 1830 1578 Patentes
1851 1546 2058 1586 obligatorias,
2076 1547 2185 1586 Magno
2207 1547 2304 1587 Sigillo
2325 1547 2375 1578 suo

1316 1585 1456 1624 figillatas,
1473 1595 1504 1616 ac
1523 1586 1654 1623 Quatuor
1677 1585 1784 1616 Literas
1804 1586 1993 1624 Obligatorias
2006 1585 2138 1622 Quatuor
2154 1585 2309 1625 Burgorum
2328 1588 2374 1617 seu

1317 1624 1452 1655 villarum
1467 1625 1561 1663 Regni
1575 1624 1694 1662 Scotiae,
1712 1624 1811 1664 Sigillis
1826 1623 2041 1654 Communibus
2057 1623 2219 1654 earumdem
2235 1624 2374 1655 Villarum

1317 1663 1459 1700 sigillatas,-
1479 1663 1626 1699 videlicet,

1355 1701 1475 1738 Unam,
1494 1704 1522 1731 V
1522 1699 1578 1730 illae
1597 1702 1629 1730 de
1647 1700 1806 1739 Edfflburg,

1350 1740 1445 1770 Aliam
1455 1762 1464 1777 ,
1483 1742 1510 1769 V
1511 1738 1567 1769 illae
1581 1737 1683 1776 Perth,
1702 1739 1781 1769 Villae
1796 1740 1890 1769 sancti
1901 1737 2043 1778 Johannis
2057 1739 2248 1769 communiter
2263 1747 2374 1769 nuncu-

1315 1787 1387 1815 patae

1355 1801 1502 1853 Tertiam,
1520 1815 1596 1846 Villae
1611 1815 1645 1845 de
1662 1816 1778 1853 Dunde,

1357 1855 1394 1886 Et
1407 1855 1546 1892 Qlartam
1557 1878 1566 1893 ,
1583 1857 1612 1884 V
1611 1854 1664 1885 illae
1676 1855 1708 1883 de
1728 1853 1887 1891 Abirdene‚

1354 1895 1400 1924 Ac
1416 1894 1541 1932 insuper,
1559 1893 1639 1931 quod
1660 1893 1736 1923 idem
1758 1891 1878 1930 Jacobus
1900 1894 1959 1921 Rex
1980 1891 2113 1922 Promifit
2131 1890 2328 1931 solempniter,
2345 1891 2376 1922 in

1319 1933 1410 1962 verbo
1425 1932 1530 1970 Regis,
1549 1931 1581 1962 ὃ(
1595 1930 1720 1969 Juravit,
1736 1936 1770 1961 ad
1784 1930 1886 1961 Sancta
1901 1930 1958 1960 Dei
1970 1931 2049 1961 Evan
2071 1930 2203 1971 elia,·per
2224 1939 2291 1960 eum
2310 1939 2378 1959 cor-

1321 1971 1449 2008 poraliter
1465 1970 1552 2008 taeta,
1570 1970 1648 2007 quoti
1663 1970 1761 2000 omnia
1776 1969 1809 1999 ὃ(
1824 1968 1942 2007 singula,
1962 1969 1990 1999 in
2012 1969 2038 1999 di
2059 1972 2090 1998 to
2106 1968 2379 2006 Appun&uamento

1322 2019 1374 2046 pro
1385 2009 1466 2046 ipsius
1480 2008 1660 2039 Liberatione
1680 2008 1851 2038 concordata
1868 2009 1901 2038 ὃ(
1922 2007 2106 2045 appunetuata
2117 2030 2126 2045 ,
2145 2007 2227 2044 plene
2242 2006 2275 2037 δε
2290 2005 2380 2036 fideli-

1320 2056 1363 2078 ter
1375 2047 1458 2078 faciet
1473 2046 1659 2084 &implebit,
1678 2046 1711 2076 &
1725 2046 1805 2085 quod
1819 2055 1879 2075 non
1894 2045 1978 2076 faciet
1992 2056 2046 2075 nec
2061 2046 2153 2075 veniet
2163 2046 2190 2074 in
2205 2046 2379 2075 contrarium

1319 2086 1442 2126 ipsorum
1452 2108 1461 2123 ,
1478 2093 1524 2115 aut
1537 2085 1649 2123 alicujus
1661 2084 1847 2121 eorumdem,
1863 2092 1934 2122 arte,
1952 2085 2085 2122 ingenio,
2101 2083 2210 2114 directe
2221 2106 2230 2121 ,
2246 2083 2290 2114 vel
2305 2083 2378 2115 indi-

1322 2124 1419 2162 reete,
1434 2124 1478 2154 seu
1492 2125 1591 2163 quovis
1602 2122 1738 2161 exquisito
1752 2123 1868 2160 colore,

1360 2162 1412 2200 Et,
1429 2163 1503 2192 inter
1523 2162 1588 2200 alia,
1607 2161 1704 2199 quod,
1722 2161 1793 2192 infra
1812 2161 1946 2199 Qiatuor
1967 2159 2058 2199 Dies,
2072 2170 2088 2190 a
2108 2158 2207 2190 Primo
2226 2159 2271 2190 die
2286 2158 2379 2191 Primi

1320 2199 1460 2240 Ingressus
1470 2201 1510 2231 sui
1526 2201 1554 2231 in
1568 2200 1680 2231 dietum
1696 2199 1833 2239 Regnum
1847 2199 1952 2229 Scotiae
1965 2199 2188 2236 computandos,
2206 2197 2310 2228 Literas
2324 2199 2382 2230 suas

1321 2239 1539 2279 Approbatorias
1553 2249 1586 2269 ac
1602 2238 1835 2269 Confirmatorias
1849 2237 1885 2267 de
1897 2238 1930 2267 &
1951 2237 2028 2276 super
2043 2238 2177 2267 omnibus
2196 2237 2229 2267 &
2247 2236 2381 2276 singulis,

1321 2287 1353 2308 ut
1367 2278 1532 2318 praefertur,
1550 2276 1740 2308 Concordatis
1759 2278 1793 2308 ὃς
1809 2276 2029 2316 Αρρυηξῒυαῐίς,
2047 2285 2162 2306 necnon
2177 2275 2255 2313 quod
2274 2275 2380 2306 Literas

1321 2317 1378 2347 suas
1392 2316 1586 2354 obligatorias
1597 2316 1720 2354 eiusdem
1734 2314 1874 2352 Tenoris,
1894 2315 1973 2352 cujus
1985 2315 2045 2344 sunt
2059 2313 2163 2344 Literae
2179 2318 2233 2343 iun:
2247 2313 2379 2346 Parentes

1322 2354 1524 2395 Obligntoriae,
1541 2354 1577 2385 de
1595 2354 1694 2392 quibus
1707 2353 1784 2391 supra
1806 2352 1837 2383 fit
1853 2353 1977 2391 mentio,
1998 2352 2123 2390 utrasque
2148 2353 2207 2382 tiim
2225 2351 2378 2391 Obligatu-

1320 2395 1390 2433 rias,
1406 2395 1490 2434 quern
1511 2393 1762 2431 Confirmatorias,
1783 2392 1831 2422 suo
1851 2391 1963 2429 Magno
1982 2391 2079 2430 Sigillo
2100 2391 2252 2429 Sigillatas,
2270 2390 2380 2431 Dabit,

1321 2432 1447 2471 Tradet,
1462 2434 1496 2464 &
1511 2431 1656 2462 Liberabit
1672 2431 1790 2469 praefaro
1810 2432 1877 2467 Regi
1899 2431 2015 2460 Henrico
2026 2452 2036 2467 ,
2054 2429 2169 2468 ipsiusve
2189 2429 2378 2468 Haeredibus,

1322 2472 1369 2501 seu
1383 2471 1611 2508 Succefforibus,
1629 2479 1676 2501 aut
1695 2468 1871 2500 Cancellario
1882 2469 1995 2506 Angliae
2016 2478 2068 2505 pro
2088 2477 2216 2506 ternpore
2235 2467 2381 2506 existenti,

1321 2518 1368 2541 aut
1381 2520 1481 2541 eorum
1493 2509 1642 2549 Deputatis
1656 2508 1700 2539 seu
1716 2507 1910 2545 Deputandis,
1927 2515 1973 2537 aut
1988 2508 2104 2536 Henrico
2119 2509 2217 2536 Comiti
2226 2505 2380 2536 Nerthum-

1322 2549 1402 2587 briae,
1423 2549 1468 2579 seu
1483 2550 1571 2578 Priori
1585 2546 1706 2588 Es‘l‘fiae
1722 2545 1894 2576 cathedralis
1907 2544 2109 2586 Dunelmensi's,

1360 2586 1615 2656 Acguramentum
1631 2586 1662 2617 &
1679 2584 1901 2615 Promiffionem
1913 2584 2065 2623 supradicta
2081 2582 2151 2613 infra
2162 2582 2277 2613 eosdem
2298 2583 2380 2622 Qua-

1322 2633 1388 2657 tuor
1436 2626 1489 2664 ies,
1508 2625 1620 2664 Faciet,
1638 2624 1761 2660 Repetet
1776 2623 1809 2653 ὃς
1824 2622 1988 2654 Renovabit
2001 2631 2097 2652 coram
2113 2622 2323 2651 Commisiariis
2337 2622 2379 2651 di-

1321 2666 1359 2694 Ci‘i
1381 2666 1456 2702 Regis
1478 2666 1605 2701 Henrici,
1622 2662 1655 2692 ad
1673 2661 1856 2699 Videndum,
1873 2660 2073 2698 Audiendum,
2099 2660 2133 2690 &
2157 2658 2380 2690 Intereffendum

1321 2704 1350 2733 in
1365 2713 1396 2733 ea
1409 2711 1485 2740 parte
1498 2700 1685 2740 Deputandis.
2167 2736 2171 2741 ,
2248 2736 2253 2741 .

1359 2740 1393 2771 In
1427 2751 1527 2771 uorum
1542 2741 1676 2771 omnium
1691 2741 1724 2771 &
1740 2738 1914 2778 singulorum
1930 2736 2029 2766 Fidem
2046 2736 2078 2766 &
2091 2734 2304 2765 Testimonium
2314 2736 2381 2767 huic

1324 2779 1399 2810 Parti
1439 2788 1461 2810 N
1473 2788 1494 2809 ι)
1504 2788 1521 2809 13
1532 2787 1554 2810 N
1567 2786 1619 2808 τυ
1631 2787 1654 2809 R
1665 2786 1714 2816 AE,
1731 2786 1816 2815 penes
1826 2776 1972 2815 praefatum
1987 2774 2100 2813 Regem
2113 2774 2272 2804 Henricum
2289 2784 2379 2805 rema-

1322 2819 1418 2857 nenti,
1434 2818 1562 2856 praefatus
1570 2816 1691 2855 Jacobus
1706 2819 1765 2846 Rex
1774 2815 1922 2845 Secretum
1936 2813 2066 2853 Sigillum
2079 2813 2158 2842 suum
2172 2812 2315 2842 mandavit
2326 2822 2378 2852 ap-

1341 2866 1401 2886 oni.

1319 2866 1339 2897 p
1359 2894 1431 2926 Dar.
1443 2893 1572 2925 Dunelm.
1590 2892 1738 2924 vicesimo
1758 2891 1862 2922 ottavo
1879 2890 1924 2920 die
1944 2887 2049 2932 Mensis
2069 2887 2183 2925 Martii,
2201 2887 2291 2919 Anno
2312 2887 2379 2921 Do-

1321 2934 1392 2964 mini
1407 2933 1581 2970 Milleiimo,
1598 2929 1900 2969 Quadringentesimo,
1917 2927 2062 2958 Vicelinio
2076 2935 2185 2965 quarto.

1463 3007 1516 3038 Sub
1529 3004 1621 3045 Sigiilo
1629 3029 1639 3045 ,
1657 3005 1731 3037 rubei
1745 3004 1853 3044 coloris,
1865 3003 1999 3043 pendente
2014 3014 2032 3032 a
2045 3001 2131 3033 cauda*
2148 3004 2327 3040 Pergameae.

1317 3172 1505 3214 ludentum,
1524 3171 1614 3217 fidia
1630 3169 1690 3218 fich
1710 3169 1814 3216 sigillo
1829 3169 1940 3215 secreto
1963 3171 2050 3214 Regis
2078 3170 2232 3200 Scotorum
2261 3172 2292 3201 in
2306 3170 2377 3201 An-

1443 3222 1529 3268 glia,
1555 3219 1591 3253 de
1614 3222 1759 3266 7reugis,
1777 3228 1832 3264 per
1857 3220 2044 3263 Septennium
2069 3215 2237 3249 duraturis.

1318 3305 1778 3369 HAECINDENTURA‚
2014 3341 2018 3345 ,

1429 3345 1452 3375 F
1460 3353 1566 3375 ACTA
1586 3345 1674 3381 inter,
1692 3340 1904 3373 Serenisiimum
1925 3341 2105 3379 Principem,
2123 3339 2259 3377 Jacobum
2280 3343 2376 3377 Regem
2398 3343 2528 3375 Ann,D;

1319 3388 1453 3414 Scotorum
1467 3393 1500 3413 ex
1515 3382 1596 3412 Parte
1612 3381 1685 3419 urie,
1703 3382 1752 3417 &,
1771 3379 1955 3410 Rezerendos
1968 3380 1993 3407 in
2009 3378 2125 3408 Christo
2135 3379 2245 3417 PMCS,
2263 3379 2376 3417 Johan-
2417 3391 2501 3422 ¹424·

1318 3434 1395 3461 nem,
1411 3419 1639 3460 Londoniensem,
1657 3420 1689 3450 ὃ(
1704 3419 1848 3454 Thomam,
1864 3416 2085 3459 Dunolmenffin.·,
2105 3416 2276 3457 EpisCOPOS,
2295 3421 2370 3447 Hen-
2391 3425 2443 3448 Aa.
2462 3431 2489 3450 2.

1316 3465 1400 3492 ricum
1415 3464 1542 3490 Comitem
1562 3457 1767 3488 Northumbriae
1789 3456 1966 3487 Gardianum
1986 3455 2132 3486 Oiiencalis
2156 3455 2294 3486 Marchiae
2310 3456 2372 3486 Ati-
2389 3464 2423 3486 H.
2444 3460 2472 3486 6.

1319 3501 1382 3540 gliae
1399 3498 1490 3530 versus
1507 3497 1650 3534 Scotiam,
1667 3495 1839 3533 Radulphum
1854 3493 1967 3524 Neville
1991 3493 2140 3524 Comitem
2165 3493 2372 3524 Westmorlan-
2392 3502 2430 3525 Εκ
2447 3500 2510 3531 Aio-j

1318 3540 1372 3570 diae
1407 3537 1550 3567 Ricardum
1565 3534 1679 3566 Neville
1697 3534 1873 3564 Gardianum
1894 3532 2085 3563 Occidentalis
2103 3531 2241 3562 Marchiae
2263 3532 2373 3571 Angliae
2390 3544 2457 3573 togr.

1319 3561 1411 3607 veriiis
1434 3576 1578 3611 Scotiam,
1598 3572 1775 3604 Williclmum
1795 3571 1938 3611 Alnewyk
1958 3570 2118 3600 Custodem
2142 3569 2247 3600 Privati
2270 3571 2374 3609 Sigilli,

1317 3615 1445 3645 rhomam
1460 3616 1606 3643 Dominum
1621 3614 1652 3641 a'e
1672 3614 1779 3648 Dacre,
1797 3610 1955 3649 Jolmnnem
1978 3612 2112 3647 Baronem
2133 3609 2164 3637 de
2177 3607 2324 3647 Graystok,
2338 3610 2373 3640 ὃς

1315 3653 1461 3685 Robertum
1478 3648 1628 3690 Umfrevill
1651 3648 1793 3686 Militem,
1810 3646 2041 3685 Commiffarios,
2052 3647 2273 3677 Christianissimi
2291 3647 2373 3677 Prin-

1317 3693 1403 3730 cipis,
1422 3693 1533 3720 Henrici
1547 3691 1623 3724 Regis
1635 3687 1749 3724 Angliae
1771 3686 1808 3721 ὅ]
1826 3689 1963 3724 Franciae,
1981 3685 2019 3721 ῤ’
2034 3688 2145 3714 Domini
2160 3685 2318 3724 Hibernia,
2335 3686 2370 3717 ad

1316 3730 1490 3765 Infraseripta
1506 3727 1674 3758 sufficienter
1687 3726 1852 3764 &legitime
1868 3725 2042 3762 Deputatos,

1355 3771 1374 3788 *²
1393 3768 1480 3798 Prout
1493 3775 1527 3796 ex
1541 3775 1639 3796 eorum
1656 3763 1875 3794 Commilsionis
1888 3763 2014 3800 Litteris,

1355 3808 1488 3846 Qiarum
1502 3804 1602 3834 Tenor
1617 3803 1734 3841 sequitur
1744 3824 1755 3840 ,
1773 3803 1806 3833 &
1820 3801 1861 3832 est
1874 3801 1949 3838 talis,

2391 3755 2526 3794 ·X.329;

1354 3885 1503 3918 Henricus,
1522 3873 1581 3911 Dei
1594 3879 1697 3919 gratia,
1715 3882 1776 3909 Rex
1789 3876 1900 3915 Angliae
1912 3875 1951 3911 ὠ·
1963 3877 2103 3919 Franciae,
2122 3877 2253 3906 Dominus
2271 3876 2376 3908 Hiber.

1319 3926 1388 3959 ni'ae,
1398 3920 1535 3966 ‘omnibus
1548 3920 1582 3949 ad
1598 3928 1669 3957 quos
1684 3917 1828 3957 praelentes
1843 3916 1945 3945 Literae
1958 3921 2151 3951 pervenerint,
2167 3914 2300 3946 Salutem.

1356 3957 1744 4034 ῗὲεῐίἓὲἒᾶᾓαῗὲἓέΙίῑεῑε,
1767 3993 1800 4023 &
1825 3990 2096 4028 circumspeetione,
2116 3988 2326 4022 Venerabilium
2346 3994 2376 4024 in

1322 4035 1441 4070 Christo
1455 4034 1572 4067 Patrum
1582 4056 1593 4073 2
1610 4033 1646 4072 J.
1667 4029 1873 4100 Londorgenſjs,
1890 4029 2013 4067 Thomae,
2036 4027 2236 4070 Dunolmenfis,
2254 4030 2376 4105 &gerg-

1818 4090 1831 4106 J
2365 4090 2378 4106 ,Ὦ
