2562 4274
689 52 1484 104 CONVENTIONES,
1530 49 1921 102 LITERAE,

73 151 149 182 Anii.
161 149 202 181 D.
219 159 308 181 unum
322 148 453 187 Nobile,
470 148 542 179 boni
557 147 673 179 Auri&
688 148 768 186 puri,
785 155 818 178 ac
830 146 896 186 justi
909 145 1046 177 Ponderis
1064 143 1197 175 Monetae
1216 142 1280 173 An·
1314 142 1345 171 in
1361 140 1484 186 Persona
1503 140 1568 172 mea
1606 140 1716 185 ropria,
1735 141 1834 172 redibo
1852 142 1882 172 in
1901 139 2057 171 Civitatem
2077 139 2328 180 Londoniensem,
2345 141 2380 173 ὃς
2399 132 2474 170 Anu.
2485 131 2528 172 15,

95 197 180 228 1417.
217 190 345 230 glicanae.
1318 180 1480 211 submittam
1499 180 1554 210 Me
1601 180 1720 211 ustodiae
1738 181 1846 220 praefati
1861 178 2034 211 Sereniffimi
2052 179 2204 218 Principis,
2231 179 2301 210 sicut
2317 189 2383 211 mo-
2418 186 2504 218 1417.

253 227 310 266 Et,
328 228 358 256 in
375 225 448 256 Casu
463 235 522 263 quo
536 223 695 262 hujusmodi
703 222 788 254 Scuta
802 223 894 254 michi
911 222 1042 254 deficiant
1055 221 1090 252 ad
1105 221 1216 258 plenam
1224 219 1279 250 So·
1319 218 1358 248 do
1375 227 1526 256 remaneo,
1544 229 1578 250 ac
1597 220 1626 249 in
1642 218 1743 249 eadem
1759 218 1914 255 Custodia,
1931 226 1962 248 ut
1981 228 2062 248 verus
2079 218 2381 263 PrisonariusQrema-
2402 222 2465 248 Hm.
2483 229 2512 256 5.

223 68 305 114 196

73 234 136 258 Heu.
153 238 182 265 5.

87 2436 109 2455 ἵ
127 2437 178 2465 IX.

76 2484 142 2513 443·

217 266 356 297 lurionem
373 265 507 294 Finantiae
522 272 595 293 nieae
610 262 770 300 praedistae,
789 262 875 299 ipsam
891 261 1035 300 perficiam
1057 262 1086 290 in
1103 259 1278 294 Nobilibus,

219 305 290 336 boni
304 304 389 340 Auri,
408 303 442 334 &
456 301 521 339 justi
538 301 674 331 Ponderis
687 300 773 330 dietae
789 300 921 331 Monetae
941 300 1125 339 Anglicanae,
1143 297 1280 328 solvendis

216 343 311 376 eidem
327 340 507 372 Serenissimo
520 339 663 377 principi,
681 339 862 371 inTerminis
880 338 1078 375 Infrascriptis3
1094 338 1151 367 viz.

259 381 388 412 Decimo
403 379 518 417 Quinto
532 378 589 408 Die
605 377 714 408 Mensis
731 377 959 417 Maii,pi·oximo
970 375 1208 414 futuri,Triginta
1219 371 1281 402 Mi-

219 419 292 450 libus
306 419 340 449 &
354 417 425 448 Una
438 417 548 455 Scutis,

258 457 291 487 In
307 456 393 487 Festo
405 457 539 487 omnium
553 454 724 485 Sandomm
734 477 744 493 ,
760 455 895 492 proximo
908 453 1049 491 sequenti,
1067 451 1178 489 Viginti
1193 449 1281 480 tribus

217 495 349 526 Millibus
362 494 534 532 Scutorurn,
550 493 729 532 Tresccntis,
747 493 875 532 Triginta
890 493 923 523 &
939 492 1046 522 Tribus
1061 490 1170 527 Scutis,
1232 527 1236 532 ι
1274 525 1279 531 Ι

256 533 290 564 In
303 533 387 564 Festo
402 532 586 564 Pentecostes
599 541 703 563 extunc
719 533 850 570 proximo
865 533 893 560 in
906 539 997 560 unum
1011 528 1131 560 Annum
1141 551 1150 566 ,
1168 527 1281 563 Viginti

217 574 306 604 tribus
328 571 447 614 Milibus
469 572 642 610 Scurorum,
659 570 838 608 Trescentis,
855 570 1002 609 Triginta,
1019 568 1053 598 &
1075 567 1183 597 Tribus
1206 565 1282 596 Scu-

217 621 254 643 tis
373 624 376 629 ·

257 635 297 680 1'121'
310 650 341 679 in
360 648 446 680 Festo
463 646 595 684 Paschae,
613 656 647 679 eir
665 656 734 678 tunc
750 647 884 684 proximo
904 645 1029 684 sequenti
1045 644 1127 682 (viz.)
1147 643 1176 673 in
1194 641 1280 672 Festo

218 689 333 721 Paschae
351 689 485 726 proximo
502 689 559 726 jam
578 686 673 718 futuro
691 688 719 716 in
740 685 824 715 Duos
843 686 946 716 Annos
963 692 1075 714 exnunc
1094 682 1228 720 proximo
1241 680 1282 711 se-

217 736 336 766 quentes
353 727 446 765 (quod
462 727 513 757 erit
530 725 579 756 sub
599 725 688 755 Anno
707 724 829 755 Domini
851 722 1010 753 Millefimo
1035 719 1283 760 Qadringentesi-

219 774 271 798 mo
283 765 408 797 Decimo
427 765 520 800 nono)
542 763 649 803 Viginti
659 763 765 794 Tribus
784 761 906 793 Milibus
921 761 1097 799 Scutorum,
1111 759 1282 796 Trescentis,

219 805 352 844 Triginta
367 805 401 836 &
418 804 525 834 Tribus
542 802 651 840 Sentis,

257 843 303 874 Ad
322 852 407 882 quam
427 842 545 879 quidem
564 841 741 871 solutionem
756 862 766 878 ,
789 839 909 877 praefato
935 836 1117 869 serenissimo
1135 835 1284 872 Principi,

219 883 265 913 seu
285 881 493 913 Commissariis
505 903 515 918 ‚
538 888 586 910 aut
605 879 750 917 Deputatis
764 901 774 915 ,
799 877 969 908 Haeredibus
981 899 991 914 ,
1009 884 1057 905 aut
1074 873 1282 904 Executoribus

218 921 303 959 ipsius
321 918 493 950 Sereniffimi
511 918 666 955 Principis,
685 917 717 947 ὃ(
738 916 821 955 ipfius
838 915 974 946 Nomine
991 913 1207 950 Recipientibus
1219 934 1229 949 ,
1247 913 1281 942 &

218 958 403 998 Apothecatn
420 956 456 987 de
473 957 594 993 Soluto,
613 963 746 993 quatenus
763 954 819 992 ipsa
837 953 941 984 Soluto
956 953 1042 989 exigit
1055 973 1066 989 ,
1085 950 1174 981 michi
1189 950 1283 980 dariti-

219 999 293 1035 bus,
311 998 341 1027 in
359 996 484 1026 Civitate
503 995 650 1025 Londonii
661 1017 670 1030 ,
688 992 745 1023 sine
764 993 895 1023 ulteriore
912 991 1060 1022 Dilatione
1071 1011 1082 1027 ,
1106 989 1179 1019 bene
1197 989 1231 1019 &
1249 987 1284 1018 fi-

219 1036 318 1067 deliter
336 1032 493 1065 faciendam
508 1055 518 1071 ,
535 1032 631 1069 obligo
649 1034 699 1061 Me
715 1053 726 1069 ,
744 1030 882 1061 Haeredes
895 1053 904 1068 ‚
930 1030 964 1061 ὅ(
983 1028 1157 1059 Executores
1177 1036 1257 1057 meos
1273 1049 1283 1065 ,

219 1074 374 1111 omniaque
391 1071 470 1103 Bona
488 1081 566 1108 mea,
585 1070 709 1101 Mobilia
728 1070 761 1100 &
779 1067 944 1100 Immobilia
959 1090 968 1106 ,
986 1068 1161 1104 ubicumque
1179 1065 1283 1096 fuerint

220 1113 358 1150 inventa,
381 1111 427 1141 seu
447 1110 511 1149 Ego
529 1111 660 1140 inventus
676 1109 757 1139 fuero
771 1131 780 1146 ,
804 1107 855 1138 sub
881 1106 1070 1138 Distrieuone
1093 1104 1284 1144 cujuscunque

215 1149 343 1190 judicis,
360 1148 548 1180 Ecclesiastici
565 1148 611 1178 vel
629 1147 778 1178 Secularis.

259 1189 325 1225 Ac,
342 1188 469 1225 insuper,
488 1196 542 1225 pro
558 1187 657 1224 majori
675 1185 830 1216 Securitate
846 1183 915 1215 disti
937 1181 1110 1226 Sereniffimi
1125 1181 1284 1220 Principis,

219 1227 292 1259 citra
311 1226 467 1258 Receffum
488 1235 588 1256 meum
605 1227 621 1256 a
640 1223 781 1255 Custodia
798 1223 923 1255 e'usdem
938 1245 948 1261 ,
971 1222 1047 1253 dabo
1074 1222 1124 1251 libi
1142 1219 1283 1257 sufficien-

220 1275 280 1299 tem
298 1265 501 1303 Securitatem,
518 1264 555 1295 de
572 1264 628 1302 qua
643 1263 781 1301 reputabit
798 1233 825 1293 sd
842 1269 1032 1305 contentum3
1052 1258 1219 1304 Videlicet,-

257 1305 319 1336 Pro
334 1303 454 1336 Duabus
472 1304 570 1342 primis
587 1302 798 1339 Solutionibus,
816 1300 933 1332 decimo
950 1307 1052 1338 quinto
1071 1298 1131 1328 Die
1148 1297 1238 1342 Maii,
1249 1297 1283 1328 δε

220 1343 250 1374 in
267 1343 353 1374 Festo
368 1342 513 1373 Omnium
532 1341 703 1373 SanCmrum
720 1363 730 1377 ,
753 1341 848 1370 eidem
867 1337 1050 1369 Sereniffimo
1066 1335 1193 1374 Principi
1209 1336 1284 1366 bene

219 1383 256 1413 &
271 1381 390 1413 fideliter
408 1380 559 1419 faciendis,
575 1380 652 1411 dabo
669 1379 720 1410 sibi
738 1377 923 1417 Fidejussores
937 1375 1083 1407 Homines
1101 1373 1285 1412 sufficientes,

220 1419 403 1453 Habitatores
421 1420 455 1451 ὃς
473 1419 584 1451 Incolas
597 1418 699 1450 Terrae
712 1417 768 1448 suae
785 1416 919 1454 Angliae‚

261 1458 300 1490 Et
323 1469 377 1497 pro
402 1456 520 1489 Duabus
537 1458 595 1488 aliis
619 1456 814 1487 Solutionibus
830 1456 859 1484 in
877 1454 929 1484 suis
944 1453 1092 1484 Terminis
1107 1452 1183 1482 bene
1201 1452 1235 1484 &
1250 1450 1284 1482 fi-

221 1496 321 1530 delitet
339 1495 472 1529 faciendis
485 1520 496 1535 ‚
520 1496 597 1527 dabo
616 1496 666 1525 sibi
687 1493 871 1532 Fidejuss'ores
887 1515 897 1531 ,
914 1492 1092 1523 Excellentes
1110 1489 1258 1521 Dominos
1273 1512 1283 1529 ,

221 1535 371 1569 Domms
386 1538 475 1566 Duces
492 1532 720 1573 Aur-eleanmftm
730 1556 741 1570 .,
758 1534 791 1564 &
812 1528 1053 1570 Bourboniensem,
1067 1528 1192 1560 Nobiles
1211 1539 1284 1567 quo-

221 1584 279 1613 que
297 1573 396 1611 Viros,
415 1577 528 1604 Comiter
545 1574 577 1603 a‘e
593 1575 652 1602 Ew
672 1574 705 1602 &
723 1571 756 1600 de
774 1569 951 1601 Richemunde
964 1592 974 1608 ,
991 1568 1152 1608 Johannem
1169 1568 1202 1597 de
1220 1571 1285 1597 Me-

217 1624 272 1654 gny
285 1637 296 1651 ,
320 1612 434 1644 dietum
450 1611 599 1649 Bursequat
613 1633 623 1649 ,
647 1609 846 1642 Marescallum
865 1609 991 1639 Franciae
1005 1631 1015 1647 ,
1037 1609 1071 1640 &
1088 1610 1234 1637 Dominum
1251 1606 1284 1635 de

221 1651 394 1692 Tustevylle‚
411 1651 581 1682 Prisonarios
598 1649 667 1680 dieti
685 1648 859 1680 Sereniffimi
878 1647 1015 1686 Principis
1030 1645 1196 1682 existentes,

259 1691 296 1722 Et
314 1692 343 1720 in
358 1689 464 1720 Casum
483 1690 516 1720 &
535 1688 679 1719 Eventum
697 1697 756 1725 quo
769 1687 876 1717 mitam
889 1686 1041 1717 Summam
1057 1684 1166 1724 Viginti
1177 1684 1284 1714 Trium

221 1728 340 1761 Milium
356 1751 366 1767 ,
383 1727 608 1759 Trescentorum
621 1749 632 1765 ,
655 1726 708 1757 Tr*
730 1727 785 1756 'nta
799 1725 906 1756 Trium
923 1724 1083 1756 Scutorum
1096 1746 1107 1762 ,
1131 1723 1161 1753 in
1180 1722 1284 1753 Tertio

219 1767 368 1798 Termino
385 1766 558 1804 supradicio,
575 1775 636 1796 non
655 1774 703 1803 per
714 1764 828 1803 olvam,
846 1772 964 1802 propter
982 1762 1141 1794 Defeetum
1159 1760 1284 1792 Solutio-

221 1807 264 1836 nis
282 1805 466 1844 hujusmodi,
491 1807 605 1836 veniam
624 1805 653 1833 in
672 1803 736 1834 mea
753 1802 870 1843 propria
888 1801 1011 1834 Persona
1024 1825 1034 1839 ,
1053 1800 1088 1831 ad
1105 1799 1283 1838 praeseiitiam

242 1845 330 1876 raefati
350 1843 522 1876 Sereniffimi
547 1843 684 1881 Principis
698 1866 708 1882 ,
737 1842 793 1873 five
822 1839 1096 1872 Commisiariorum
1117 1838 1234 1869 suorum
1249 1838 1284 1869 ad

241 1893 277 1914 oc
303 1882 473 1914 sufficienter
497 1882 720 1920 deputatorum,
745 1882 773 1910 in
796 1879 900 1910 dictam
927 1878 1084 1910 Civitatem
1111 1877 1258 1908 Londonii
1275 1899 1286 1916 ,

219 1922 254 1953 δι
274 1921 407 1953 Reddam
425 1922 540 1960 Corpus
559 1930 656 1951 meum
674 1920 704 1949 in
724 1918 829 1950 Manus
843 1942 852 1956 ,
871 1920 916 1950 seu
934 1917 1106 1949 potestatem
1125 1916 1159 1947 &
1177 1914 1286 1946 Custo-

220 1959 298 1991 diam
323 1960 471 1999 ejusdem;
499 1961 536 1990 iic
562 1958 734 1996 (videlicet)
754 1957 833 1995 quod
850 1980 860 1995 ,
883 1958 902 1987 si
918 1958 987 1987 citra
1002 1956 1182 1986 Terminum
1200 1954 1285 1986 dietae

222 1999 344 2038 Qanae
368 1998 525 2030 Solutionis
550 1998 620 2036 (qui
642 1998 694 2027 erit
718 1997 749 2026 in
773 1995 858 2027 Festo
876 1996 989 2026 Paschae
1008 1996 1024 2025 a
1042 1993 1130 2024 Festo
1148 1992 1286 2024 Paschatis

220 2038 357 2076 proximo
375 2037 471 2068 futuro
488 2037 522 2067 ad
540 2035 623 2066 Duos
642 2035 754 2071 Annos)
775 2045 834 2065 non
853 2034 990 2071 Solvero,
1007 2032 1065 2063 five
1079 2041 1140 2063 non
1153 2030 1286 2062 Conten-

220 2084 320 2107 tavero
338 2076 462 2106 eundem
481 2074 693 2106 Sereniffimum
710 2074 875 2111 Principem
891 2095 900 2111 ,
920 2071 1058 2102 Haeredes
1072 2094 1081 2110 ,
1105 2078 1153 2102 aut
1173 2069 1286 2102 Execu-

219 2123 297 2146 tores
315 2115 378 2145 suos
397 2116 423 2144 in
442 2114 518 2145 dicia
536 2113 638 2144 Tertia
657 2112 822 2149 Solutione,
840 2112 920 2142 liceat
939 2111 972 2141 &
992 2110 1024 2141 sit
1040 2111 1069 2140 in
1088 2108 1231 2141 Potestate
1251 2119 1285 2140 ac

220 2153 309 2185 libera
329 2152 484 2184 Voluntate
502 2153 626 2191 ejusdem
645 2151 800 2182 Retinendi
819 2150 970 2181 Personam
991 2158 1086 2179 meam
1103 2172 1114 2187 ,
1139 2157 1170 2178 ut
1194 2146 1287 2178 Priso-

222 2193 334 2223 mrium
358 2191 437 2222 suum
449 2214 458 2230 ,
477 2192 510 2222 &
531 2190 585 2221 Me
601 2191 733 2228 mittere,
758 2197 844 2228 prout
863 2188 913 2219 libi
933 2187 1074 2219 videbitur
1088 2209 1099 2225 ,
1125 2185 1160 2217 ad
1178 2196 1286 2218 novam

222 2230 383 2263 Finantiam
400 2231 456 2260 five
475 2229 730 2267 Redemptionem.

258 2269 314 2307 Et,
332 2268 522 2300 conformiter
533 2290 543 2306 ,
557 2268 577 2298 si
595 2266 724 2297 deficiam
736 2267 766 2296 in
785 2265 933 2297 Solutione
947 2263 1028 2302 mea,
1045 2265 1077 2294 in
1093 2262 1174 2294 dicio
1189 2262 1284 2302 Quar-

223 2313 256 2338 to
276 2308 420 2339 Termino
436 2331 446 2346 ,
467 2308 569 2338 redibo
588 2307 616 2335 in
636 2304 790 2336 Civitatem
811 2304 1042 2335 Londoniensem
1058 2325 1067 2340 ,
1089 2303 1123 2333 ὃς
1150 2301 1284 2334 Reddam

223 2345 377 2378 Personam
402 2356 497 2376 meam
524 2348 553 2376 in
579 2343 684 2375 Manus
709 2344 742 2375 &
767 2342 938 2374 Custodiam
964 2341 1086 2381 ejusdem
1113 2340 1287 2372 Sereniffimi

222 2384 384 2424 Principis,
402 2386 431 2415 in
450 2384 557 2415 Forma
576 2381 741 2420 supradieta.

264 2426 279 2441 ⁴*
300 2424 339 2456 Et
355 2447 364 2461 ,
388 2423 407 2454 fi
425 2433 484 2454 non
501 2422 664 2455 satisfaciam
682 2422 720 2452 de
735 2420 812 2451 dieta
829 2419 952 2452 Summi
967 2418 1077 2458 Viginti
1097 2417 1203 2449 Trium
1224 2417 1288 2449 Mi-

222 2463 295 2494 lium
310 2486 320 2502 ,
343 2462 566 2493 Trescentorum
583 2483 594 2499 ,
616 2460 747 2500 Triginta
767 2461 800 2490 &
822 2460 930 2491 Trium
954 2458 1108 2489 Scutorum
1123 2479 1133 2495 ‚
1160 2467 1213 2495 pro
1239 2458 1287 2488 illo

227 2502 341 2539 Qiarto
356 2501 504 2531 Termino
520 2523 529 2538 ,
545 2500 561 2529 ῖι
579 2507 654 2529 retro
673 2498 850 2529 existentium
866 2521 876 2535 ,
902 2498 973 2526 infra
991 2505 1081 2526 unum
1101 2495 1287 2534 Quarterium

225 2542 307 2570 unius
325 2537 402 2570 Anni
439 2538 503 2577 post
522 2538 627 2576 lapsum
645 2537 715 2567 dic'ri
770 2538 837 2567 uarti
853 2535 1009 2572 Termini,
1025 2542 1129 2564 extunc
1149 2534 1229 2565 liceat
1246 2535 1290 2565 di-

226 2579 276 2609 cio
296 2577 401 2607 Serenil
414 2587 476 2607 nno
492 2576 620 2614 Principi
639 2577 750 2606 mittere
786 2575 818 2605 'le
835 2575 869 2606 ad
885 2574 1009 2605 Novam
1026 2572 1049 2602 F
1051 2573 1182 2603 mantiam
1188 2583 1291 2612 ,prout

230 2617 281 2647 sibi
301 2615 440 2647 videbitur
457 2615 594 2652 expedire.

266 2654 442 2685 Durantibus
455 2662 571 2691 quoque
587 2652 735 2681 Termiuis
750 2650 935 2681 Solutionum
954 2648 1170 2687 praedictarum,
1185 2648 1244 2679 five
1261 2659 1290 2680 a-

227 2693 307 2732 liquo
324 2691 508 2729 eorumdem,
528 2692 562 2722 &
580 2690 727 2728 quousque
740 2690 814 2720 dieta
826 2689 935 2725 integra
952 2687 1073 2718 Summa
1086 2687 1214 2718 Centum
1230 2687 1292 2717 Mi-

229 2732 300 2763 lium
318 2731 474 2762 Scutorum
491 2729 571 2760 dieto
591 2728 773 2760 Sereniffimo
788 2728 912 2764 Principi
931 2727 1013 2756 fuerit
1026 2727 1146 2764 plenarie
1161 2725 1290 2756 Persolu-

229 2777 274 2808 ta,
293 2779 354 2800 non
368 2769 496 2800 Armabo
508 2767 579 2806 Me,
597 2777 644 2798 aut
660 2766 739 2797 stabo
759 2766 809 2796 sub
827 2765 925 2796 colore
940 2774 1128 2804 quocunque,
1146 2774 1216 2794 curn
1234 2765 1290 2795 aliis

229 2808 355 2841 Armatis
372 2807 503 2838 faciendo
523 2806 577 2837 Me
602 2805 714 2836 Partem
727 2828 737 2842 ,
761 2813 859 2835 contra
873 2828 883 2841 ,
906 2803 1051 2841 praefatum
1076 2802 1289 2834 Sereniffimurn

229 2847 412 2885 Principem,
430 2849 524 2884 Regem
543 2844 674 2883 Angli'ae,
692 2853 737 2874 aut
755 2844 890 2874 Subditos
905 2842 984 2880 su05,
1001 2851 1047 2872 aut
1064 2842 1132 2872 alios
1150 2841 1291 2879 quoscun-

231 2897 304 2925 que,
321 2887 350 2916 in
369 2886 459 2915 Terra
503 2884 548 2914 vel
567 2885 596 2914 in
616 2883 707 2921 Mari,
726 2882 762 2913 de
779 2883 812 2913 &
831 2881 911 2920 super
931 2880 1062 2919 Querelis
1080 2881 1113 2912 &
1133 2879 1292 2911 Demandis

228 2925 313 2963 ipsius
331 2924 441 2966 Regis,
459 2907 580 2953 Guerras
596 2923 736 2953 facientes.
904 2959 909 2964 .
1077 2958 1082 2963 ·

268 2963 415 2994 Concessit
434 2971 526 2992 tamen
545 2961 636 2991 diitus
652 2959 844 2990 Serenissimus
862 2958 998 2996 Princeps
1015 2957 1083 2988 rnihi
1099 2981 1109 2995 ,
1128 2956 1292 2989 Prisonario

229 3001 281 3034 suo
299 3000 436 3040 praedisto
451 3022 460 3038 ,
480 3000 558 3037 quod
578 3008 677 3030 contra
693 2999 760 3029 alios
776 3021 786 3036 ,
803 2998 835 3028 &
855 2998 884 3027 in
905 2997 1037 3036 Qerelis
1051 3021 1060 3034 ,
1086 3006 1151 3035 quae
1169 2996 1291 3028 eundem

231 3040 350 3078 Regem
369 3049 429 3070 non
448 3046 587 3078 tangunt,
607 3040 678 3068 inira
697 3038 774 3068 idem
789 3045 901 3074 tempus
917 3046 965 3066 me
982 3045 1087 3066 armare
1101 3044 1203 3073 potero
1220 3045 1227 3066 ε
1254 3034 1291 3066 Et

233 3079 315 3117 quod
332 3102 342 3116 ,
364 3077 512 3116 postquam
533 3076 698 3115 praedistam
715 3075 865 3106 Summam
883 3097 893 3112 ,
919 3073 957 3104 C.
977 3073 1015 3104 M
1034 3073 1189 3104 Scutorum
1206 3096 1215 3112 ,
1242 3073 1292 3105 Ei-

233 3118 319 3156 dem,
338 3125 384 3148 aut
402 3116 568 3154 DeputatiS,
585 3113 826 3145 Executoribusve
839 3137 849 3151 ,
865 3114 898 3144 δε
918 3112 1089 3142 Haeredibus
1106 3112 1158 3142 suis
1175 3111 1292 3143 fideliter

233 3157 395 3194 persolvero
409 3177 419 3193 ,
437 3154 628 3185 incontinenti
641 3153 712 3183 liber
730 3162 780 3182 ero
800 3153 833 3182 &
852 3151 967 3181 finaliter
986 3150 1132 3181 Liberatus
1149 3175 1158 3187 ‚
1176 3152 1209 3182 &
1227 3161 1292 3181 orn-

344 3250 351 3262 *
799 3252 809 3265 τ

235 3280 335 3302 contra
350 3269 516 3300 Dominum
530 3254 690 3308 Johassmem
707 3266 852 3296 Cornewal
867 3267 902 3295 de
917 3266 971 3296 fide
990 3276 1039 3302 per
1055 3275 1103 3295 me
1122 3252 1292 3301 sibi'praesti-

235 3309 283 3346 (ἃς
301 3309 338 3340 de
352 3308 408 3345 qua
420 3308 505 3346 Fide,
519 3310 553 3339 ὅς
567 3307 709 3337 Omnium
728 3305 927 3341 obligatione,
944 3305 1045 3342 quibus
1058 3303 1151 3334 eidem
1163 3303 1293 3342 Johanni

238 3346 389 3384 Cornwal,
407 3348 515 3377 ratione
522 3345 667 3383 praedistae
682 3354 755 3374 meae
762 3342 953 3380 Captivitatis,
972 3342 1069 3379 stringi
1087 3351 1203 3380 potero,
1219 3343 1294 3372 idem

239 3385 435 3418 Sereniffimus
449 3385 583 3421 Princeps
597 3393 644 3413 me
658 3382 772 3412 finaliter
789 3381 923 3412 liberabit.

279 3424 420 3454 Praeterca
433 3421 653 3453 Concordatum
667 3420 708 3451 est
723 3430 771 3458 per
781 3419 891 3449 dietum
899 3417 1112 3449 Sereniffimum
1121 3418 1296 3457 Principem,

240 3467 337 3502 Regem
351 3460 463 3498 Angliae
476 3460 571 3500 quod,
590 3460 610 3490 si
629 3469 760 3497 tempore
782 3458 976 3494 competenti,
992 3457 1061 3487 citra
1082 3456 1198 3487 Festum
1221 3456 1298 3486 Om-

241 3503 323 3533 nium
337 3500 508 3531 Sanctorum
526 3500 658 3536 proximo
671 3498 797 3528 futurum
808 3519 818 3534 ,
834 3506 934 3534 potero
947 3495 1030 3532 dare,
1048 3496 1081 3527 &
1094 3495 1130 3526 de
1153 3496 1228 3526 facto
1249 3495 1299 3526 de-

203 3540 219 3558 *
241 3542 313 3572 dero
328 3562 338 3578 ,
359 3538 547 3569 sufficientem
569 3537 755 3567 Securitatem
775 3534 856 3565 dieto
875 3533 1057 3566 Sereniffimo
1079 3532 1204 3571 Principi
1218 3558 1227 3569 ,
1246 3544 1298 3571 pro

242 3578 364 3610 Duabus
387 3577 490 3608 ultimis
513 3575 706 3605 Solutionibus
726 3573 902 3611 supradietis,
917 3573 953 3602 de
973 3571 1114 3602 Gentibus
1133 3572 1205 3603 infra
1220 3571 1299 3611 Reg-

241 3628 314 3648 num
328 3616 407 3647 suum
422 3615 468 3646 An
488 3614 533 3644 liae
545 3613 790 3645 commorantibus
808 3611 856 3647 (ile
871 3612 971 3648 quibus
985 3611 1124 3649 reputabit
1135 3611 1162 3641 se
1180 3619 1301 3641 conten-

242 3657 316 3692 tum)
333 3664 437 3685 exuinc
458 3654 467 3682 i
489 3662 552 3690 em,
571 3650 764 3682 Sereuiffimus
785 3650 936 3687 Princeps,
954 3652 1014 3678 Rex
1033 3648 1147 3685 Angliae
1166 3648 1301 3678 Praefatos

245 3694 362 3731 Duces,
376 3693 527 3729 Comites,
544 3692 578 3722 ὃς
599 3690 669 3719 alios
691 3688 862 3719 Prisonarios
883 3688 918 3717 de
941 3686 1173 3723 Fidejusfionibus
1193 3687 1245 3717 suis
1267 3687 1300 3717 &

245 3733 471 3769 quibuscumque
488 3728 735 3768 obligationibus,
754 3735 891 3765 quantum
907 3724 941 3755 ad
953 3724 1061 3755 easdem
1068 3724 1216 3764 Summas,
1235 3724 1302 3755 fina-

247 3771 307 3801 liter
323 3771 451 3800 liberabit
466 3769 500 3799 &
515 3767 691 3806 acquietabit.

285 3808 317 3838 Si
340 3811 412 3838 vcro
437 3807 527 3846 (quod
549 3806 629 3843 absit)
643 3804 794 3841 Tempore
807 3802 1000 3838 competenti,
1017 3809 1080 3831 ante
1097 3800 1213 3831 Festum
1236 3811 1302 3832 om-

247 3847 326 3876 nium
342 3846 512 3877 Sanctorum
526 3846 660 3882 proximo
674 3844 820 3879 futurum,
840 3850 899 3870 non
924 3840 1030 3869 dedero
1048 3839 1235 3870 sufficientem
1253 3840 1304 3870 Se-

247 3885 396 3914 curitatem
412 3884 507 3921 dicto,
523 3882 705 3913 Sereniffimo
724 3880 867 3916 Principi,
884 3881 948 3915 Regi
966 3876 1096 3914 Angliae,
1114 3887 1166 3914 pro
1186 3878 1304 3908 Duabus

247 3923 352 3952 ultimis
370 3922 561 3952 Solutionibus
575 3921 752 3959 supradistis,
769 3919 805 3949 de
823 3918 966 3947 Gentibus
985 3917 1055 3945 infra
1071 3915 1207 3952 Regnum
1223 3916 1303 3946 suum

248 3960 363 3998 Angliae
386 3960 598 3992 comorantibus
619 3959 674 3997 (de
693 3959 794 3998 quibus
811 3956 948 3995 reputabit
965 3954 992 3988 se
1009 3954 1196 3992 contentum)
1217 3954 1305 3993 Ego,

1321 257 1399 287 nebo
1416 266 1469 294 pro
1487 255 1570 287 libito
1588 257 1747 288 Voluntatis
1764 257 1887 295 ejusdem
1905 256 2078 287 Sereniffimi
2097 256 2249 294 Principis,
2274 267 2303 287 in
2322 267 2382 296 quo

1323 293 1414 333 Casu,
1434 294 1526 325 statim
1543 294 1695 333 postquam
1709 296 1835 333 rediero,
1853 297 1887 326 &
1901 295 2077 332 personaliter
2090 296 2120 325 iri
2141 294 2312 326 Custodiam
2339 305 2382 327 re-

1322 341 1419 370 ceptus
1431 333 1512 363 fuero
1529 342 1579 370 per
1593 332 1736 364 Custodes
1749 334 1817 364 dieti
1831 332 2003 365 Sereniffirni
2016 333 2173 372 Principis,
2191 334 2225 363 ad
2241 334 2299 365 hoc
2321 333 2384 372 spe-

1322 371 1428 402 cialiter
1446 370 1623 409 Deputatos,
1637 372 1744 408 praefati
1760 375 1866 412 Duces,
1884 371 2100 412 Aurilianenfis,
2119 372 2152 402 ὃς
2169 372 2383 411 Bourbonienfis‚

1323 409 1479 447 omnesque
1492 410 1537 440 alii
1554 408 1703 440 Prisonarii
1718 412 1859 449 praediffl,
1879 410 2060 447 Fidejuffores
2075 411 2149 448 mei,
2165 412 2201 441 ab
2216 413 2296 443 omni
2316 411 2384 442 Ob-

1322 447 1474 486 ligatione,
1495 457 1689 479 concernente
1712 448 1873 481 Financiam
1896 459 1991 480 meam
2013 448 2199 487 antedictam,
2223 450 2282 488 ipso
2305 451 2385 482 fatto

1324 486 1377 517 sint
1391 488 1515 517 omnino
1532 487 1633 524 Qieti
1650 488 1684 518 &
1700 486 1803 517 Liberi.

1362 524 1499 555 Praeterea
1521 523 1671 556 Conceffit
1694 525 1840 563 praefams,
1858 524 2051 557 Sereniffimus
2071 525 2224 564 Princeps,
2240 528 2300 555 Rex
2315 530 2384 558 Απ-

1319 561 1384 600 gliae
1404 563 1474 607 mihi
1497 566 1594 593 Comiti
1619 563 1652 593 de
1675 564 1808 593 Vandome
1828 564 1984 601 supradicto
2005 565 2103 603 quod,
2128 564 2148 595 fi
2170 574 2218 595 me
2238 567 2386 606 contingat

1325 601 1418 632 Obire
1440 601 1511 632 infra
1535 602 1677 639 Regnum
1705 601 1818 642 Angliae
1844 612 1996 640 antequam
2017 604 2116 634 exinde
2135 604 2268 642 erdvero,
2285 612 2331 635 aut
2353 605 2385 636 iri

1324 640 1398 684 Villa
1408 639 1530 671 Calefius
1545 641 1616 671 infra
1629 639 1683 671 Sex
1700 640 1757 670 dies
1773 640 1921 678 postquam
1933 641 2041 671 ibidem
2056 642 2217 681 applicuere
2237 643 2299 680 (per
2311 653 2386 682 quos

1324 678 1430 709 ibidem
1452 679 1488 709 de
1510 679 1639 710 Licentia
1660 678 1704 708 sua
1725 680 1826 709 morari
1845 679 1958 717 potero)
1979 690 2079 711 omnes
2100 680 2316 720 obligationes,
2334 691 2384 720 per

1325 716 1380 747 Me
1401 726 1448 748 aut
1470 718 1565 748 dictos
1586 717 1772 755 Fidejussores
1793 727 1872 747 meos
1895 717 1994 755 faeta,
2012 717 2064 749 sint
2082 720 2206 750 omnino
2216 729 2332 759 vacuae,
2350 722 2385 753 &

1325 765 1379 794 pro
1392 756 1474 787 nullis
1487 757 1649 788 habeantur.

1362 795 1418 833 Et,
1435 795 1454 825 si
1474 794 1606 826 Pecuniae
1624 804 1699 826 meae
1715 803 1765 833 per
1783 793 1865 824 Οᾶο
1881 793 1967 832 Dies,
1991 800 2055 823 ante
2073 793 2164 826 Diem
2179 795 2311 835 cujusque
2330 795 2387 828 So-

1324 832 1438 864 lutionis
1455 833 1590 865 faciendae
1607 835 1637 864 in
1655 833 1773 872 Anglii,
1790 833 1940 863 deveniant
1955 833 1984 862 in
2003 831 2107 862 Villam
2126 832 2265 871 Calefius,
2279 836 2313 867 δε
2331 835 2387 866 ibi-

1324 871 1391 901 dem
1411 873 1590 904 remanserint
1605 872 1640 904 de
1658 871 1784 903 scientia
1795 871 1941 910 Capitanei
1952 878 2000 901 aut
2013 870 2249 902 Locumtenentis
2264 873 2387 910 ejusdem

1324 909 1409 940 Villae
1424 909 1548 941 Calesius
1562 912 1623 950 (qui
1640 912 1674 940 ad
1688 911 1746 941 hoc
1759 912 1881 941 omnino
1895 909 2002 940 debent
2016 909 2095 940 reddi
2123 911 2205 946 certi)
2229 918 2330 948 paratae
2355 920 2387 943 ut

1324 949 1543 990 transmittantur
1555 950 1586 980 in
1601 949 1732 986 Angliam
1743 972 1753 988 ,
1769 949 1864 980 honor
1878 949 1935 979 mei
1949 947 2074 979 Comitis
2088 948 2122 979 &
2137 947 2282 980 ἀὶᾶοωῐη
2302 948 2386 980 Fide-

1323 986 1461 1024 iufforum
1478 997 1611 1018 meorum
1626 987 1659 1018 {it
1670 989 1790 1018 omnino
1804 988 1906 1026 salvus,
1919 996 1952 1017 ac
1964 986 2042 1026 quod
2057 986 2240 1025 Fidejuffores
2255 987 2312 1017 mei
2325 997 2387 1019 non

1324 1025 1532 1068 compellantur
1548 1026 1583 1057 ad
1597 1025 1796 1063 Solutionem,
1814 1025 1944 1057 Pecuniis
1966 1026 2166 1064 existentibus,
2184 1033 2215 1056 ut
2238 1027 2389 1063 praemitti-

1325 1072 1388 1101 tur,
1406 1063 1544 1102 Calelius3
1564 1064 1729 1095 dumtamen
1749 1064 1858 1095 eaedem
1881 1065 2014 1095 Pecuniae
2035 1064 2252 1096 transmittantur
2275 1064 2304 1094 in
2324 1065 2387 1097 An·-

1325 1102 1410 1142 gliam
1420 1125 1430 1141 ,
1447 1103 1480 1134 &
1495 1103 1602 1133 ibidem
1619 1102 1761 1133 solvantur
1776 1103 1805 1133 iri
1819 1102 1913 1133 forma
1925 1102 2095 1141 supradicta,
2114 1100 2148 1134 &
2161 1113 2227 1134 meo
2243 1103 2388 1142 periculo,

1327 1143 1473 1184 quamcito
1488 1142 1595 1173 Ventus
1611 1142 1645 1172 &
1656 1141 1747 1172 Maris
1762 1141 1960 1180 Tranquillitas
1975 1150 2008 1172 ac
2022 1149 2149 1180 paratum
2156 1141 2322 1180 Navigium
2338 1152 2388 1182 pa-

1325 1189 1438 1211 riantur.

1363 1218 1397 1249 ln
1412 1227 1535 1257 quorum
1549 1219 1681 1249 omniurn
1698 1219 1732 1250 &
1744 1218 1914 1257 singulorum
1929 1217 2085 1248 Veritatem
2102 1217 2136 1249 &
2153 1217 2365 1250 Fulcimentum
2374 1241 2386 1258 ,

1324 1267 1359 1287 ac
1380 1257 1415 1288 de
1438 1257 1556 1288 fideliter
1578 1257 1753 1288 observando
1775 1258 1873 1287 omnia
1886 1255 2032 1287 Praemiffa
2047 1257 2080 1287 &
2097 1256 2217 1295 singula,
2236 1257 2271 1287 ad
2283 1257 2386 1288 Sacro-

1326 1296 1418 1373 ssnsstf
1435 1296 1492 1326 Dei
1507 1295 1675 1335 Evangelia,
1694 1306 1742 1335 per
1757 1295 1812 1327 Me
1830 1296 2011 1336 corporaliter
2030 1295 2122 1334 tacta,
2138 1294 2287 1334 corporale
2307 1295 2388 1327 Prae-

1354 1344 1383 1364 iri
1416 1344 1602 1365 uramentum.

1363 1372 1416 1412 Et,
1435 1373 1453 1403 si
1470 1373 1607 1410 praemissa
1616 1396 1626 1412 ‚
1642 1373 1686 1403 vel
1702 1373 1791 1411 aliqua
1804 1371 1974 1403 eorumdem
1989 1372 2109 1411 superius
2122 1381 2171 1410 per
2188 1371 2244 1403 Me
2260 1370 2387 1404 Confes-

1325 1410 1396 1449 sata,
1414 1412 1594 1450 Recognita,
1612 1412 1656 1442 seu
1672 1411 1827 1449 Promffla,
1846 1421 1904 1441 non
1918 1411 2131 1449 observavero,
2149 1412 2194 1442 vel
2216 1411 2316 1443 eadem
2340 1411 2386 1445 stu

1325 1459 1426 1480 eorum
1441 1451 1531 1488 aliqua
1543 1450 1760 1489 quomodolibet
1774 1450 1919 1481 violavero
1936 1449 2027 1488 (quod
2042 1449 2123 1481 Deus
2135 1450 2251 1487 avertat)
2274 1455 2387 1481 exnunc

1326 1498 1411 1532 prout
1433 1498 1557 1528 extunc,
1573 1491 1604 1520 &
1631 1497 1735 1520 extunc
1753 1498 1838 1527 proiit
1858 1489 1877 1508 *¹
1894 1497 2023 1527 exnunc,
2041 1498 2161 1519 omnem
2181 1488 2302 1519 Generis
2317 1487 2387 1519 No·
2408 1489 2427 1510 ²*
2447 1488 2503 1521 IX.

1326 1527 1479 1565 bilitatern,
1496 1537 1529 1558 ac
1548 1528 1702 1559 Honorem
1713 1551 1722 1566 ,
1739 1529 1773 1558 &
1791 1527 2036 1566 Superioritatem,
2060 1527 2222 1571 Armaque,
2247 1528 2281 1559 &
2299 1526 2386 1566 Insig-
2406 1539 2473 1566 444.

1327 1567 1371 1596 nia
1391 1565 1522 1597 Militaria
1535 1589 1544 1604 ,
1568 1568 1665 1597 omnia
1681 1567 1714 1597 &
1737 1567 1841 1605 lingula
1860 1564 2017 1603 Dominia‚
2045 1566 2079 1596 &
2099 1565 2307 1604 Posseffiones,
2330 1565 2386 1597 Di-

1327 1604 1438 1634 stric‘tus
1462 1606 1495 1635 &
1511 1605 1742 1644 jurisdictiones,
1766 1616 1799 1636 ac
1825 1604 1903 1635 Bona
1927 1615 1990 1634 mea
2014 1603 2136 1634 Mobilia
2160 1605 2194 1636 &
2220 1603 2386 1636 Immobilia

1327 1653 1539 1682 quaecumque,
1555 1644 1570 1674 a
1588 1653 1635 1674 me
1652 1643 1772 1681 abdico,
1789 1644 1824 1674 &
1841 1643 1961 1681 eisdem,
1977 1652 2092 1681 propter
2111 1642 2218 1674 Reatfis
2238 1641 2387 1682 Magnitu-

1326 1682 1441 1720 dinem,
1459 1683 1513 1713 Me
1532 1682 1621 1713 fateor
1640 1683 1765 1712 omniuo
1782 1683 1947 1721 indignum,
1964 1691 2068 1719 meque
2085 1684 2166 1712 omni
2182 1681 2309 1712 infamiae
2323 1682 2387 1713 sub-

1326 1721 1401 1759 icio,
1418 1731 1519 1751 omnes
1535 1730 1650 1759 quoque
1668 1720 1802 1751 Subditos
1818 1730 1914 1757 meos,
1930 1722 1963 1751 &
1982 1720 2052 1750 milii
2071 1720 2226 1759 Servitute,
2244 1719 2386 1752 Conven-

1327 1760 1421 1797 tione,
1439 1769 1484 1790 aut
1501 1759 1565 1791 ali-“as
1582 1759 1751 1797 subjectos,
1766 1768 1812 1789 aut
1833 1761 1860 1788 in
1876 1758 2009 1796 Jnribus,
2034 1758 2222 1797 Redditibus,
2249 1758 2388 1790 Pecunia-

1327 1807 1391 1828 rum
1415 1797 1542 1829 Summis
1559 1820 1568 1836 ,
1595 1797 1640 1828 seu
1656 1797 1720 1827 alifis
1738 1797 1956 1835 quomodolibet
1973 1796 2115 1833 obligatos
2129 1820 2138 1835 ,
2164 1798 2180 1827 a
2199 1797 2269 1827 meis
2287 1797 2388 1834 Subje-

1329 1837 1444 1875 c‘tione,
1471 1837 1627 1874 Servitute,
1654 1835 1879 1873 conventione,
1901 1836 1934 1865 ὃ(
1951 1835 2134 1874 obligatione
2146 1835 2220 1872 juris
2239 1835 2391 1874 naturalis,

1328 1874 1488 1915 Gentium,
1509 1875 1553 1906 vel
1572 1874 1678 1912 civilis,
1705 1875 1849 1912 Absolvo,
1875 1874 1925 1911 &,
1949 1873 2069 1904 Tenore
2088 1873 2286 1912 praesentium,
2304 1872 2392 1904 Libe-

1327 1924 1377 1951 ro,
1395 1923 1429 1944 ac
1448 1915 1477 1943 in
1497 1914 1630 1944 omnibus
1652 1913 1771 1943 Liberos
1785 1913 1897 1943 dimitto
1909 1923 1957 1951 per
1972 1911 2138 1950 Praelcntes3
2158 1914 2193 1943 ita
2209 1921 2239 1942 ut
2253 1922 2306 1943 nec
2325 1921 2393 1952 ego,

1327 1962 1382 1983 nec
1401 1952 1539 1983 Haeredes
1554 1976 1564 1990 ,
1590 1952 1742 1991 Allignati,
1760 1952 1806 1982 vel
1825 1951 1996 1982 Executores
2013 1952 2070 1981 mei
2088 1953 2250 1989 quicunque
2261 1974 2270 1989 ,
2287 1951 2391 1989 aliquid

1324 1990 1400 2029 Juris
1417 1991 1568 2021 vendicare
1579 2001 1697 2028 potero,
1720 2000 1767 2021 aut
1789 1992 1910 2028 poterint
1927 1991 1955 2019 in
1971 1989 2088 2020 eisdem:
2111 1990 2268 2027 Liceatque
2286 1998 2391 2022 extunc

1328 2031 1482 2073 unicuique
1500 2029 1633 2059 Personae
1649 2030 1770 2065 publicae
1788 2039 1835 2059 aut
1854 2029 1985 2067 privatae,
2004 2029 2181 2059 Auetoritate
2199 2028 2332 2067 propria,
2347 2039 2391 2060 re-

1328 2069 1435 2106 quiiitae
1453 2091 1462 2106 ,
1489 2077 1536 2099 aut
1554 2078 1613 2098 non
1632 2068 1768 2106 requisitae
1784 2090 1793 2105 ,
1819 2068 1848 2098 in
1868 2067 2081 2106 quibuscunque
2103 2068 2189 2098 Locis
2205 2091 2214 2105 ,
2240 2067 2394 2105 insignibus

1328 2116 1374 2137 aut
1393 2107 1449 2137 aliis
1465 2129 1475 2145 ,
1500 2115 1585 2144 prout
1602 2107 1662 2137 vult
1677 2129 1687 2145 ,
1711 2108 1739 2136 in
1758 2105 1864 2137 Reatsis
1883 2107 1940 2136 mei
1959 2106 2118 2144 hujusmodi
2139 2105 2363 2136 Detestarionem
2382 2130 2393 2145 ‚

1329 2145 1420 2176 Arma
1439 2155 1501 2175 mea
1517 2155 1714 2184 quaecunque,
1728 2145 1797 2184 Jure
1816 2144 2021 2182 Haereditario,
2041 2154 2087 2176 aut
2105 2145 2169 2175 aliiis
2183 2145 2252 2175 mihi
2268 2154 2394 2182 quomo-

1329 2184 1438 2214 dolibet
1457 2185 1623 2222 pertinentia
1640 2209 1650 2223 ,
1676 2183 1847 2221 Reversare‚
1872 2183 1906 2215 δε
1926 2182 2050 2213 Reversa
2069 2192 2193 2221 ponere,
2218 2183 2314 2220 sicque
2333 2184 2395 2214 Re-

1329 2222 1407 2254 versa
1426 2221 1496 2253 stare
1511 2223 1622 2261 facere,
1639 2232 1744 2259 meque
1763 2222 1927 2261 Perjurum,
1945 2221 2075 2252 Infamen
2087 2245 2096 2260 ,
2125 2221 2240 2252 Militiae
2257 2221 2396 2253 Deserto-

1329 2271 1410 2300 rem,
1428 2272 1462 2292 ac
1478 2262 1678 2301 cujuscumque
1694 2260 1830 2291 Criminis
1846 2260 1974 2291 Militaris
1986 2261 2146 2291 obnoxium
2161 2260 2316 2292 declarare·
2339 2271 2395 2293 nec

1330 2310 1367 2330 eo
1384 2308 1521 2345 praetextu
1537 2301 1624 2331 michi
1639 2310 1686 2332 aut
1704 2300 1774 2330 meis
1788 2300 1824 2330 de
1839 2299 1948 2338 aliquali
1971 2298 2076 2339 lnjuria
2093 2308 2256 2338 teneantur,
2274 2285 2321 2330 sed
2342 2300 2396 2332 sint

1330 2348 1454 2370 omnino
1471 2348 1621 2370 immunes.

1367 2377 1425 2416 Et,
1439 2386 1469 2408 ut
1486 2379 1584 2408 omnia
1602 2376 1765 2414 Praemiss‘a,
1784 2376 2004 2414 Confeffiones,
2021 2375 2262 2416 Recognitiones,
2279 2374 2394 2408 Profes-

1331 2417 1437 2454 nones,
1452 2415 1668 2455 obligationes,
1686 2415 1909 2455 Assignationes,
1928 2414 2149 2452 Promiffiones,
2176 2414 2394 2453 Abdicationes‚

1330 2455 1530 2487 Absolutiones
1545 2478 1555 2493 ,
1574 2455 1768 2486 Liberationes
1785 2477 1794 2493 ,
1812 2455 1845 2485 δε
1865 2453 2094 2492 Reversationes,
2122 2454 2204 2490 plene
2223 2454 2252 2483 in
2270 2453 2323 2484 suis
2338 2451 2396 2484 Ca·

1331 2496 1403 2525 sibus
1423 2495 1582 2532 perimpleri
1603 2503 1736 2530 poterunt
1755 2495 1783 2523 in
1802 2502 1920 2531 eventu,
1937 2492 2083 2530 omnisque
2101 2491 2321 2528 Contradictio,
2342 2491 2397 2530 Ju-

1332 2535 1368 2563 ris
1386 2532 1574 2563 Coartatione
1590 2534 1624 2564 &
1643 2532 1822 2563 Executione
1837 2554 1846 2567 ‚
1870 2530 2016 2569 compesci
2036 2530 2142 2560 realiter
2168 2539 2237 2561 cum
2260 2529 2367 2560 effeetu
2384 2554 2396 2568 ,

1332 2571 1452 2602 Tenore
1471 2571 1653 2602 Praesentium
1674 2570 1745 2608 Me,
1770 2571 1803 2602 &
1822 2569 1901 2600 Bona
1919 2579 1980 2600 mea
1999 2578 2195 2607 quaecunque,
2219 2567 2343 2599 Mobilia
2360 2569 2396 2601 &

1333 2609 1516 2645 Immobilia‚
1541 2609 1677 2640 submitto
1692 2608 1902 2647 Jurisdictioni,
1927 2607 2114 2644 Cohertioni,
2140 2607 2173 2638 ὃ(
2192 2606 2396 2645 Compulsioni

1334 2647 1432 2678 Curiae
1449 2649 1482 2678 ὃς
1501 2647 1630 2678 Camerae
1650 2646 1844 2684 Apostolicae,
1869 2657 1903 2677 ac
1922 2649 2036 2676 Domini
2052 2644 2133 2685 nostri
2149 2647 2250 2684 Papae,
2273 2646 2322 2684 qui
2340 2655 2395 2683 pro

1333 2686 1485 2724 Tempore
1500 2686 1598 2716 fuerit:
1626 2686 1660 2715 ὃς
1679 2685 1778 2723 ipsius,
1802 2684 1860 2715 five
1879 2684 2001 2722 ipsorum
2021 2682 2120 2715 Curiae
2137 2683 2270 2715 Camerae
2289 2683 2396 2716 Carne-

1333 2726 1411 2762 rarii,
1431 2724 1594 2761 Auditoris,
1612 2723 1834 2761 Vicmuditoris,
1852 2723 1885 2754 ὃ(
1905 2722 2119 2760 Commissarii,
2135 2732 2169 2754 ac
2185 2722 2331 2761 cujussibet
2346 2732 2398 2753 eo-

1333 2763 1483 2801 rumdem,
1500 2762 1634 2801 ipsiusque
1653 2761 1828 2800 Marescalli,
1852 2761 1884 2792 &
1904 2761 2050 2800 cujussibet
2067 2760 2316 2793 Subexecutorum
2333 2760 2398 2791 suo-

1334 2812 1414 2839 rum,
1433 2811 1548 2832 necnon
1565 2800 1757 2838 cujuscunque
1775 2799 1970 2839 Imperatoris,
1990 2799 2095 2839 Regis,
2111 2799 2273 2838 Principis,
2291 2798 2396 2836 Ducis,

1334 2840 1566 2878 Archiepiscopi,
1582 2839 1735 2878 Episcopi,
1752 2838 1946 2877 Marchionis,
1964 2839 2108 2876 Comitis,
2127 2837 2259 2875 Batonis,
2278 2836 2397 2868 Exerci-

1335 2889 1416 2910 tuum
1432 2878 1658 2916 Constabularii,
1675 2877 1852 2915 Marescalli,
1869 2877 2090 2915 Capitaneorum
2109 2876 2267 2907 Armorum
2285 2874 2398 2915 Regis,

1336 2918 1470 2958 Majoris,
1488 2917 1650 2955 Praepositi,
1670 2916 1810 2947 Portuum
1825 2926 1858 2946 ac
1879 2915 2017 2947 Pontium
2037 2913 2189 2953 Custodis,
2207 2913 2398 2952 Ballivorum,

1334 2966 1381 2987 aut
1400 2966 1501 2988 eorum
1523 2955 1777 2991 Locatenentium;
1797 2955 1830 2986 &
1844 2954 1963 2985 aliorum
1977 2962 2231 2992 quorumcumque
2244 2952 2398 2984 Domino-

1335 3005 1416 3034 rum,
1446 2995 1579 3032 udicum,
1594 3002 1651 3025 tam
1666 2993 1942 3032 Ecclesiasticorum,
1952 2992 2038 3030 quam
2052 2991 2246 3030 Secularium,
2264 3001 2398 3030 quocun-

1334 3044 1390 3073 que
1443 3035 1541 3064 omine
1556 3033 1601 3063 vel
1617 3032 1730 3063 Officio
1744 3031 1922 3068 censeantur,
1941 3032 2024 3061 etiam
2040 3030 2058 3060 fi
2072 3030 2182 3069 judices
2196 3029 2320 3061 Pedanei
2332 3031 2394 3062 fue-

1334 3074 1408 3110 rint,
1428 3074 1475 3111 qui
1488 3073 1567 3110 super
1582 3072 1641 3102 hoc
1653 3071 1759 3101 fuerint
1776 3078 1822 3099 aut
1837 3068 1919 3100 fuerit
1932 3070 2072 3107 requisiti,
2090 3069 2135 3099 seu
2149 3078 2248 3100 coram
2269 3078 2329 3106 quo
2350 3068 2396 3099 vel

1334 3113 1438 3150 quibus
1455 3111 1577 3179 (Ἕω-613
1591 3110 1709 3140 extiterit
1724 3109 1759 3138 de
1774 3107 1942 3146 Praemiffis,
1957 3108 2002 3138 vel
2017 3108 2113 3144 aliquo
2129 3106 2311 3146 eorumdem,
2321 3117 2395 3145 quo-

1335 3160 1399 3180 rum
1413 3149 1491 3188 Juris
1506 3149 1640 3179 idtionem
1650 3170 1660 3184 ,
1677 3147 1696 3176 fi
1712 3147 1774 3177 alias
1791 3147 1847 3177 mei
1857 3146 1969 3186 judices
1984 3156 2043 3177 non
2055 3146 2159 3178 fuerint
2170 3169 2180 3185 ,
2198 3146 2331 3185 Prorogo
2344 3155 2395 3183 per

1336 3187 1501 3226 Expressum
1517 3189 1544 3217 in
1562 3187 1615 3216 hac
1633 3185 1726 3215 Parte.

1373 3227 1488 3264 Qibus
1504 3224 1619 3263 quidem
1631 3223 1782 3262 Judicibus
1797 3224 1830 3255 &
1846 3222 1974 3254 Personis
1987 3221 2108 3262 superius
2123 3223 2397 3261 nominatis,0mni-

1334 3266 1387 3295 bus
1401 3266 1434 3295 &
1448 3264 1575 3302 lingulis,
1595 3271 1718 3301 quorum
1730 3261 1922 3300 JurisdiCtioni
1939 3261 2058 3299 superius
2074 3261 2128 3292 Me
2143 3260 2285 3298 submiffi,
2303 3261 2332 3291 in
2354 3259 2395 3290 Ε-

1337 3313 1423 3334 ventu
1440 3302 1591 3340 praedicto,
1611 3300 1759 3337 concedo,
1778 3301 1811 3331 &
1831 3300 1884 3330 Mc
1896 3301 2047 3338 specialiter
2060 3301 2091 3330 in
2110 3301 2166 3330 hoc
2187 3298 2312 3336 ipsorum
2335 3297 2395 3328 Di-

1337 3342 1477 3371 stric‘iioni
1492 3341 1617 3377 subicio,
1636 3348 1683 3378 ut,
1700 3339 1719 3369 si
1738 3349 1788 3377 per
1802 3339 1924 3377 ipsorum
1947 3339 2100 3377 Civitates,
2116 3337 2233 3374 Castra,
2250 3336 2398 3373 Passagia‚

1337 3380 1459 3417 Pontes,
1473 3379 1576 3409 Terras
1585 3402 1594 3417 ,
1610 3377 1763 3408 Distritstus
1799 3378 1844 3408 seu
1856 3378 2031 3414 Territoria,
2043 3385 2089 3408 aut
2100 3376 2151 3406 alia
2169 3375 2249 3405 Loca
2262 3383 2398 3411 qu‘ecun-

1337 3428 1393 3455 que
1410 3417 1465 3447 Me
1484 3419 1581 3448 venire
1594 3417 1756 3455 contingat,
1771 3401 1922 3447 Personam
1943 3425 2054 3453 meam,
2066 3414 2230 3450 Omniaque
2242 3411 2321 3442 Bona
2334 3421 2398 3443 mea

1338 3456 1447 3487 ibidem
1461 3465 1586 3493 reperta,
1602 3456 1738 3493 retinere,
1757 3455 1789 3486 &
1803 3455 1885 3485 dicto
1904 3451 2145 3485 Excellentiffimo
2166 3451 2291 3489 Principi
2318 3450 2399 3480 resti-

1338 3504 1418 3526 tuere
1430 3496 1552 3533 poterint
1563 3504 1611 3524 aut
1621 3502 1782 3524 teneantur:
1800 3493 1948 3532 Quodque
1962 3491 2060 3530 singuli
2070 3489 2215 3528 Judicium
2230 3498 2328 3518 contra
2343 3488 2398 3519 Me

1339 3533 1493 3571 procedere
1509 3533 1633 3570 poterint
1650 3531 1716 3569 (Me
1730 3531 1764 3561 ad
1782 3532 1838 3561 hoc
1853 3539 1974 3569 vocato,
1993 3529 2037 3560 vel
2053 3537 2112 3558 non
2136 3527 2251 3564 vocato)
2277 3526 2400 3557 summa-

1340 3574 1381 3602 rie
1395 3574 1428 3601 ὅ(
1440 3571 1474 3601 de
1492 3571 1592 3608 plano,
1609 3569 1739 3607 inquifita
1754 3569 1810 3600 sola
1824 3569 1890 3600 faeti
1903 3567 2041 3604 Veritate,
2061 3565 2116 3596 sola
2131 3565 2303 3603 inspectione
2325 3576 2398 3603 prae-

1338 3611 1419 3641 sentis
1432 3609 1612 3639 Instrumenti
1622 3632 1632 3646 ,
1650 3609 1696 3638 seu
1712 3607 1818 3646 Copiae
1831 3606 1951 3639 eiusdem
1961 3628 1971 3643 ,
1987 3605 2036 3635 sub
2049 3603 2144 3642 Sigillo
2157 3605 2300 3634 autentico
2320 3605 2402 3634 Vidi-

1339 3659 1395 3678 mus
1411 3647 1616 3686 Sigillatorum,
1635 3656 1686 3683 pro
1700 3645 1823 3685 plenaria
1841 3644 2029 3681 Probatione,
2046 3651 2111 3680 quae
2125 3642 2154 3671 in
2168 3642 2248 3671 omni
2269 3642 2342 3673 Casu
2368 3644 2399 3674 in

1341 3688 1392 3717 hac
1406 3695 1480 3724 parte
1495 3685 1610 3716 sufficiat
1621 3687 1763 3715 contenti:
1786 3693 1887 3721 meque
1905 3689 2008 3718 cogant
2022 3681 2055 3711 &
2078 3680 2253 3717 compellant
2274 3680 2308 3710 ad
2331 3680 2400 3711 ob-

1342 3726 1527 3756 servationem
1540 3724 1683 3754 Omnium
1697 3724 1730 3753 &
1745 3722 1930 3761 Singulorum
1944 3718 2158 3749 Praemissorum
2167 3742 2177 3756 ,
2191 3720 2224 3749 δε
2237 3728 2321 3758 cogat
2335 3721 2398 3757 qui-

1342 3763 1412 3793 libet
1431 3762 1600 3793 eorumdem
1612 3784 1621 3799 ,
1640 3762 1724 3791 etiam
1741 3771 1789 3798 per
1805 3758 2118 3801 Excomrnunicationis
2139 3757 2186 3787 vel
2203 3757 2352 3788 InterdiCti
2373 3759 2403 3788 in

1343 3801 1495 3832 Personam
1511 3802 1543 3832 ὃς
1561 3799 1701 3830 Dominia
1716 3809 1777 3829 mea
1792 3797 1946 3829 Sententias
1959 3795 2102 3833 speciales·‚
2118 3805 2164 3827 me
2180 3796 2289 3833 insuper
2303 3795 2405 3834 Perju-

1343 3849 1408 3870 rum
1419 3861 1428 3876 ,
1447 3838 1595 3875 infamen,
1613 3838 1694 3867 omni
1710 3837 1850 3873 Honore,
1869 3834 2081 3872 Superioritate,
2101 3833 2217 3872 Armis,
2232 3834 2404 3872 &Insigniis

1345 3877 1532 3914 Militaribus,
1551 3875 1716 3912 Dominiis,
1736 3873 1973 3909 Poffeffionibus‚
1989 3871 2186 3911 Districfiibus,
2198 3872 2406 3911 jurisdictioni-

1343 3916 1415 3953 bus,
1432 3925 1466 3945 ac
1489 3914 1574 3945 Bonis
1593 3914 1744 3949 omnibus,
1763 3911 1923 3943 Mobilibus
1945 3911 1977 3940 &
2001 3909 2219 3950 Immobilibus,
2237 3921 2287 3948 per
2311 3910 2407 3941 Abdi-

1343 3954 1489 3986 canonem
1514 3962 1608 3984 meam
1628 3951 1793 3990 praedietam
1813 3951 1970 3991 privatum3
1990 3949 2146 3989 omnesque
2169 3949 2320 3989 Subditos,
2342 3948 2407 3978 Ser-

2339 3995 2409 4026 vos,
