2562 4274
19 185 96 217 Arm.
111 185 153 217 D.

46 232 131 263 1412.

17 267 81 293 Hen.
98 276 125 301 4.

36 500 141 528 0v111.

40 547 104 572 720.

44 3250 61 3267 ὅ*
74 3246 157 3276 VIII.

48 3298 114 3324 72¹·

31 3363 108 3394 Ann.
124 3360 167 3392 D.

54 3411 141 3439 1412.

31 3444 84 3469 An.
108 3449 150 3477 13.

168 105 195 143 6

169 188 295 231 Desbrtes
309 188 347 226 (ξ’
362 192 427 219 Miz
441 187 502 218 hors
511 193 564 225 par
581 184 618 216 les
630 187 744 215 Guerres
758 182 894 224 &forces
909 184 940 214 de
955 194 1014 214 voz
1028 181 1159 217 Artemis,
1178 178 1224 218 qui

167 239 218 269 par
238 228 297 266 long
314 236 397 266 temps
415 233 480 257 aunt
498 227 562 254 dure
576 236 609 254 en
625 224 714 263 vestre
730 224 771 253 dit
790 226 867 253 Paiis
882 224 913 253 de
928 226 1066 258 Guienne,

208 272 284 297 Come
296 266 369 297 ceuLx
385 269 432 307 qui
440 274 508 304 pour
514 263 614 301 garder
633 262 692 292 lour
710 261 843 292 Loiaulte
854 272 953 291 envers
969 259 1057 300 vestre
1083 252 1225 302 tresexcel-

168 306 225 336 lent
238 309 355 336 Courone
368 312 415 334 ont
429 302 521 334 voullu
536 302 567 331 de
580 307 639 330 tout
653 301 684 330 de
705 303 820 339 Guerpir
838 299 876 335 (ἐν
898 299 966 339 leffir
984 306 1050 329 touz
1069 296 1138 326 leurs
1162 295 1226 323 dttz

167 348 312 382 Heritages
325 341 363 377 (ῥ’
376 346 459 372 Biens
472 339 671 379 deſjbutzditz,
686 339 718 368 de
732 350 798 378 quoy
810 337 939 378 pleuseurs
954 349 971 367 a
995 335 1069 375 cause
1089 335 1120 364 de
1142 344 1181 363 ceo
1192 330 1225 372 fi’

158 382 227 423 sont
242 381 396 412 Retrachez
409 392 442 410 en
455 380 542 418 vestre
556 378 675 408 Roialme
688 377 892 416 d'Engleterre,
910 375 948 412 &¹
956 375 1077 414 plufi’urs
1102 379 1193 402 autres
1204 382 1226 411 y

157 421 224 461 sont
242 431 336 450 vrnuz
354 420 474 448 dernurer
489 419 521 448 de
533 416 589 446 leur
607 417 658 447 bon
669 427 733 454 gre,
1205 451 1208 455 .

206 463 260 490 Les
273 456 363 498 quielx
377 464 442 486 tant
455 457 499 486 des
512 466 561 486 uns
573 467 623 495 que
636 457 682 485 des
700 463 791 485 autres
803 455 834 493 fi¹
848 454 930 493 fiunt
956 456 1066 483 Illarces
1083 462 1116 480 en
1139 448 1228 487 vestre

164 499 206 529 dit
226 495 377 533 Roiaulme,
396 497 414 514 ⁷*
432 507 464 525 en
476 494 596 533 pMfturs
611 494 708 524 bonnes
723 497 751 524 V
751 494 823 531 illes,
843 493 881 528 ὠ·
909 499 1001 522 autres
1024 494 1115 521 Lieux
1139 487 1227 517 d'icel-

165 536 227 575 luy,
247 546 272 565 es
290 533 371 575 quelx
385 532 418 563 ils
427 533 495 573 sont
506 536 699 563 Demourantz
714 531 751 566 ὠ»
768 531 927 570 Habitum,
946 541 1041 560 comme
1061 539 1119 557 voz
1141 536 1226 561 vrays

167 578 278 612 Lieges,
296 572 334 607 (ῥ’
343 583 364 611 y
378 579 426 602 ont
441 575 546 612 acquis,
562 579 614 610 par
631 571 688 601 leur
708 578 793 608 grant
819 570 934 599 Labour
956 567 993 602 &0
1016 564 1151 604 Travail,
1164 564 1232 609 plu-—

159 614 238 652 seurs
252 611 392 652 Hostielx,
411 614 522 649 Terres,
541 609 660 648 Rendes,
679 609 843 648 Poffeffions,
861 607 899 642 (θ’
917 611 1068 644 Revemoes,

206 653 246 680 Et
253 650 312 689 soit
326 648 403 689 ainffi
418 660 467 690 que
495 648 619 687 leuseurs,
636 659 694 678 nees
709 649 739 677 de
754 647 841 687 vestre
858 648 899 676 dit
918 643 1054 683 Rutulum,
1068 652 1122 687 par
1136 642 1231 681 grand

168 687 240 728 Mes
246 693 301 727 ris,
318 687 375 719 leur
383 687 448 727 font
477 704 482 710 =
513 688 605 724 diem,
630 687 661 716 de
685 686 743 723 jour
767 698 799 715 en
824 686 883 723 jour
898 707 907 723 ,
922 684 1040 723 pluseurs
1060 686 1166 720 InJures
1188 680 1226 716 ὠ·

164 698 303 759 γίίᾶἰνιες
315 750 325 766 ,
342 738 411 757 come
427 727 458 757 de
471 726 509 756 les
524 724 637 765 appeller
651 724 805 763 Amana,
821 723 859 759 <sy
884 730 976 753 autres
990 720 1110 762 pluseurs
1131 723 1228 750 Incon-

166 770 294 798 venients

203 808 258 835 Les
276 789 358 846 quelx
376 804 492 843 Injuries
507 802 563 833 leur
571 802 635 842 fhnt
652 801 736 843 faitz
751 815 769 832 a
790 800 935 841 tresgrand
955 798 1071 838 Mespris
1090 799 1122 828 de
1142 796 1231 836 vestre

168 845 226 875 dite
240 846 317 874 Paiis
331 844 362 873 de
375 847 512 880 Guienne,
532 840 570 876 ό·
588 841 620 871 de
630 849 714 879 grant
730 840 840 871 Loialte
854 839 915 879 q’z‘ls
939 846 985 868 ont
1011 837 1113 867 toutdis
1130 846 1229 866 envers

167 882 257 923 vestre
271 883 328 912 dite
342 885 495 919 Courmne,
513 880 550 916 ώ-
566 891 584 909 a
598 880 656 910 leur
659 879 815 941 'perpetuele
828 878 866 913 &
872 877 968 918 finelle
984 875 1172 916 Destruetion,
1186 885 1227 904 co-

168 933 210 952 me
228 920 303 951 ceulx
319 924 367 960 qui
379 933 411 950 ne
416 918 531 958 flauent
548 918 608 948 aler
627 918 739 948 ai.lours
753 926 823 956 pour
848 919 970 956 acquerir
990 914 1047 944 leur
1068 917 1096 944 V
1096 918 1148 949 ies,
1172 913 1229 942 leur

167 962 282 990 Honeur
292 959 393 997 garde,
405 958 433 998 st
449 958 481 987 de
496 956 584 997 vestre
600 957 711 994 benigne
726 961 814 986 Grare
828 966 860 984 en
875 958 935 984 Pite
949 965 981 983 ne
997 952 1054 982 leur
1075 951 1111 992 est
1120 951 1172 992 fi‘r
1185 961 1228 981 ceo

165 1000 294 1029 Pourveu
309 998 340 1026 de
356 997 467 1027 Remede
477 994 614 1033 gracieulx
627 994 665 1029 (ἔγ
683 993 837 1032 covenable,

207 1037 285 1076 Q’il
299 1035 380 1072 plaise
394 1046 409 1066 a
423 1034 514 1065 vestre
528 1033 640 1064 Roialle
655 1032 887 1071 Magnificence,
904 1031 935 1060 de
951 1029 1038 1069 vestre
1057 1031 1144 1059 Grace
1159 1028 1228 1068 ese—

165 1075 251 1112 ciale‚
267 1080 399 1111 graunter
413 1084 444 1112 qe
459 1080 545 1102 tontes
560 1081 664 1100 manfrs
679 1072 722 1100 des
744 1074 836 1100 Gentz
852 1095 861 1108 ‚
888 1081 944 1100 voz
970 1072 1066 1106 Lieges
1087 1068 1120 1097 de
1139 1079 1175 1098 ve
1200 1076 1229 1096 re

167 1114 210 1144 dit
222 1115 297 1142 Patis
311 1112 343 1141 de
357 1114 499 1151 Guyenne,
518 1109 697 1151 quelxconque
713 1108 750 1144 &⁵
771 1110 802 1139 de
816 1108 926 1149 quelque
949 1107 1018 1148 estat
1043 1118 1074 1136 ou
1096 1108 1229 1137 condition

164 1163 198 1192 qe
205 1149 310 1191 soient,
329 1153 374 1190 qui
393 1162 410 1178 a
416 1149 523 1191 present
529 1148 597 1189 ant
616 1152 805 1178 Demourantz
824 1159 855 1177 en
874 1145 963 1186 vestre
978 1147 1034 1176 dite
1053 1145 1181 1176 Roialme,
1192 1143 1231 1180 ὦ·

157 1202 182 1230 y
197 1197 245 1219 ont
259 1193 425 1225 Demourre,
442 1200 475 1218 ou
485 1188 593 1227 ferrent
609 1190 864 1265 Demourantzstpar
878 1194 959 1224 temps
973 1197 991 1215 a
1008 1187 1105 1223 venir,
1123 1183 1161 1219 &
1174 1183 1233 1214 leur

165 1231 249 1258 Heirs
263 1227 300 1263 ὠ·
315 1226 474 1296 διαιεβυιινς
487 1239 505 1256 a
513 1227 636 1265 jamnis,
651 1225 767 1265 puiffiwt
780 1238 793 1255 e
818 1236 846 1255 re
861 1223 983 1254 declarez
998 1247 1007 1261 ,
1035 1229 1147 1261 reputez
1159 1247 1169 1262 ,
1189 1233 1232 1252 re-

163 1267 277 1305 cordez,
296 1265 334 1303 ό
342 1275 380 1305 pu
399 1265 471 1305 liez,
488 1277 522 1295 en
539 1263 588 1305 cest
602 1264 776 1303 Parlement,
789 1272 842 1303 pur
867 1274 927 1293 voz
943 1261 1059 1292 Foiaulx
1078 1264 1174 1299 Lieges
1192 1260 1231 1297 ὠ

165 1306 291 1336 Loiaulx

205 1346 246 1374 Et
264 1328 349 1384 qu'h'lx
360 1342 477 1384 puiſjent
493 1346 641 1378 Denturer,
666 1341 768 1373 Vendre
782 1363 792 1379 ‚
818 1337 856 1375 ᾤ’
882 1339 1026 1378 Achater,
1047 1337 1167 1378 Poffi’der
1193 1336 1231 1372 &-

164 1384 301 1423 'Aequirir
319 1385 424 1421 Terras,
442 1383 564 1419 Rendes,
580 1379 746 1420 Poffi’ffions,
764 1383 945 1417 Tenernentz,
969 1376 1007 1413 ὠ
1030 1385 1124 1407 autres
1149 1379 1233 1406 Biens

168 1422 286 1462 quielcon
305 1432 349 1459 es,
362 1430 431 1460 pour
448 1419 528 1459 eulx,
547 1418 585 1455 εἰς’
598 1428 667 1458 pour
681 1418 750 1449 leurs
768 1421 868 1456 Heirs,
886 1417 924 1453 ὠ·
937 1414 1110 1456 Succeffours,
1127 1415 1234 1445 dedeins

167 1460 257 1500 vestre
272 1433 315 1491 agt
332 1458 463 1499 Roialme,

205 1501 247 1528 Et
263 1498 350 1539 qu'ilx
363 1497 478 1537 putffent
495 1496 571 1536 ufer,
579 1497 669 1536 joier,
687 1496 724 1530 ὠ
740 1494 868 1534 exploiter
884 1492 1069 1532 generalment
1094 1494 1126 1524 de
1152 1499 1234 1522 toutz

168 1537 227 1568 leur
241 1541 323 1567 Brens
340 1540 449 1575 Terres,
467 1536 587 1573 Rendes,
607 1535 774 1575 Pofflffions,
792 1533 933 1574 Hosteilx,
950 1531 1166 1572 Esmolumentz,
1183 1535 1234 1561 Te-

170 1583 298 1606 nementz
314 1598 324 1614 ‚
341 1579 475 1613 Devoz'rs,
502 1573 540 1608 d*-
560 1577 698 1604 Revenues
713 1596 721 1612 ,
739 1582 793 1612 par
816 1573 878 1602 eulx
901 1575 1009 1612 Acquis
1036 1582 1069 1601 ou
1093 1575 1234 1612 Acquerre

169 1613 386 1655 quielxconques,
414 1620 525 1643 iuvant
541 1623 635 1641 comme
648 1624 704 1642 vaz
722 1619 812 1641 autres
832 1614 927 1649 Lieges
946 1620 1006 1640 nees
1025 1610 1129 1640 dedeins
1149 1608 1237 1648 vestre

169 1654 229 1684 dite
247 1654 366 1684 Roialme
404 1651 584 1689 ⁷E71gleterre,
601 1662 694 1680 comme
707 1651 777 1680 droit
793 1648 831 1683 (ἐν
847 1649 936 1688 raison
953 1649 978 1678 le
998 1652 1146 1689 requirent,

200 1693 261 1730 Et,
279 1702 313 1721 en
329 1698 422 1729 outre,
443 1689 617 1720 comm-ander
640 1688 677 1723 ὠ·
705 1688 822 1725 Clmrger
841 1688 1020 1728 estroitement
1038 1699 1056 1716 a
1081 1695 1162 1717 toutz
1179 1698 1237 1717 voz

172 1729 309 1770 Justicers
325 1753 335 1768 ,
355 1729 480 1769 Officers,
499 1728 617 1766 Subgiz,
637 1727 674 1762 (ἔγ
696 1728 852 1765 Mzmstres,
870 1726 908 1763 ᾤ’
934 1740 951 1756 α
976 1726 1084 1765 chesrun
1105 1727 1137 1756 de
1155 1726 1235 1765 eulx,

170 1767 210 1804 ό·
230 1780 248 1799 a
264 1775 331 1798 touz
349 1780 407 1798 voz
422 1775 514 1797 autres
536 1770 630 1803 Lieges
645 1765 863 1807 quielxronques,
882 1777 932 1806 que
949 1777 967 1794 a
985 1776 1042 1795 voz
1061 1766 1123 1795 ditz
1142 1767 1237 1801 Lieges

170 1809 203 1838 de
221 1807 308 1847 vestre
327 1807 383 1836 dite
402 1809 476 1836 Paiis
495 1807 526 1835 de
544 1809 685 1845 Guyenne,
704 1808 897 1834 Demourantz
915 1815 951 1833 au
963 1804 1071 1842 present
1090 1815 1123 1833 en
1148 1804 1236 1844 vestre

167 1847 211 1877 dit
229 1844 424 1883 Roiaulmc’,&
442 1849 488 1885 qui
501 1856 521 1884 y
534 1850 599 1874 ount
618 1845 748 1882 demonre,
756 1855 787 1873 ou
815 1843 997 1872 demvm-„oront
1013 1853 1044 1872 ou
1065 1842 1234 1881 habiteront,

169 1883 210 1920 ό·
227 1896 246 1914 a
264 1883 335 1914 leurs
350 1887 433 1914 Heirs
451 1895 483 1913 ou
503 1881 676 1922 Succeffiturs,
692 1886 738 1923 qui
756 1892 811 1911 ores
824 1883 886 1918 sont
905 1905 914 1920 ,
932 1893 965 1911 ou
974 1889 1028 1920 par
1047 1887 1131 1919 temps
1149 1894 1166 1911 a
1183 1892 1234 1912 ve-

168 1927 214 1954 nir
224 1921 350 1961 serrant,
369 1934 402 1952 ne
414 1921 515 1962 fricent
533 1933 565 1951 ne
577 1921 710 1961 seuffrent
726 1920 791 1961 estre
801 1920 865 1961 fait
880 1944 889 1959 ,
906 1931 937 1950 ou
954 1932 972 1949 a
991 1919 1073 1959 ascun
1090 1921 1121 1949 de
1140 1919 1204 1950 eulx
1223 1945 1233 1959 ‚

170 1961 256 2001 Mal,
274 1964 416 1999 Damage,
435 1964 531 1999 Force,
549 1963 709 1997 Grevance,
723 1959 892 2000 Destourbier
908 1982 918 1998 ,
942 1970 974 1988 ne
993 1957 1209 1997 Empeschement
1225 1982 1235 1998 ,

168 2012 202 2031 en
220 2004 300 2038 Corps
319 2011 352 2030 ne
369 2012 402 2030 en
421 1998 490 2029 leurs
507 2002 604 2038 Biens,
624 2010 651 2038 cy
666 1997 750 2038 deffics
767 1997 891 2028 declarez
907 1995 946 2032 ὠ
972 1997 1116 2037 expreſjes,
1135 2009 1168 2028 ne
1185 2009 1236 2027 au-

169 2046 242 2077 tres,
259 2050 292 2068 en
310 2037 383 2068 nulle
401 2049 524 2077 manere,
537 2046 590 2076 par
608 2036 680 2067 nulle
695 2041 756 2067 voie
773 2048 805 2066 ou
821 2037 953 2067 condition
970 2047 1020 2077 que
1038 2047 1080 2066 ceo
1090 2038 1160 2075 Joit,

209 2079 269 2115 Et,
280 2076 306 2116 fi
323 2088 424 2107 aucune
440 2076 512 2117 chose
527 2076 601 2117 estoit
612 2075 690 2115 faite
713 2088 731 2106 a
754 2075 897 2106 I'encontre
944 2086 994 2116 que
1011 2074 1170 2115 presternent
1195 2075 1234 2111 ῥ’

167 2114 241 2155 fisnz
259 2115 346 2146 delaie
364 2115 390 2145 le
408 2115 500 2154 facent
518 2123 642 2154 reparer,
662 2113 700 2150 ὠ·
720 2121 815 2145 mettre
834 2125 866 2144 en
885 2099 968 2156 estate
982 2114 1071 2152 dehu,

206 2157 248 2184 Et
255 2154 307 2194 fier
325 2165 367 2184 ceo
379 2154 470 2195 facez
480 2153 630 2185 Inhibition
646 2152 685 2188 ᾤ’
704 2153 904 2183 Proclamation
921 2165 939 2182 a
955 2160 1021 2183 touz
1039 2163 1096 2183 voz
1115 2155 1210 2192 Lieges
1228 2177 1237 2193 ,

165 2201 221 2233 par
239 2200 327 2223 toutes
345 2192 382 2222 les
399 2193 494 2223 bonnes
513 2195 541 2223 V
541 2192 599 2222 illes
617 2191 655 2228 (ἔφ’
674 2199 763 2222 autres
782 2195 873 2222 Lieux
890 2192 922 2222 de
940 2191 1029 2231 vestre
1053 2194 1109 2222 dite
1126 2192 1238 2222 Romul-

170 2244 223 2271 me,
241 2243 291 2273 que
313 2231 399 2261 d'ores
416 2243 449 2262 en
466 2239 557 2261 avant
575 2242 608 2261 ne
625 2230 662 2260 les
679 2230 796 2261 vuillent
814 2229 928 2269 appeller
945 2230 1101 2269 Alliantz,
1124 2243 1157 2261 ne
1181 2233 1238 2262 dire

169 2281 284 2301 aucunes
302 2273 331 2300 V
331 2269 437 2308 illeine,
455 2271 588 2308 Injuries,
607 2281 641 2299 ne
659 2268 819 2307 Reproches,
830 2270 881 2308 sur
905 2268 977 2298 tielle
996 2272 1078 2299 Peine
1101 2281 1195 2299 comme
1216 2281 1235 2299 a

169 2309 259 2350 vestre
276 2308 473 2348 treffexcellente
491 2306 652 2346 diJIretion,
674 2316 725 2346 pm·
747 2311 813 2337 avis
836 2306 874 2342 όν
897 2307 1071 2338 deliberation
1097 2308 1130 2338 de
1150 2308 1238 2348 vestre

170 2347 369 2385 trelhonurable
385 2346 503 2386 Conscil,
514 2346 646 2385 semblera
665 2345 764 2375 mieulx
783 2357 799 2374 a
812 2343 891 2384 faire
909 2357 942 2375 en
958 2345 1010 2375 tiel
1026 2350 1088 2384 Cas,

205 2383 250 2416 ‘Et
265 2397 316 2428 que
334 2393 422 2415 toutes
439 2396 478 2415 ces
496 2384 588 2423 Choses
604 2383 754 2424 deffirsiiites
768 2384 883 2423 pmffi’nt
903 2383 969 2422 estre
985 2387 1102 2415 Entrees
1120 2383 1158 2420 ὠ
1175 2388 1238 2416 En-

173 2427 260 2455 at‘i‘ees
287 2437 319 2455 en
346 2424 418 2454 Rolle
444 2425 475 2453 de
493 2423 647 2454 Parlement
667 2425 698 2452 de
716 2424 816 2453 Record
848 2421 886 2457 ῤ’
900 2426 945 2463 qui
956 2422 1071 2462 puiffent
1089 2423 1154 2464 estre
1169 2428 1235 2455 Pro-

171 2465 277 2494 claimes
293 2472 346 2500 par
366 2469 451 2492 toutes
471 2462 507 2491 les
523 2466 628 2498 Citces,
653 2461 777 2499 Burgus,
818 2477 823 2483 ⁴
867 2461 964 2490 bonnes
996 2465 1023 2491 V
1027 2462 1102 2500 illes,
1126 2462 1164 2498 (ff
1184 2472 1238 2502 par

171 2508 259 2571 tzutes
277 2501 314 2531 les
334 2505 447 2531 Countes
469 2499 674 2539 d'Engleterre,
686 2508 752 2539 pour
776 2503 847 2530 Dieu
871 2498 909 2535 ό·
934 2511 968 2530 en
991 2509 1066 2530 oeure
1091 2501 1123 2531 de
1141 2501 1238 2542 fhinte

171 2553 183 2573 c
205 2547 283 2572 urite.

211 2618 224 2649 I
235 2626 259 2648 Ν
268 2626 280 2649 s
289 2625 308 2647 P
318 2625 336 2648 Ε
344 2627 361 2648 x
370 2626 381 2647 1
390 2626 417 2648 M
427 2626 449 2648 U
459 2626 471 2648 s
480 2616 563 2648 eriam
578 2616 726 2648 Tenorem
743 2616 943 2655 Responsionis
951 2616 1072 2654 ejusdem
1082 2614 1238 2656 petitionis,

174 2658 205 2687 in
223 2657 302 2687 dieto
318 2656 507 2687 Parliamento
522 2655 618 2694 fatstae,
635 2657 667 2686 &
683 2657 712 2685 in
727 2655 839 2686 Rotulo
855 2655 976 2693 ejusdem
1003 2655 1182 2686 Parliamenti
1204 2657 1238 2686 fi—

175 2695 278 2726 militer
295 2695 462 2733 inminutae,
486 2696 513 2724 iu
531 2695 593 2724 haec
613 2695 708 2732 verba,

210 2774 254 2801 Le
269 2775 340 2810 Ray,
359 2771 391 2801 de
410 2770 529 2800 I'Advis
547 2769 584 2805 ὠ
604 2770 704 2809 Affi’nt
726 2770 769 2799 Aes
786 2773 910 2808 Seignurs
928 2769 1092 2808 Effiirituelx
1110 2768 1147 2804 ἐν·
1162 2773 1238 2799 Tem—

166 2810 264 2850 poreix
281 2822 314 2839 en
326 2808 399 2847 plein
418 2810 572 2839 Parlement
583 2832 591 2847 ,
610 2810 650 2839 ad
664 2812 811 2838 Grasmtez
829 2808 892 2847 ceste
908 2811 1044 2847 Petilion,
1065 2808 1103 2843 έν
1123 2809 1182 2848 q’ils
1206 2821 1239 2838 en

175 2853 252 2879 aient
271 2851 383 2877 Lettres
399 2850 529 2877 Patentes
554 2847 592 2882 &
617 2847 707 2886 Briefs
721 2869 730 2885 ,
754 2848 785 2877 de
804 2854 886 2886 temps
908 2859 940 2876 en
965 2854 1063 2886 temps,
1087 2854 1173 2877 tantz
1199 2846 1237 2882 ό·

174 2887 244 2917 tielx
261 2898 355 2916 comme
369 2886 475 2926 ftrront
494 2885 677 2926 Bosoignables
695 2897 727 2915 en
745 2885 769 2914 le
787 2889 846 2915 Cas.

208 2964 278 2994 Nos
291 2971 383 2994 autem
398 2963 530 2993 Tenores
545 2962 690 2993 Petitionis
703 2962 736 2993 &
748 2962 950 2999 Rcsroufionis
968 2962 1162 3000 praedieiarum
1175 2986 1184 3001 ‚
1204 2963 1239 2994 ad

174 3002 403 3040 Requilitiouem
418 3002 563 3032 diciorum
581 3002 735 3040 ligeorum
754 3002 918 3032 nostrorum
944 3002 1134 3041 Aqustanrstae,
1158 3003 1241 3032 duxi-

177 3050 240 3071 mus
261 3040 501 3082 Exempltficandos
517 3050 564 3079 per
582 3040 743 3078 Praesentes,

215 3077 249 3109 In
268 3080 360 3116 cujus,
379 3080 438 3109 &e

230 3117 320 3148 Teste
336 3117 417 3156 Rege
434 3117 507 3155 apud
526 3115 794 3156 Wzstmonasterium,
811 3117 930 3155 septimo
948 3116 994 3147 die
1019 3116 1171 3147 Februarii.

222 3241 250 3270 ³?
275 3244 323 3276 De
346 3245 483 3276 Licentia
507 3239 632 3275 ducendi
651 3239 818 3274 llionachos
844 3245 875 3273 in
904 3244 1039 3288 Regnum
1070 3241 1193 3289 Angliae.

186 3327 278 3387 RE
289 3326 516 3377 Xstssibu'S,
532 3327 565 3357 ad
579 3337 666 3366 (μσς,
683 3327 745 3358 &e
763 3326 896 3357 Salutem.

298 3366 397 3397 Sciatis
411 3376 489 3405 quon
498 3389 507 3403 ,

220 3405 301 3435 (ἶὼη
318 3404 462 3442 Jolsannes
476 3402 706 3441 Bourgmawvn'le
726 3402 808 3432 Prior
822 3403 857 3433 de
872 3402 987 3441 Cowyk
996 3427 1005 3441 ,
1024 3404 1057 3434 &
1073 3402 1245 3435 Procurator

186 3443 334 3473 Generalis
349 3442 465 3472 Ordinis
479 3442 572 3472 Sancti
589 3442 731 3472 Benedicti
750 3443 777 3470 in
794 3442 1012 3481 Becocherlwyn
1027 3466 1036 3479 ,
1057 3443 1114 3472 tam
1134 3444 1162 3471 in
1183 3442 1244 3471 An-

186 3482 258 3520 glia,
275 3483 360 3519 quum
381 3481 409 3510 in
427 3481 545 3517 Wallia,
566 3481 649 3509 nobi„=
665 3480 769 3509 dederit
782 3481 912 3518 intelligi,
930 3481 1043 3518 qualiter
1064 3480 1174 3509 Priores
1203 3480 1245 3510 A-

124 3525 148 3543 '·
185 3521 331 3559 lienigenae
346 3518 462 3548 Ordinis
477 3519 515 3547 lui
531 3519 677 3556 praedicti,
696 3519 766 3548 infra
781 3517 915 3556 Regnum
930 3518 1060 3548 nostrum
1075 3518 1195 3562 Angliae,
1208 3519 1244 3548 de

188 3558 340 3589 Monachis
355 3580 364 3596 ,
384 3557 418 3586 ad
434 3557 540 3587 Divina
556 3556 672 3587 Servitia
689 3556 796 3585 ibidem
808 3579 818 3594 ‚
843 3556 998 3586 secundum
1019 3566 1120 3587 eorum
1133 3566 1246 3594 primae-

140 3625 148 3633 ,
186 3606 250 3627 vam
265 3596 489 3633 Fundationem,
505 3595 628 3625 iacienda
649 3598 682 3626 &
703 3594 874 3625 excercenda
887 3617 897 3633 ,
919 3595 953 3625 ad
977 3596 1095 3633 praesens
1121 3594 1245 3625 destituti

183 3634 304 3665 existunt

224 3659 352 3711 Nos‚'ea
367 3672 403 3702 de
417 3671 525 3709 Causa,
542 3671 582 3700 ob
594 3669 795 3701 Reverentiam
812 3670 884 3709 Dei,
901 3670 938 3701 de
953 3670 1050 3702 Gratia
1074 3671 1167 3702 nostra
1185 3672 1243 3709 spe-

188 3710 268 3749 ciali,
287 3710 475 3742 conceffimus
489 3710 570 3739 dicio
586 3707 676 3737 Priori
689 3708 851 3738 Licentiam
867 3709 947 3747 quod
961 3709 1015 3748 ipse
1024 3710 1182 3748 Johannem
1192 3715 1246 3740 Cu*

189 3748 309 3787 metzam,
325 3748 580 3779 Commonachum
594 3747 675 3776 suum
690 3769 699 3783 ,
724 3757 792 3777 cum
814 3747 862 3777 suo
883 3747 1027 3778 Serviente
1048 3749 1077 3777 in
1097 3748 1247 3785 Comitiva

188 3786 249 3823 sua,
267 3787 300 3816 ad
315 3787 471 3826 Capitalem
486 3786 620 3816 Domum
634 3784 669 3814 de
684 3784 906 3824 Becocherlwyn
917 3786 946 3815 in
958 3786 1080 3824 partibus
1094 3786 1246 3817 Transma-

190 3825 272 3861 rinis,
289 3825 323 3854 ad
337 3825 419 3855 0810
434 3824 598 3855 Monachos
612 3823 735 3860 ejusdem
749 3822 865 3853 Domus
879 3824 980 3853 abinde
994 3825 1023 3854 in
1038 3823 1176 3863 Regnum
1192 3835 1244 3856 no-

157 3889 164 3896 ,
193 3861 282 3890 strum
297 3863 466 3899 praediclum
480 3862 659 3899 ducendum,
676 3861 783 3892 ibidem
800 3871 869 3892 cum
888 3862 1006 3898 praefato
1026 3861 1124 3894 Priore
1136 3887 1146 3902 ,
1164 3864 1197 3894 δε
1213 3865 1244 3894 in

192 3899 250 3929 aliis
264 3899 349 3928 Locis
363 3901 485 3937 ejusdem
501 3901 632 3939 Ordinis,
672 3910 703 3930 ro
718 3900 863 3931 Termino
876 3898 954 3930 Vitae
968 3910 1085 3939 eorum,
1103 3903 1132 3931 in
1148 3901 1245 3936 Incre-,

193 3945 324 4004 mgffittum
339 3938 372 3968 &
386 3938 625 3970 Sustentationem
675 3938 863 3969 iviniServitii
877 3946 1117 3978 commoraturos,
1134 3941 1247 3972 mittere

193 3983 214 4014 Ρ
287 3997 296 4012 2

230 4011 407 4045 Dumtatnen
423 4013 474 4053 iPsl
490 4013 660 4055 Dampnum
675 4015 721 4050 vel
732 4015 836 4055 aliquid
852 4015 1036 4056 praejudiciale
1056 4015 1155 4049 Nobis
1166 4039 1177 4057 ‚
1199 4025 1248 4057 aug

656 83 1463 142 CONVENTIONEsg
1520 79 1919 140 LITERAE,

1267 176 1376 218 Regno
1389 175 1505 216 nostro,
1519 176 1577 221 ,seu
1597 175 1732 216 aliquibus
1756 174 1851 215 Ligeis
1869 170 1972 206 nostris
1993 170 2056 206 fiofi
2076 171 2180 207 faciant
2199 171 2255 208 nee
2275 173 2337 208 fieri
2355 167 2490 203 ΑΠῘΙῙᾸ

1267 224 1422 255 procurent
1438 225 1540 254 quows
1554 215 1656 246 modo.

1310 254 1344 286 ln
1357 254 1452 292 cujus,
1470 255 1532 285 &c.

1322 292 1412 324 Teste
1426 292 1509 333 Rege
1523 292 1598 333 apud
1616 291 1873 334 Wstmonasteriu'm
1889 295 1899 332 3
1916 297 1998 324 nono
2012 290 2060 323 die
2077 290 2234 329 Februariig

1722 373 1777 402 Per
1788 373 1881 401 Breve
1894 369 1927 400 de
1938 371 2058 400 Privato
2078 368 2180 408 sigillo.

1475 497 1525 530 De
1544 493 1716 531 variando
1738 502 1809 529 'cum
1832 497 1918 529 Duce
1941 494 2129 543 Burgundiae.

1341 581 1366 613 E
1377 581 1409 613 X
1421 604 1431 620 ‚
1449 580 1613 612 Venerabili
1626 581 1656 611 in
1673 579 1790 611 Christo
1804 578 1897 621 Patri,
1914 572 2046 623 Therme,
2061 580 2161 612 eadem
2175 580 2278 622 gratia,
2296 583 2339 611 E-

1344 620 1447 660 piscopo
1465 618 1656 660 Dunelmenfi,
1672 618 1807 649 Richardo
1826 623 1945 650 Domino
1959 618 1991 650 de
2005 620 2076 653 Grey
2093 619 2259 651 Camerario
2281 629 2338 651 no-

1273 582 1329 637 R

2374 217 2467 251 3412.

2358 251 2425 279 ΒΜ·
2440 255 2475 285 4:

2359 582 2490 620 AnnDl,

2377 630 2464 659 1412.

1271 656 1344 697 str0,
1365 661 1475 696 Hugoni
1487 660 1638 699 Mortymer
1652 656 1822 687 Domicello
1838 680 1848 696 ‚
1869 658 2012 697 Magistro
2034 658 2171 688 Richardo
2191 662 2339 695 courteney
2356 663 2410 689 An.
2429 663 2475 697 132

1276 695 1402 728 Decano
1415 696 1570 734 Wallenfi,
1588 695 1761 726 Consiliariis
1775 695 1895 734 nostris,
1912 697 1945 727 ὃς
1960 696 2105 736 Magistro
2118 695 2253 728 Richardo
2267 698 2341 728 Hol-
2357 702 2394 726 H.
2413 706 2442 734 4.

1269 746 1310 764 me
1326 735 1479 767 canonico
1492 734 1625 766 Eborum
1636 733 1792 764 Secretario
1805 733 1922 770 nostro,
1939 734 2075 766 Salutem.

1307 774 1388 806 Cum
1405 773 1558 805 cariffimus
1571 772 1807 810 Consanguineus
1821 771 1937 810 noster,
1956 772 2101 811 Johannes
2126 773 2198 805 Dux
2212 778 2341 814 Burgun-

2355 740 2462 766 Franca
2468 739 2496 775 3}

2359 779 2395 803 H.
2408 784 2439 810 4.

1270 813 1323 842 diae
1337 821 1429 844 certos
1440 813 1502 843 suos
1517 810 1736 843 Ambaffiatores
1755 810 1840 840 nobis
1862 810 2041 843 transmiserit
2053 834 2064 851 ,
2086 813 2122 843 ad
2142 813 2341 846 Trafflndum
2358 823 2397 852 m,
2414 815 2459 851 ¹52¹
2498 841 2499 844 ,

1270 851 1307 881 de
1324 850 1536 889 Matrimonio‚
1554 851 1644 888 inter,
1663 849 1838 880 cariffimum
1852 848 2087 886 primogenitum
2106 850 2248 891 nostrum,
2260 856 2340 884 Hen-

1270 893 1355 919 ricum
1368 888 1516 928 Prinapem
1531 888 1640 920 Walliae
1654 889 1688 920 &
1703 887 1824 918 Ducem
1839 885 2018 926 Cornubiae,
2037 888 2071 919 &
2106 888 2252 921 Nobilem
2274 892 2342 923 Do-

1271 928 1431 996 rnigellgm,
1449 930 1567 958 Annam
1583 926 1682 958 Filiam
1688 925 1807 967 praefati
1820 928 1922 964 Ducis,
1945 925 2059 957 favente
2076 911 2234 968 homino,
2259 928 2345 966 0οη-

1270 975 1311 998 tra
1332 976 1366 996 en
1387 977 1407 996 Ο

1309 1004 1356 1036 Ac
1370 989 1455 1035 etism
1471 1004 1549 1043 super
1569 1004 1728 1044 Alligantiis
1748 1004 1782 1035 &
1802 1002 2107 1036 Confoederationibus
2126 1005 2198 1037 inter
2219 1004 2290 1036 Nos
2308 1005 2344 1038 δὲ

1599 1045 1604 1049 ”
1906 1052 1939 1073 ro
1955 1042 2073 1081 Nobis,
2090 1043 2187 1075 Terris
2205 1066 2215 1081 ,
2227 1044 2261 1075 &
2277 1044 2345 1075 Do-

1912 1091 1997 1113 ucem
2010 1105 2020 1121 ,
2047 1082 2082 1113 &
2096 1105 2106 1120 ‚
2131 1081 2347 1114 dileffiffimum

1273 1120 1377 1151 Filium
1395 1120 1475 1151 suum
1491 1124 1621 1150 Comitem
1638 1120 1670 1149 de
1687 1117 1860 1162 Charrolgu's²
1876 1128 1931 1157 pro
1956 1119 2012 1158 Se,
2036 1119 2137 1151 Terris
2152 1144 2162 1160 ,
2179 1121 2213 1153 &
2234 1121 2348 1161 Domi7

1273 1160 1327 1190 niis
1339 1159 1409 1197 suis,
1428 1167 1504 1197 parte
1515 1168 1548 1190 ex
1562 1159 1664 1197 altera,
1681 1156 1837 1195 firmandis,

1309 1197 1439 1229 Necnon
1452 1197 1531 1235 super
1545 1196 1638 1228 Cursu
1655 1196 1855 1228 Mercatorum
1867 1194 1902 1226 &
1918 1195 2182 1230 Mercimoniorum
2195 1198 2269 1230 inter
2281 1198 2350 1230 Res

1275 1244 1367 1305 ffium
1382 1235 1513 1267 nostrum
1530 1235 1642 1275 Angliae
1665 1236 1699 1267 &
1726 1242 1817 1273 partes
1838 1233 1977 1266 Flandriae
1999 1235 2123 1266 invicem
2143 1237 2294 1276 habendo,
2310 1239 2347 1270 &

1276 1314 1281 1319 ι
1315 1275 1425 1344 {rcibus
1440 1275 1511 1306 hinc
1525 1274 1590 1305 inde
1603 1275 1682 1306 licite
1696 1271 1832 1304 ducendis
1846 1295 1856 1311 ,
1881 1282 1967 1311 prout
1986 1273 2050 1305 alias
2077 1269 2247 1306 Tractatum
2266 1277 2348 1309 exitit

1273 1323 1303 1344 m
1338 1324 1370 1345 ac
1404 1321 1461 1344 arte

1312 1323 1403 1391 Nos?
1414 1351 1450 1382 de
1463 1337 1553 1383 Zestra
1565 1351 1697 1383 fidelitate
1713 1350 1746 1382 ὃς
1761 1349 1968 1389 circumspecta
1982 1350 2130 1391 prudentia
2143 1351 2252 1390 plenius
2271 1358 2349 1384 coni

1277 1390 1411 1429 fidentes,
1431 1391 1466 1421 ad
1479 1389 1681 1422 Tra&andum
1696 1390 1730 1421 &
1751 1389 2017 1429 Appunetuandum
2039 1399 2109 1421 cum
2133 1390 2349 1423 Ambaffiatori-

1275 1430 1327 1460 bus
1343 1429 1502 1468 praediffis,
1518 1429 1554 1460 de
1568 1430 1602 1462 &
1615 1430 1694 1467 super
1709 1429 1843 1459 omnibus
1857 1429 1999 1466 praedictis
2014 1429 2142 1460 Materiis
2164 1430 2198 1462 δε
2217 1440 2261 1461 eas
2273 1440 2348 1461 con-

1274 1469 1470 1537 ςετηεὲῐίὺιίε,
1490 1467 1605 1506 plenam
1619 1469 1654 1500 &
1668 1467 1802 1505 liberam,
1820 1466 1941 1498 Tenore
1955 1467 2140 1500 Praesentiurn
2154 1491 2166 1507 ‚
2188 1470 2351 1506 committit

1275 1516 1339 1537 mus
1380 1517 1432 1537 acu
1445 1514 1531 1538 tatem

1314 1531 1630 1584 Promittentes‚’bona
1643 1543 1717 1584 fide,
1732 1544 1766 1576 &
1785 1545 1815 1574 in
1830 1544 1919 1575 verbo
1932 1543 2028 1585 Regio
2054 1545 2123 1577 Nos
2135 1544 2254 1585 Rarum,
2271 1545 2353 1578 Gra:

1276 1592 1355 1623 tum‚
1374 1585 1407 1615 ὃ(
1425 1584 1555 1614 Firmum
1573 1584 1736 1623 habituros,
1754 1584 1788 1614 &
1803 1591 1853 1622 per
1868 1579 1980 1614 nostros
1995 1567 2131 1615 Su'bditos
2156 1585 2249 1616 facere
2269 1593 2350 1616 tene-

1277 1623 1322 1660 ri,
1339 1622 1463 1661 perfici,
1479 1623 1513 1654 &
1528 1622 1686 1660 compleri,
1709 1620 1845 1661 quicquid
1867 1631 1917 1660 per
1941 1631 1992 1653 vos
2019 1622 2154 1661 Qatuor
2172 1647 2183 1662 ,
2207 1623 2252 1654 vel
2274 1623 2350 1654 Troe

1278 1660 1425 1699 vestrum,
1440 1659 1612 1691 Tractatum
1627 1661 1660 1692 &
1677 1660 1917 1699 Appuneiuatum
1930 1660 2014 1692 fuerit
2031 1662 2061 1691 in
2080 1661 2233 1694 Praemiffis
2249 1661 2296 1695 vel
2314 1672 2349 1697 aa

1279 1699 1359 1738 liquo
1372 1698 1597 1729 Praeniifforum.

1312 1737 1400 1770 Teste
1414 1737 1498 1778 Rege
1510 1737 1585 1776 apud
1600 1737 1859 1779 Wstmonasterium
1875 1762 1885 1777 ,
1900 1737 2018 1770 decimo
2037 1738 2082 1769 die
2100 1738 2254 1770 Februarii.

1267 1043 1416 1082 praefatum
1442 1042 1669 1082 Primogenitum
1703 1041 1851 1081 nostrum,

1272 1083 1365 1112 miniis
1378 1081 1496 1120 nostris,
1514 1092 1548 1112 ex
1562 1091 1634 1120 una,
1653 1082 1686 1113 ὃς
1703 1079 1854 1120 praefatum

1879 1816 1933 1845 Per
1947 1814 2028 1855 ipsum
2044 1817 2149 1853 Regem.

1643 1951 1704 1986 Ad
1722 1955 1831 2000 Regem
1853 1949 1990 1996 castella.

1313 2039 1486 2071 Eteniffimo
1498 2048 1531 2070 ac
1552 2038 1714 2079 Magnifice
1737 2037 1867 2078 Principi
1909 2038 2039 2078 Johanni
2060 2038 2119 2070 Dei
2140 2037 2253 2078 gratifig
2277 2015 2441 2077 Regi-'Anfi-
2455 2024 2503 2066 Q

1333 2078 1454 2118 Castellae
1469 2076 1508 2112 (ἔν’
1525 2080 1669 2116 Legionis,
1688 2077 1803 2117 Nepoti
1817 2087 1856 2108 no
1884 2087 1918 2108 ro
1938 2077 2097 2117 cariffimo,
2121 2079 2272 2117 Henrkus,
2289 2088 2344 2115 ‚ea-

1276 2113 1343 2147 dem
1355 2117 1456 2157 gratie,
1474 2119 1534 2146 Rex
1546 2115 1661 2155 Angliae
1675 2115 1713 2152 &
1730 2120 1869 2155 Franciae,
1885 2117 1919 2147 &
1931 2115 2079 2148 Dominus
2102 2116 2254 2147 Hiberniae
2266 2139 2278 2155 ,
2295 2116 2347 2148 Sa-

1275 2155 1365 2186 lutem
1381 2157 1413 2186 &
1430 2155 1604 2186 Votivorum
1622 2154 1810 2186 Successuum
1827 2157 2010 2187 incrementa.

1315 2194 1418 2225 Gravis
1435 2195 1468 2225 &
1483 2193 1635 2224 rnoestuosa
1655 2194 1795 2233 Qierela,
1814 2193 1848 2224 Li
1870 2194 1888 2223 ii
1901 2204 1935 2225 ac
1955 2194 2106 2226 Servitoris
2128 2193 2218 2225 nostri
2241 2193 2350 2232 praedia

1275 2232 1361 2271 lecti,
1379 2235 1537 2262 Memomms
1551 2232 1583 2262 de
1599 2232 1753 2271 Varundos,
1773 2232 1857 2273 Magi
1884 2233 1907 2262 ri
1922 2232 2065 2269 cuiusdam
2077 2234 2098 2253 ³*
2124 2233 2216 2264 Navis
2236 2241 2349 2266 vocatae

1275 2271 1301 2302 la
1309 2271 1412 2303 lSainte
1427 2270 1521 2302 Marie
1535 2271 1571 2301 de
1586 2271 1690 2309 Baion,
1708 2272 1791 2302 nobis
1805 2271 1898 2302 retulit
1918 2271 2097 2309 displicenter
2114 2271 2211 2311 quod,

1314 2309 1396 2340 Cum
1411 2310 1483 2350 ipse,
1501 2310 1531 2340 in
1545 2309 1632 2341 Festo
1647 2309 1792 2341 Omnium
1806 2309 1997 2349 sannorum,
2015 2311 2130 2341 circiter
2144 2310 2269 2343 Novem
2283 2310 2350 2342 An<

1278 2358 1331 2379 nos
1341 2350 1401 2387 jam
1411 2349 1590 2417 1ξιτειτῐιιπὶῑοε,
1613 2358 1682 2380 cum
1703 2347 1778 2380 dicia
1800 2348 1906 2387 Navi,
1932 2358 1966 2379 ac
1988 2349 2201 2380 Mercatoribus
2223 2350 2257 2381 &
2270 2350 2348 2389 aliis,

1279 2396 1349 2418 tunc
1365 2388 1409 2418 exi
1436 2387 1546 2418 entibus
1558 2388 1588 2417 in
1602 2386 1702 2418 eadem
1715 2411 1725 2426 ‚
1743 2397 1760 2418 a
1783 2386 1873 2418 Portu
1897 2387 2028 2419 Civitatis
2045 2387 2151 2418 nostrae
2174 2387 2350 2427 Burdegaliae

1278 2425 1441 2464 recessisset,
1459 2426 1550 2457 versus
1562 2433 1652 2466 partes
1666 2426 1835 2466 Portugaliae
1858 2426 2074 2463 rediobtramite
2090 2425 2281 2465 profecturus,
2297 2436 2352 2465 ap-⁴

1276 2463 1543 2505 propinquassetque
1555 2464 1590 2495 ad
1603 2463 1707 2496 Insulas
1720 2465 1756 2495 de
1768 2464 1902 2496 Baionice
1914 2464 1950 2495 de
1965 2465 2058 2503 Mior,

1315 2504 1446 2542 Qidam
1458 2526 1468 2542 ‚
1487 2504 1607 2534 nomine
1621 2502 1706 2542 Diego
1719 2503 1854 2534 Sanchitz
1869 2505 2082 2533 Portocarririus
2099 2502 2229 2533 naturalis
2247 2501 2348 2543 Regni

1278 2542 1365 2573 vestri
1380 2541 1526 2580 Castellae‚
1544 2543 1690 2581 ingentem
1711 2542 1898 2573 Armatorum
1916 2541 2086 2572 Numerum
2107 2549 2229 2580 protunc
2251 2541 2351 2573 secum

1278 2582 1415 2619 retinens,
1434 2580 1512 2618 supra
1527 2579 1611 2611 Mare
1647 2590 1708 2610 non
1726 2581 1875 2611 advertens
1895 2579 2075 2619 Treugarum
2090 2601 2100 2617 ,
2125 2580 2197 2610 inter
2220 2579 2289 2610 Nos
2309 2582 2345 2612 δε

1280 2618 1474 2649 Adversarium
1492 2617 1621 2649 nostrum
1660 2619 1762 2648 ranciae
1774 2628 1807 2649 ac
1824 2618 1959 2649 Allioatos
1974 2617 2085 2648 nostros
2100 2617 2168 2648 hinc
2187 2618 2253 2648 inde
2275 2627 2350 2650 tunt:

1278 2658 1413 2694 temporis
1423 2655 1624 2694 existentium,
1642 2656 1824 2693 firmitatem)
1851 2641 1969 2686 N²3vem
1989 2656 2174 2694 praedictam,
2199 2657 2254 2686 una
2278 2667 2350 2688 cum

1278 2695 1363 2725 Bonis
1376 2696 1409 2726 &
1424 2694 1608 2724 Mercandifis
1622 2701 1691 2725 tunc
1703 2693 1883 2725 existentibus
1896 2695 1927 2724 in
1941 2693 2039 2725 eadem
2053 2697 2137 2732 (quae
2152 2694 2186 2725 ad
2207 2694 2349 2725 Valorem

1278 2734 1384 2764 Trium
1401 2732 1522 2763 Milium
1536 2733 1571 2764 &
1585 2731 1819 2772 Qingentorum
1834 2732 2023 2763 Florenorum
2036 2732 2237 2764 aestimabiliter
2249 2742 2351 2770 exten÷

1279 2772 1402 2806 debant)
1423 2770 1510 2809 Cepit
1526 2770 1640 2808 piratice
1658 2781 1744 2803 manu
1762 2771 1845 2810 forti,

1317 2810 1356 2841 Et
1371 2819 1440 2841 cum
1457 2809 1563 2839 eisdem
1584 2808 1667 2840 Navi
1683 2833 1693 2848 ‚
1718 2808 1927 2849 Mercandisis,
1947 2817 2030 2851 atque
2047 2810 2134 2841 Bonis
2149 2833 2159 2849 ‚
2183 2810 2218 2840 ad
2247 2810 2349 2842 locum

1279 2849 1420 2889 quendam
1434 2855 1572 2879 vocatum
1586 2847 1746 2887 Portobigo
1761 2849 1788 2879 in
1803 2848 1925 2880 Gallicia
1938 2850 2075 2880 velociter
2089 2850 2249 2887 properavit
2266 2873 2276 2888 ‚
2293 2850 2347 2881 ubi

1281 2889 1317 2918 ab
1331 2887 1544 2918 Habitatoribus
1556 2886 1615 2917 loci
1631 2886 1704 2919 illius
1716 2894 1773 2918 erat
1786 2888 1970 2919 amicabiliter
1983 2912 1994 2927 ‚
2019 2896 2050 2919 ut
2072 2888 2233 2926 accepimus
2247 2910 2258 2926 ,
2284 2888 2349 2926 Res

1280 2936 1315 2957 ce
1337 2935 1406 2957 tatus

1316 2935 1457 3003 {Jamque
1472 2964 1647 2996 Mercatores
1659 2974 1692 2996 ac
1705 2964 1767 3003 alii,
1785 2966 1815 2995 in
1831 2964 1906 2996 dicta
1921 2964 2016 3003 Navi,
2037 2971 2070 2995 ut
2085 2966 2274 3004 praemittitur,
2289 2958 2352 2998 exi&

1282 3003 1401 3042 stentes,
1417 3006 1445 3034 in
1458 3004 1582 3034 Terram
1599 3004 1669 3034 inibi
1682 3003 1902 3041 descendissent,
1919 3014 1935 3034 a
1949 3003 2092 3034 Gentibus
2105 3003 2193 3035 dieiae
2211 3003 2296 3035 Villae
2310 3005 2348 3036 de

1281 3042 1412 3073 Baionice
1426 3042 1461 3073 de
1476 3041 1574 3080 Mior,
1592 3043 1625 3073 &
1637 3042 1694 3073 aliis
1707 3041 1793 3072 dietae
1808 3041 1910 3071 Patriae
1926 3041 2049 3072 Galiciae
2068 3066 2077 3079 ,
2097 3042 2182 3080 Capti
2196 3043 2350 3076 fuerant&

1282 3080 1467 3119 Incarcerati,
1486 3081 1621 3118 variisque
1636 3080 1807 3111 Verberibus
1825 3079 1968 3118 Cruciati,
1986 3081 2019 3111 &
2032 3080 2153 3112 demum
2165 3081 2203 3112 de
2218 3081 2299 3112 Auro
2313 3083 2351 3114 &

1285 3120 1428 3158 Argento,
1445 3129 1562 3150 necnon
1575 3118 1611 3148 de
1626 3117 1779 3155 Hernefiis‚
1799 3117 1946 3156 Vestibus,
1963 3129 1998 3149 ac
2010 3119 2070 3150 aliis
2084 3119 2183 3150 Rebus
2198 3119 2250 3151 suis
2267 3119 2350 3157 (νεῖ

1283 3158 1348 3188 loris
1362 3157 1586 3189 Trescentorum
1601 3155 1808 3192 Florenorum)
1829 3156 2019 3188 inhumaniter
2039 3157 2176 3197 spoliati,
2345 3161 2348 3164 ’

1324 3197 1402 3235 Qiae
1415 3197 1511 3227 omnia
1521 3196 1555 3226 &
1570 3195 1691 3234 singula,
1710 3196 1835 3232 Princeps
1848 3195 2012 3236 Magnifice,
2031 3196 2170 3266 Nepglsque
2196 3196 2350 3238 Cartffimeg

1284 3235 1358 3266 faeta
1371 3236 1404 3265 &
1420 3241 1573 3274 perpetrata
1585 3233 1693 3263 fuerant
1710 3233 1783 3263 infra
1803 3233 1944 3265 dictarum
1965 3243 2076 3273 tempus
2127 3243 2277 3276 reugarum
2288 3259 2299 3274 ‚
2317 3237 2350 3266 in

1285 3275 1387 3318 quibus
1400 3272 1669 3341 vosffiutsAlligatus
1684 3271 1841 3302 Adversarii
1857 3273 1947 3303 nostri
1960 3275 2128 3313 praenotari,
2145 3275 2225 3305 eratis
2241 3275 2273 3305 in
2285 3275 2350 3313 spo:

1283 3323 1327 3344 cie
1344 3321 1413 3342 com
1435 3322 1462 3342 re
1483 3321 1538 3342 eni

1324 3350 1363 3381 Et
1375 3321 1444 3381 licgt
1460 3332 1673 3387 Magn'ificentia
1687 3348 1782 3388 vestra
1800 3351 1902 3388 Regia,
1919 3359 1970 3389 per
1989 3349 2160 3389 Dampnum
2180 3349 2272 3388 paffos
2294 3350 2352 3382 hu:

1284 3389 1422 3428 jusmodi,
1439 3397 1491 3425 pro
1506 3388 1695 3419 Restitutione
1709 3389 1754 3418 scu
1770 3387 1964 3419 Satisfafflone
1981 3388 2194 3420 Praemifforum
2207 3411 2218 3427 ‚
2249 3388 2348 3426 saepius

1285 3429 1372 3471 fuerat
1389 3428 1514 3474 requirita
1527 3451 1536 3465 ‚
1559 3425 1680 3465 Justitiae
1703 3434 1798 3457 tamen
1824 3427 2070 3467 complementum
2091 3426 2192 3458 exinde
2213 3427 2351 3467 consequi

1284 3475 1406 3497 minime
1420 3475 1585 3504 potuerunt:

1323 3505 1506 3543 Qapropter
1547 3504 1582 3534 ad
1602 3502 1768 3535 Instantiarn
1788 3504 1913 3543 ipsorum
1927 3527 1936 3541 ,
1956 3504 2057 3543 quibus
2077 3503 2106 3533 in
2122 3502 2234 3542 Justitia
2254 3502 2349 3535 deefle

1285 3545 1451 3581 nequimus,
1470 3526 1591 3573 vestram
1605 3542 1790 3573 Serenitatem
1803 3543 1958 3574 affeemose
1972 3542 2137 3579 requirimus
2156 3541 2190 3572 &
2211 3550 2348 3580 rogamus

1284 3583 1411 3621 quatinus
1425 3603 1436 3618 ‚
1452 3590 1595 3612 tantorum
1616 3580 1825 3612 Enormitatem
1842 3581 1987 3612 Scelerum
1999 3579 2188 3617 advertentes,
2206 3581 2298 3611 velitis
2310 3582 2349 3613 &³

1286 3621 1392 3659 placeat
1404 3618 1622 3657 Dampnificatis
1635 3619 1810 3657 hujusmodi,
1828 3619 1874 3649 seu
1888 3618 2011 3656 ipsorum
2025 3617 2261 3649 Procuratoribus
2273 3642 2284 3657 ,
2299 3618 2346 3650 su-

1286 3669 1336 3697 per
1352 3657 1510 3695 Praemiffis‚
1528 3656 1564 3688 de
1579 3657 1661 3688 celeri
1676 3658 1709 3692 &
1725 3658 1856 3688 festinato
1869 3656 2013 3687 Remedio
2027 3656 2187 3694 providere,
2202 3657 2238 3686 ita
2250 3658 2346 3697 quod,

1287 3698 1350 3728 tum
1364 3694 1750 3735 contemplationeJustitiae,
1766 3696 1830 3727 tum
1845 3694 1949 3724 nostrae
1968 3693 2198 3724 considerationis
2217 3695 2344 3736 intuitu,

1284 3745 1345 3767 non
1356 3734 1449 3765 solum
1462 3734 1607 3765 Bonorum
1623 3734 1738 3765 suorum
1751 3732 1991 3769 Restitutionem‚
2009 3731 2055 3761 sed
2082 3732 2116 3761 &
2137 3731 2346 3771 Dampnorum

1285 3773 1481 3805 Resartionem
1495 3773 1628 3812 consequi
1640 3772 1767 3809 valeant,
1782 3779 1813 3802 ut
1824 3770 1866 3800 est
1880 3769 2004 3808 justum,
2029 3770 2063 3800 &
2083 3778 2169 3809 prout
2193 3770 2347 3809 Regnico-

1285 3814 1317 3844 lis
1331 3810 1442 3880 vagis,
1457 3811 1476 3841 fi
1492 3811 1568 3842 casus
1581 3812 1620 3842 eis
1639 3810 1796 3842 confimilis
1817 3808 1909 3840 forsan
1929 3808 2042 3838 evenire
2064 3809 2226 3848 contingat,
2244 3812 2347 3851 cupitis

1426 3859 1479 3880 ros.

1281 3860 1392 3920 nosDat.
1411 3888 1441 3932 in
1460 3887 1570 3918 Palatio
1589 3888 1677 3928 nostro
1685 3887 1793 3933 Westm.
1810 3885 1925 3919 decimo
1940 3892 2040 3924 quarto
2054 3884 2100 3916 die
2116 3884 2269 3927 Febuuarii,
2282 3887 2348 3926 Ani

1285 3938 1326 3962 no
1339 3926 1436 3966 Regni
1447 3926 1536 3959 nostri
1548 3926 1662 3959 decimo
1676 3935 1767 3967 ternog

2288 4048 2368 4092 :18

2387 2075 2477 2106 1412«

2363 2109 2481 2144 Art-134

2366 2149 2403 2173 H.
2416 2154 2450 2181 4..

2366 2187 2442 2212 Penes

2367 2222 2461 2257 clericg

2369 2260 2431 2289 Pell.

2368 2299 2385 2317 ⁴*
2400 2298 2486 2335 vnn

2366 2346 2433 2376 72²³
