2562 4274
191 105 239 143 18

27 187 108 217 Arm-
123 180 164 213 D·
217 187 308 218 Vobis
328 188 491 219 mandamus
505 210 514 226 ,
538 187 654 218 firmiter
672 189 864 227 injungentes,
883 187 984 227 quod,
1001 188 1148 227 quamcito
1165 186 1249 216 vobis

54 231 139 262 1412,

35 267 98 296 Hen-
119 271 146 298 4-

180 226 310 258 constare
340 228 442 265 poterit
469 226 563 256 dietos
586 226 677 257 Status
700 226 878 258 Flandrenses
898 227 1032 264 Treugas
1070 225 1198 256 raedic'tas
1218 225 1248 255 in

180 267 303 306 partibus
319 266 368 297 illis
385 265 553 304 proclamari
567 265 664 296 feciiTe
679 266 708 295 in
724 265 819 297 forma
833 266 983 306 praedksta,
1001 266 1035 297 &
1105 264 1189 296 rchiis
1201 262 1252 294 ad-

177 306 354 344 jacentibus,
373 315 404 334 nc
427 305 483 334 aliis
507 304 593 334 Locis
616 305 664 335 ubi
687 305 775 343 magis
799 305 930 344 expedire
952 305 1093 343 videritis,
1118 312 1153 333 ex
1175 311 1254 341 parte

180 345 295 383 nostra,
320 344 432 384 publice
449 343 616 382 proclamari
640 344 673 375 ὃς
692 345 782 375 teneri
796 344 919 383 faciatis,
944 343 1035 374 modo
1054 345 1087 375 &
1104 342 1198 374 forma
1212 340 1256 372 su-

184 384 332 423 prodieris,

224 422 280 460 Et,
299 422 367 451 cum
389 420 648 453 Proclamationem
661 421 821 459 hujusmodi
835 422 872 453 sic
887 422 1025 460 feceritis,
1040 421 1109 452 Nos
1124 420 1209 459 inde,
1226 420 1257 449 in

187 460 394 492 cancellariam
408 459 533 490 nostram
543 484 552 499 ,
571 459 622 491 sub
634 461 731 500 Sigillo
744 461 853 500 vestro,
871 462 1004 492 diffinite
1016 462 1050 492 δε
1065 461 1177 498 aperte,
1194 457 1258 489 red-

189 499 259 529 datis
276 499 427 535 certiores,
446 507 477 529 ut
493 499 561 529 Nos
578 499 706 538 Treugas
722 500 779 530 illas
794 502 823 531 in
837 501 896 531 aliis
910 500 1015 538 Locis,
1035 500 1106 530 infra
1119 498 1258 538 Regnum
1293 495 1356 546 H
1359 494 1413 539 UgO
1431 494 1565 534 Halstmm
1583 496 1821 542 Armigefsstui)
1840 499 1870 528 11¹
1893 497 2073 537 Obseqfflum
2091 496 2199 537 Regis,
2216 499 2246 530 in
2259 499 2365 531 Comi-
2386 497 2465 530 Ann-
2478 499 2520 531 D-

190 538 320 568 nostrum
336 537 462 575 Angliae,
481 538 649 575 proclamari
664 540 815 578 faciamus,
833 548 918 576 prout
931 540 1023 569 decet.

227 574 318 613 ,Teste
332 575 416 615 Rege
432 577 505 616 apud
523 576 803 617 westmonasterium,
822 578 977 609 undecimo
993 577 1038 608 die
1049 576 1138 616 Junii.

851 658 906 686 Per
923 653 1006 695 ipstaem
1023 658 1129 693 Regem.

245 785 296 818 De
315 783 568 828 Protee‘t'ionibus‚
589 796 646 833 pro
666 787 821 818 comitiva
839 782 961 818 Thomae
979 783 1016 818 de
1036 780 1206 826 Lancastre.

39 881 116 910 Anu,
132 876 176 908 D,
197 872 318 924 6οης-
331 870 430 912 Rostyh
449 870 485 900 de
503 870 667 909 Florentia,
693 872 742 911 qui
755 894 764 910 ,
789 872 818 902 in
838 870 1019 910 Obsequium
1040 869 1132 907 Regis
1152 869 1181 898 in
1201 866 1266 898 Co·-

61 927 147 957 1412.

38 961 94 986 Αη.
114 967 155 994 13.

42 1000 76 1024 H.
98 1005 125 1032 4.

41 1038 129 1062 franc.
136 1045 145 1062 1
152 1044 165 1073 3

40 1077 76 1101 H.
96 1082 124 1108 4.

39 1120 78 1138 m.
98 1120 140 1142 η.

44 1932 156 1962 *VIIL

41 1982 107 2007 752·

83 2702 151 2734 thid.

45 2751 84 2772 m.
110 2751 154 2772 ιο.

255 914 372 948 mltlva,
391 908 535 940 Cariffimi
556 909 619 940 Filii
641 909 746 949 Regis,
769 909 884 939 Thomae
901 910 933 948 de
952 908 1104 949 Lancastre
1119 906 1268 938 Senescalli

195 945 326 992 Angliae,
342 949 377 980 &
402 949 640 992 Locumtenentis
653 948 751 992 ‚Regis
772 949 932 986 Hiberniae,
950 948 1048 992 versus
1057 955 1148 987 partes
1160 945 1266 976 Trans-

196 989 314 1018 marinas
335 986 516 1026 profecturus
538 985 596 1024 est,
619 987 727 1017 1b1dem
747 989 777 1018 in
796 988 897 1023 eodem
920 986 1071 1025 Obsequio
1091 993 1269 1022 moraturus,

172 1056 181 1065 ‚
195 1026 279 1058 habet
298 1025 407 1057 Literas
428 1025 516 1065 Regis
537 1024 573 1055 de
592 1025 779 1057 Protestione
798 1025 885 1064 (cum
906 1024 1036 1057 Clausala
1056 1024 1199 1062 volumus)
1218 1033 1268 1062 per

196 1065 346 1097 dimidium
361 1064 483 1095 Annum
497 1063 647 1095 duraturas.

232 1102 319 1135 Praes.
332 1103 395 1134 &c.

268 1140 360 1172 Teste
378 1140 461 1181 Rege
479 1140 552 1179 apud
570 1139 848 1183 Wstmonasterium‚
865 1143 1041 1175 duodecimo
1053 1141 1099 1173 die
1109 1140 1198 1181 Junii.

681 1221 737 1249 Per
750 1219 856 1251 Billam
869 1221 901 1251 de
919 1223 1040 1251 Privato
1055 1218 1155 1258 Sigillo.

214 1294 388 1334 Confirnsses
406 1295 516 1327 Literas
537 1296 626 1337 Regis
638 1296 675 1329 de
687 1296 875 1330 Protestione
888 1298 995 1330 habent
1007 1297 1171 1336 subscripti,
1185 1305 1240 1335 ,per

223 1368 225 1370 ³
457 1334 537 1366 idem
548 1344 660 1377 tempus
673 1336 834 1376 duraturas3
855 1337 1003 1377 videlicet,

227 1410 347 1443 Nicolas
364 1410 508 1453 Orlandyn
526 1412 562 1444 de
579 1413 730 1446 Florentia.

230 1451 333 1491 Emery
350 1451 462 1491 Roselay
478 1452 514 1483 de
532 1452 686 1484 Florentia,

230 1489 368 1521 'Andreas
384 1489 495 1531 Roselay
512 1490 548 1522 de
566 1490 717 1524 Florentia.

786 1533 840 1561 Per
854 1529 924 1562 Bill.
938 1530 998 1567 &a

235 1605 372 1638 Hemicus
389 1607 530 1646 Hampton
543 1607 687 1647 Armiger.

829 1648 883 1676 Per
897 1646 964 1677 Bill.
978 1645 1038 1682 &aa

230 1718 349 1751 'Alanus
366 1723 523 1763 Ganthorp.

229 1759 378 1796 Johannes
393 1762 535 1792 Neweler.

231 1797 400 1830 Willielmus
419 1800 451 1830 de
470 1800 557 1831 Gelre.

717 1841 772 1870 Per
790 1839 896 1871 Billam
910 1839 1110 1880 Thesaurariae.

229 1914 422 1960 *nJohannes
441 1917 568 1957 Samson
589 1918 626 1949 de
644 1916 823 1958 Plymmuth.

231 1954 386 1986 chhardus
401 1926 530 2026 Sarftlosit
547 1957 583 1989 de
603 1956 773 1989 Stacheden.
787 1957 818 1988 in
835 1956 926 1989 Com.
946 1954 1015 1988 Bed.

232 1992 380 2032 Johanner
399 1997 457 2026 Bas
473 2007 504 2036 y.

233 2032 332 2062 Radul
344 2034 393 2064 hus
410 2034 499 2075 Sylby.
849 2055 853 2059 -

234 2072 394 2111 Raduphus
410 2072 524 2114 Nevyle
542 2073 688 2114 Armiger,

230 2109 380 2150 Johannes
400 2110 511 2152 Colvyle
529 2112 676 2153 ChivaIer,

229 2148 390 2186 Johannesv
399 2151 547 2190 Harpeden
565 2152 710 2191 Armiger,

231 2188 394 2220 Edwardus
412 2189 572 2220 Aroundell
590 2189 689 2229 Miles,

231 2225 381 2265 Johannes
397 2229 551 2270 Byngham,

231 2267 278 2296 W
276 2265 401 2296 illielmus
420 2267 452 2296 de
471 2271 562 2298 Maru
597 2267 746 2307 Chivaler,

231 2303 391 2344 Radulphus
410 2279 578 2345 Cronstuic’ll,y

232 2342 375 2374 Wlterus
390 2343 538 2382 Intebergh
556 2345 702 2385 Armiger,

197 2381 386 2455 CONicthaus
403 2383 558 2424 Brumford
572 2384 646 2422 (alias
661 2383 754 2415 dictus
764 2381 926 2415 Nicholaus
940 2382 1107 2422 Bromiord)
1127 2382 1164 2415 de
1177 2383 1268 2416 Com.

248 2431 302 2452 rnu
326 2444 332 2450 .

235 2461 410 2491 Bertrandus
425 2461 461 2490 du
480 2460 590 2501 chastel
603 2460 778 2499 Gascoigne,

236 2497 388 2529 Richardus
406 2503 478 2537 Scot,

235 2535 383 2576 Johannes
397 2536 528 2604 F‘Jstdfi',

235 2575 359 2606 Thomas
378 2577 426 2604 We
439 2575 488 2613 lys,

235 2614 366 2644 Robertus
384 2612 500 2643 Arclaar
518 2613 554 2645 de
569 2614 716 2654 Wynton.
735 2613 892 2646 Mercator.

199 2693 320 2749 HUgo
339 2693 451 2730 Curteys
472 2691 624 2730 Armiger,
641 2693 706 2731 qui,
724 2693 753 2721 in
770 2691 949 2730 Obsequium
972 2691 1078 2731 Regis,
1095 2694 1124 2722 in
1145 2692 1272 2726 Comiti-

273 2741 327 2770 va,
344 2728 478 2760 carissimi
501 2730 563 2760 Filii
578 2730 683 2769 Regis,
697 2729 809 2760 Thomae
823 2730 855 2759 de
868 2729 1019 2769 Lancastre
1041 2731 1188 2762 senescalli
1210 2735 1271 2764 An-

199 2769 266 2807 gliae
286 2770 320 2800 &
340 2768 580 2800 Locumtenentis
593 2768 682 2808 Regis
720 2770 748 2798 in
763 2769 884 2806 partibus
899 2769 1116 2808 Transmarinis,
1133 2771 1167 2800 ad
1182 2782 1270 2810 partes

198 2808 347 2846 praedirstas
366 2806 542 2850 profefburus
566 2807 626 2844 est,
643 2791 749 2838 ibidem
772 2808 800 2837 in
816 2807 919 2838 eodem
933 2806 1011 2839 Obse
1033 2810 1080 2839 uio
1095 2819 1269 2850 moraturus,

199 2847 284 2877 habet
309 2847 416 2876 Literas
438 2845 524 2884 Regis
548 2846 583 2876 de
606 2845 793 2877 Proteffione
813 2848 901 2881 (cum
919 2844 1022 2877 Clausu
1036 2857 1050 2878 a
1063 2847 1204 2887 volumus)
1221 2860 1271 2889 per

200 2883 375 2955 Digiidfiutgc
381 2884 502 2914 Annum
518 2884 668 2916 duraturas.

263 2933 301 2954 rae
317 2947 323 2952 .
377 2933 402 2954 c.

269 2961 362 3000 Teste
374 2961 458 3002 Rege
473 2962 546 3001 apud
561 2961 837 3003 westmonasterium,
854 2962 992 2993 viccfimo
1008 2963 1091 2994 tertio
1106 2964 1148 2995 die
1160 2965 1237 3004 Julii.

653 3043 707 3070 Per
725 3039 829 3070 Billam
848 3041 880 3070 de
897 3043 1016 3070 Privato
1036 3041 1134 3079 sigillo.

257 3125 431 3164 Confimiles
450 3126 558 3158 Literas
574 3127 720 3196 Regisddfi
735 3126 918 3196 Ptrotefflone
941 3128 1044 3159 habent
1057 3128 1217 3169 subscripti,

634 3176 664 3197 vi
684 3175 700 3195 e
721 3175 754 3197 ce
773 3189 782 3204 ‚

241 3241 377 3273 ‘Andreas
397 3242 533 3272 Derham.

245 3281 391 3320 Johannes
409 3285 519 3311 Burton
538 3281 570 3311 de
587 3285 659 3312 Com.
676 3279 761 3320 Staffi

242 3319 391 3359 Johannes
410 3323 508 3350 Benet.

243 3357 391 3396 Johannes
408 3357 478 3387 Sale.

243 3398 362 3433 Rogerus
381 3395 532 3425 Chausnbre
551 3396 701 3435 Armiger,

244 3433 367 3473 Jacobus
386 3437 535 3472 Brampton
556 3433 635 3464 Civis
653 3436 687 3465 &
713 3434 844 3473 Armiger
860 3434 986 3466 London
999 3458 1009 3474 ,
1039 3436 1102 3466 alifis
1119 3436 1210 3468 dietus
1226 3437 1278 3477 Ja-

207 3475 300 3504 'cobus
318 3472 474 3512 Brampton
494 3471 575 3502 Civis
593 3474 626 3504 &
647 3472 836 3512 Fiffimonger
856 3473 989 3504 London.

245 3511 392 3550 Johannes
410 3510 537 3553 Bre‘dvlfi’
558 3510 662 3550 Miles,
687 3512 752 3542 alias
769 3511 858 3544 dietus
874 3512 1016 3552 Johannes
1034 3513 1070 3544 de
1086 3513 1194 3546 Brewes
1216 3514 1279 3545 Mi-

209 3551 250 3582 les
267 3549 302 3581 de
321 3548 410 3580 Com.
431 3549 537 3579 Sussex.

250 3588 389 3619 Gilbertus
403 3586 522 3627 Kyghley
543 3586 639 3618 Miles.

250 3625 397 3666 Johannes
416 3625 509 3664 Baffit
527 3625 667 3665 Armiger.

249 3666 385 3695 Andreas
402 3665 512 3694 Eketon
527 3663 621 3694 Miles.

252 3703 416 3733 Gaucelinus
433 3706 551 3733 Darzac
566 3701 694 3733 Gascon.

253 3741 420 3771 Willielmus
438 3740 568 3772 Cobeham
587 3741 740 3779 Armiger,

251 3779 375 3810 Thomas
392 3783 526 3819 Burgeys,

254 3816 399 3854 Johannes
418 3822 444 3848 K
446 3818 536 3857 yghley
556 3817 658 3857 Miles,

256 3855 376 3885 Thomas
396 3857 481 3886 Halle
498 3857 533 3887 de
553 3857 757 3897 Nonyngton‚
772 3856 835 3888 alias
853 3855 942 3888 dictus
958 3856 1136 3898 Nonynton:

256 3893 387 3922 Robertus
406 3896 551 3925 Stirkland
568 3895 648 3926 Civis
663 3897 697 3928 ὃς
711 3895 961 3932 Stokfishmonger
977 3896 1112 3928 London.

256 3930 402 3975 Johasznes
421 3933 521 3972 Dobyll'
539 3934 573 3964 de
591 3934 774 3975 Tenterden,
790 3935 855 3968 aliis
871 3934 962 3968 dietus
976 3935 1121 3975 JOhanneS
1135 3937 1229 3972 Dobil
1246 3939 1284 3973 de

224 3967 298 4000 Villa
314 3969 350 3999 de
368 3970 575 4010 Wyztresham.

261 4006 406 4047 Johannes
424 4011 555 4050 Braytoft
570 4011 718 4052 Armiger,

1279 1496 1281 1498 Ι
1306 1513 1427 1573 REX
1446 1514 1611 1551 Omnibus,
1629 1511 1664 1544 ad
1679 1521 1768 1552 qum,
1786 1512 1849 1544 &o
1865 1511 1999 1544 Salutem.

641 95 1454 153 CONVENTIONES‚
1511 100 1902 152 LITERAE,

1325 186 1492 219 Alexander
1507 188 1596 228 Ledys
1616 189 1767 234 Armiger,
2348 201 2353 210 '
2386 191 2463 225 'Ann-
2477 196 2538 234 DJ*

1325 226 1447 273 chobus
1463 226 1566 257 Fienles
1585 227 1735 269 Armiger,
2407 242 2495 273 1412.
2557 242 2562 264 ¹,

1326 269 1417 297 Simon
1429 266 1551 308 Umfrey.
2384 276 2453 304 Heu.
2466 284 2495 309 4.
2531 284 2536 288 ·
2559 287 2562 304 τ

1441 406 1492 438 De
1511 405 1691 439 Protefflone
1704 416 1760 453 pro
1781 408 1936 440 Comitiva
1952 407 2046 441 Ducis
2063 403 2211 441 Eborum.
2248 410 2251 413 ’

1369 540 1441 570 tiva,
1460 534 1593 565 cariffimi
1611 533 1823 574 Confinguinei
1839 537 1949 575 Regis,
1967 536 2107 567 Edwards
2124 539 2208 566 Ducis
2226 537 2364 579 Eburum,

2406 547 2493 578 1412.

1294 571 1329 601 ad
1348 580 1437 611 partes
1453 572 1588 617 'Franciae
1609 574 1786 611 profedturus
1806 575 1864 614 est,
1888 576 1995 606 ibidem
2019 577 2045 606 in
2069 574 2217 607 Comitiva
2238 577 2364 615 ejusdem
2386 581 2439 605 An.
2459 589 2501 617 13.

1296 609 1508 649 Consangumer
1527 612 1616 651 Regis
1631 621 1808 653 moraturuS,
1826 615 1913 645 habet
1927 615 2035 646 Literas
2047 613 2187 657 Regis‘de
2202 615 2366 654 Proteffio-
2388 621 2423 645 Π.
2437 628 2466 653 4·

1297 649 1589 719 ῃεέῐὲυῑῖηᾶἳξευὼἱα
1607 651 1747 718 wlfinus)
1766 663 1817 718 per
1832 652 2002 684 Dimidium
2016 653 2137 684 Annum
2151 654 2301 686 duraturas.

1366 726 1457 758 Teste
1473 726 1557 768 Rege
1567 726 1641 767 apud
1658 717 1934 768 Wstmonlzsterium,
1949 729 2064 763 decimo
2078 733 2162 764 tertio
2175 733 2222 766 die
2234 732 2323 772 Juniit

1706 807 1762 836 Per
1777 805 1884 837 Billm
1903 807 1937 837 de
1954 809 2073 839 Privdto
2091 809 2191 851 sigillo.

1304 880 1477 919 Confimiles
1490 883 1609 922 „Literas
1629 882 1718 923 Regis
1742 883 1776 915 de
1800 883 1990 918 Proteetione
2006 885 2114 918 haoent
2125 887 2300 928 subscripti,
2325 896 2376 928 per

1567 922 1644 954 idem
1659 928 1772 963 tempus
1784 922 1947 968 duraturas,
1960 924 2112 965 videlicet,
2137 927 2140 929 ’
2319 934 2323 937 ·

1342 998 1465 1035 Thomas
1481 1000 1665 1032 Haukwoude
1684 1001 1780 1034 Miles.

1691 1073 1745 1102 Per
1762 1071 1869 1110 Billqm
1887 1073 1919 1111 de
1934 1075 2056 1106 Privato
2074 1072 2173 1121 Sigillo.

1305 1147 1513 1201 WIllieImus
1528 1152 1662 1180 Dominus
1679 1150 1712 1180 de
1733 1149 1909 1189 Echyngham
1927 1150 2080 1192 Chivaler,
2100 1151 2163 1183 alias
2187 1149 2280 1183 dietus
2299 1142 2392 1182 wil-²
2400 1164 2467 1194 [bid.
2478 1166 2517 1194 m)

1385 1188 1493 1219 lielmus
1510 1189 1546 1219 de
1562 1188 1756 1227 Echyngham
1776 1188 1880 1229 Miles,
1899 1190 1964 1220 alias
1978 1190 2070 1221 dietus
2079 1190 2255 1221 Willielmus
2270 1190 2307 1221 de
2322 1189 2381 1221 Ec-

1304 1227 1470 1268 chyngham
1484 1228 1635 1260 Dominus
1655 1229 1691 1260 de
1706 1227 1920 1268 Ecchyngham
1953 1228 2018 1266 alias
2035 1229 2130 1266 dietus
2146 1229 2323 1260 Willielmus
2341 1228 2383 1259 E-

1304 1267 1468 1337 giffirxilgaarm
1495 1265 1627 1316 Cnivalet
1643 1289 1654 1305 2
1679 1266 1742 1299 alies
1767 1266 1861 1300 diCtus
1887 1251 2066 1303 willielmus
2091 1266 2131 1312 de,
2145 1266 2384 1314 Echynghamme

1403 1425 1431 1452 *ἕ
1460 1430 1510 1462 De
1526 1427 1665 1460 Licentia
1680 1423 1851 1458 TraeYandi
1865 1437 1934 1459 cum
1956 1414 2067 1460 Owino
2084 1426 2284 1478 Glendouray.

1418 1552 1594 1585 Monstravit
1613 1551 1712 1589 nobis,
1729 1550 1849 1584 dileetus
1864 1551 1999 1591 Armiger
2015 1551 2129 1591 noster,

1306 1591 1378 1630 wel,
1397 1591 1498 1630 Pater,
1514 1591 1610 1622 dileeti
1624 1590 1768 1629 Armigeri
1785 1589 1893 1629 nostri,
1911 1591 2016 1620 David
2025 1593 2157 1631 Gamme,
2174 1602 2208 1624 ac
2225 1601 2324 1623 tenens
2339 1603 2386 1623 in—

1307 1631 1349 1661 fra
1372 1631 1548 1662 Dominium
1571 1628 1757 1660 nostrum'de
1781 1627 1900 1667 Brech',
1916 1629 2033 1667 qualiter
2052 1630 2185 1669 praefatus
2199 1630 2318 1670 David,
2336 1634 2386 1676 per

1308 1673 1441 1700 Owinum
1464 1670 1496 1700 de
1517 1668 1687 1706 Glendourdr
1700 1690 1710 1706 ,
1729 1666 1885 1699 Rebellem
1900 1667 1934 1698 &
1952 1667 2136 1703 Proditorem
2151 1669 2301 1709 nostrum,
2319 1681 2386 1702 vlo·
2408 1687 2467 1714 Par.
2478 1693 2523 1721 13,

1306 1708 1396 1740 lenter
1418 1718 1532 1747 captus,
1548 1708 1582 1740 &
1604 1717 1652 1745 per
1665 1705 1790 1737 eundem
1806 1705 1949 1737 Owinum
1961 1707 2030 1738 forti
2047 1708 2080 1738 ὃ(
2095 1707 2162 1739 dura
2177 1708 2297 1740 Prisonfi
2312 1710 2384 1749 ροῦ-

1307 1756 1351 1780 tus
1370 1749 1462 1779 eXtitit
1478 1772 1488 1787 ,
1512 1748 1548 1777 de
1565 1757 1637 1785 qua,
1659 1743 1763 1790 absque
1783 1754 1819 1789 eo
1843 1744 1925 1789 quod
1947 1745 2003 1790 ipse
2024 1745 2128 1778 Finem
2149 1746 2184 1778 ad
2206 1747 2385 1781 voluntatem

1308 1787 1417 1825 praefati
1432 1786 1534 1818 Owini
1550 1785 1641 1816 facere
1656 1783 1742 1821 veht,
1761 1782 1907 1825 dehberari
1922 1785 2046 1815 minime
2059 1783 2173 1824 potest,

1346 1825 1413 1857 Nos
1428 1826 1482 1863 (ad
1499 1825 1558 1855 hoc
1573 1822 1828 1856 considerationem
1844 1821 1996 1859 habentes)
2009 1822 2045 1853 de
2060 1822 2158 1854 Gratia
2174 1824 2271 1856 nostra
2282 1825 2300 1856 s
2313 1827 2389 1859 ecia-

1309 1865 1345 1903 li,
1363 1864 1565 1895 Conceffimus
1587 1863 1621 1894 &
1646 1861 1808 1892 Licentiam
1830 1859 1973 1892 Dedimus
2016 1861 2123 1893 dileeto
2145 1863 2178 1896 &
2199 1861 2275 1894 fideli
2336 1865 2390 1897 iliti

1308 1903 1426 1942 nostro,
1443 1901 1571 1941 Johanm·
1587 1899 1729 1940 T1p10fte,
1749 1899 1908 1944 Senescfriio
1923 1899 1959 1931 de
1976 1883 2092 1939 ἑκών,
2112 1901 2145 1932 &
2162 1900 2312 1934 wilhelm
2333 1906 2391 1933 Βο-

1310 1941 1403 1980 tiller,
1423 1941 1580 1979 Receptori
1602 1939 1730 1978 ibidem,
1747 1938 1827 1982 quod
1849 1939 1915 1979 ipfi,
1934 1949 1966 1971 ac
1992 1938 2048 1978 illi,
2073 1949 2165 1981 quos..
2193 1950 2262 1971 cum
2280 1939 2389 1975 assensu

1309 1981 1439 2023 praediffi
1455 1979 1622 2017 Lewellini,
1638 1979 1672 2011 &
1686 1978 1807 2009 aliorum
1823 1978 1999 2010 Amicorum
2014 1979 2122 2017 praefati
2134 1978 2233 2010 David
2243 2003 2254 2020 ,
2268 1979 2388 2023 affigna-

1309 2031 1341 2051 re
1363 2020 1519 2057 voluerint,
1540 2018 1656 2050 trastare
1678 2017 1784 2056 poffint
1803 2026 1873 2048 curn
1893 2017 2012 2055 praefato
2026 2016 2154 2056 Owino,
2171 2028 2205 2049 ac
2219 2018 2295 2058 aliis,
2335 2030 2389 2052 uos

1310 2059 1367 2098 ipse
1383 2070 1436 2098 pro
1449 2058 1475 2089 se
1489 2057 1627 2096 affignare
1641 2055 1827 2096 voluerit,ad
1841 2056 2006 2088 faciendum
2021 2055 2124 2087 Finem
2139 2058 2172 2088 &
2186 2057 2309 2090 Concor
2331 2060 2387 2092 iam

1310 2100 1383 2129 inter
1398 2098 1488 2134 ipsos,
1503 2096 1538 2124 de.
1555 2097 1667 2124 Redem
1689 2096 1768 2124 tione
1783 2096 1817 2126 &
1832 2095 2046 2127 Deliberatione
2060 2096 2191 2134 praedieti
2207 2096 2391 2133 David,me.‚

1310 2137 1376 2168 liori
1389 2133 1479 2165 modo
1494 2143 1552 2172 quo
1564 2132 1616 2171 ipsi
1631 2133 1660 2162 in
1681 2132 1697 2162 ὲ
1734 2138 1848 2175 oterunt
1861 2134 2044 2171 concordari,

1347 2175 1384 2206 Et
1404 2173 1535 2211 ulterius,
1552 2172 1589 2203 de
1609 2171 1705 2202 habun
1726 2179 1783 2201 anti
1801 2173 1890 2209 gratia
1901 2172 2012 2211 nostra,
2031 2172 2235 2205 Conceffimus
2249 2175 2283 2206 δε
2297 2174 2389 2206 licen:

1310 2215 1378 2246 tiam
1394 2213 1537 2244 Dedimus
1552 2209 1834 2280 praefatis,sJohanni
1851 2211 1886 2242 &
1903 2210 2084 2256 willielmo,
2103 2222 2137 2243 ac
2154 2214 2263 2244 caeteris
2278 2214 2392 2247 Amicis

1310 2253 1419 2293 praefiiti
1441 2251 1556 2296 David,
1575 2250 1674 2290 quod,
1706 2259 1715 2280 1
1736 2250 1785 2288 ips]
1807 2252 1852 2280 leu
1876 2261 1978 2282 eorum
1997 2251 2095 2289 aliquis
2110 2253 2222 2290 capiant
2235 2252 2280 2284 vel
2297 2255 2393 2292 capiat

2428 656 2494 686 Ibid.

2391 702 2427 722 m-
2446 704 2455 721 1
2462 706 2489 723 2.

2406 1215 2447 1233 11.

2403 1455 2421 1473 *ὅ
2435 1453 2519 1481 VIII.

2407 1499 2471 1528 753·

2147 1552 2258 1583 Luellin
2274 1561 2309 1592 ap
2322 1556 2385 1599 1310-
2406 1528 2540 1605 Afflafipl

2406 1610 2459 1636 An..
2478 1617 2522 1644 ¹3·

2409 1649 2443 1673 H.
2457 1655 2485 1681 4-

2409 1727 2444 1751 Η.
2459 1733 2489 1759 4.

2406 1768 2514 1833 2²28,-

1309 2293 1417 2332 aliquos
1440 2292 1485 2322 seu
1499 2291 1622 2329 ahquem
1635 2288 1844 2326 Wallensium,
1861 2287 1898 2319 de
1914 2289 2146 2330 Adhaerentibus,
2165 2290 2392 2334 Favorantibus,
2426 2297 2429 2300 ’

1309 2331 1552 2369 Succurentibus,
1570 2328 1616 2360 seu
1640 2327 1846 2360 Auxiliantibus
1869 2328 1988 2366 praefato
2009 2328 2140 2369 Owino,
2165 2331 2245 2368 quod
2266 2331 2315 2371 ipfi
2336 2331 2390 2363 hu-

1309 2371 1432 2410 jusmodi
1452 2368 1622 2406 WallenseS,
1639 2367 1678 2398 fic
1697 2366 1820 2406 Captos,
1839 2367 1935 2399 eidem
1957 2367 2087 2408 Owino,
2103 2378 2156 2407 pro
2171 2369 2390 2417 Deliberatione
2437 2370 2441 2374 ⁴

1309 2410 1444 2454 praediffi·
1453 2408 1552 2440 David
1561 2431 1571 2447 ,
1589 2407 1742 2448 deliberare
1758 2405 1873 2445 poffint.

1347 2449 1478 2519 InTceLiiLes
1485 2448 1573 2527 ’Κὶζςῖῑ
1587 2485 1662 2526 apud
1681 2483 1962 2525 Westmonasterium,
1976 2485 2091 2516 decimo
2106 2493 2210 2524 quarto
2222 2486 2268 2517 die
2278 2486 2369 2526 Junii.

1753 2565 1807 2592 Per
1824 2565 1919 2592 Breve
1939 2562 1971 2592 de
1988 2564 2110 2592 Privato
2128 2562 2227 2601 sigillo.

1405 2695 1455 2727 De
1473 2691 1711 2732 Pardonatione‚
1730 2700 1787 2735 pro
1814 2689 2039 2737 Archiepifiopo
2057 2692 2274 2734 Cantuarienfi.

1309 2781 1504 2835 HEnricus,
1524 2777 1583 2808 Dei
1603 2775 1708 2816 gratifi,
1733 2777 1795 2805 Rex
1817 2775 1932 2813 Angliae
1954 2774 1992 2810 όν
2014 2779 2157 2814 Franciae,
2173 2777 2208 2810 &
2232 2778 2382 2810 Dominus
2401 2792 2480 2824 snm·
2495 2793 2537 2826 D.

1382 2817 1548 2855 Hiberniae,
1563 2815 1699 2846 omnibus
1712 2814 1822 2845 Ballivis
1835 2815 1869 2846 ὃς
1883 2814 1907 2845 F
1908 2814 2026 2846 idelibus
2039 2815 2108 2855 suis,
2124 2815 2159 2848 ad
2173 2825 2244 2854 quos
2259 2815 2380 2855 praesen-

1308 2865 1348 2888 tes
1363 2857 1466 2888 Litetae
1480 2854 1674 2895 pervenerint,
1689 2853 1826 2884 Salutem.

1347 2895 1446 2927 Sciatis
1463 2894 1542 2932 quod
1559 2917 1569 2932 ,
1593 2893 1633 2922 ob
1652 2892 1855 2923 Reverentiam
1874 2891 1949 2928 Dei,
1973 2893 2007 2924 ὃς
2023 2891 2058 2923 ad
2078 2891 2226 2929 specialem
2247 2892 2381 2932 Requifi-

1309 2934 1417 2966 tionem
1442 2932 1644 2976 Dominorum
1667 2930 1860 2976 Spiritualium
1880 2930 2166 2974 &Temporalium,
2183 2941 2216 2961 ac
2234 2930 2381 2964 Commu-
2404 2933 2512 2976 &bh-{th

1309 2974 1402 3004 nitatis
1423 2971 1520 3011 Regni
1540 2970 1628 3002 nostri
1652 2969 1787 3009 Anghae,
1806 2979 1836 2999 m
1857 2969 1962 2998 ultimo
1982 2968 2172 2999 parliamento
2193 2969 2290 3002 nostro
2315 2971 2385 3002 Exi·
2403 2971 2538 3015 Lambetl'ae.

1309 3012 1442 3043 stentium
1453 3034 1462 3048 ‚
1479 3010 1502 3040 P
1512 3021 1532 3040 A
1542 3020 1565 3040 R
1574 3018 1595 3038 D
1603 3018 1623 3038 0
1633 3016 1656 3037 N
1667 3018 1686 3038 A
1694 3018 1714 3037 ν
1723 3017 1735 3038 1
1745 3016 1773 3038 M
1782 3016 1805 3037 υ
1817 3016 1830 3038 s
1850 3005 1963 3036 Thnmae
1981 3006 2126 3037 Artmdell
2132 3031 2142 3045 ,
2158 3006 2384 3049 Archiepiscopo

1310 3050 1504 3081 Cantuarienfi
1518 3073 1527 3087 ,
1551 3047 1729 3078 Canceliario
1747 3045 1846 3076 nostro
1860 3069 1871 3084 ,
1893 3044 2006 3075 Sectam
2025 3044 2106 3076 Pacis
2122 3046 2258 3086 nostraes
2270 3058 2333 3088 quae
2349 3049 2384 3081 ad

1311 3100 1363 3120 nos
1380 3089 1473 3120 versus
1489 3088 1579 3128 ipsum
1599 3086 1718 3126 pertinet
1733 3109 1743 3122 ,
1767 3094 1820 3122 pro
1837 3083 2010 3113 omnimodis
2028 3083 2242 3117 Proditionibus
2256 3110 2265 3122 ,
2290 3086 2384 3121 Insur-

1311 3128 1485 3159 reffionibus
1500 3150 1509 3164 ,
1534 3124 1749 3156 Rebellionibus
1762 3145 1773 3161 ,
1798 3122 1944 3160 Feloniis,
1972 3121 2221 3165 Mesprifionibus,
2242 3125 2384 3166 Offenfis,

1311 3166 1557 3207 Impetitionibus,
1580 3160 1875 3200 Transgreffionibus,
1901 3160 1935 3191 &
1955 3159 2197 3202 Contemptibus,
2219 3174 2269 3201 per
2294 3165 2385 3202 ipsum

1310 3214 1375 3237 ante
1396 3215 1431 3243 19
1450 3204 1538 3235 Diem
1557 3201 1747 3238 Decembris,
1770 3200 1877 3230 ultimo
1896 3201 2070 3237 praeteritum
2084 3224 2094 3239 ‚
2116 3201 2196 3232 fadis
2214 3203 2270 3233 five
2288 3212 2388 3245 perpe-

1312 3245 1387 3275 tratis
1409 3242 1555 3278 (Murdris
1571 3241 1605 3271 &
1623 3239 1764 3277 Raptibus
1781 3237 1941 3269 Mulierum
1959 3240 2099 3275 excentis)
2119 3240 2196 3271 unde
2211 3241 2386 3280 Indietatus,

1313 3282 1469 3319 Restatus,
1492 3280 1537 3310 vel
1557 3278 1718 3318 Appellatus
1735 3276 1842 3316 existit,
1868 3287 1902 3308 ac
1921 3277 2007 3308 etiam
2023 3270 2193 3317 Utlagariis,
2209 3279 2229 3310 fi
2271 3290 2314 3310 uae
2332 3279 2385 3311 hiis

1313 3320 1522 3351 Occafionibus
1541 3317 1643 3348 fuerint
1664 3316 1870 3356 promulgatae,
1895 3317 1929 3348 ὃς
1951 3315 2064 3347 firmam
2083 3316 2190 3348 Pacem
2210 3327 2250 3352 no
2275 3328 2334 3353 ram
2353 3320 2381 3349 ei

1314 3359 1381 3390 inde
1395 3358 1580 3389 concedimus
1599 3366 1605 3384 :
2301 3364 2306 3368 ·

1353 3397 1535 3428 Dumtamen
1553 3394 1631 3425 idem
1649 3393 1784 3425 Thomas
1799 3393 1955 3432 Proditor,
1981 3393 2086 3431 Latro,
2113 3393 2159 3424 seu
2178 3392 2383 3434 Depraedator,

1315 3445 1361 3468 aut
1386 3437 1416 3465 in
1435 3433 1551 3465 Prisonft
1572 3443 1625 3471 pro
1646 3432 1814 3464 Latrocinio
1831 3433 1877 3464 vel
1897 3431 2028 3462 Roberifi.
2045 3430 2147 3468 absque
2163 3431 2258 3462 debiti
2275 3432 2384 3465 Manu-

1316 3475 1448 3514 captione
1469 3474 1513 3504 seu
1531 3471 1700 3502 Traditione
1720 3472 1751 3501 in
1767 3471 1903 3509 Ballium,
1928 3470 1972 3502 vel
1993 3470 2029 3500 de
2050 3469 2165 3499 Felonia
2183 3470 2220 3500 de
2239 3470 2383 3503 Recordo

1317 3512 1480 3544 Convicstus
1503 3512 1548 3542 seu
1573 3510 1715 3540 Attinerus
1729 3532 1739 3548 ,
1762 3509 1808 3540 seu
1834 3513 1936 3539 Owino
1960 3508 1993 3538 de
2010 3506 2180 3543 Glendourdy
2194 3507 2231 3538 de
2258 3507 2383 3549 Wallia,

1316 3561 1363 3584 aut
1381 3550 1495 3580 Thomae
1513 3550 1545 3579 de
1564 3551 1760 3588 Trumpyngton
1772 3570 1783 3586 ,
1808 3548 1854 3579 seu
1869 3548 1927 3578 aliis
1944 3545 2114 3578 Adversariis
2131 3545 2233 3576 nostris
2250 3547 2279 3576 in
2318 3549 2384 3585 arti-

1316 3593 1368 3622 bus
1389 3588 1592 3620 Transmarinis
1605 3595 1652 3616 aut
1671 3585 1836 3617 Cismarinis
1853 3586 1898 3616 vel
1914 3585 1994 3622 alibi,
2012 3583 2156 3614 adhaerens
2173 3594 2234 3614 non
2248 3585 2302 3615 exii
2317 3595 2364 3624 at3

1356 3629 1396 3660 Ita
1417 3637 1511 3658 tamen
1521 3625 1602 3666 qubd
1619 3625 1672 3655 stet
1686 3624 1785 3656 Reeto
1801 3626 1831 3655 in
1845 3623 1935 3654 Curii
1946 3621 2054 3666 nostra,
2074 3621 2143 3659 {iqui
2157 3623 2248 3653 versus
2259 3633 2328 3654 eum
2340 3625 2383 3655 lo-

1318 3670 1368 3708 qui
1381 3667 1518 3698 voluerint
1531 3666 1566 3696 de
1582 3663 1748 3701 Praemiffis,
1765 3663 1811 3693 vel
1825 3662 1920 3698 aliquo
1934 3659 2156 3704 Praemifforum.

1355 3706 1503 3737 Nolumus
1526 3712 1621 3735 tamen
1645 3702 1726 3741 quod
1754 3701 1829 3732 idem
1853 3700 2008 3735 Thomas,
2032 3698 2067 3728 de
2089 3698 2186 3737 ahquo
2205 3698 2318 3732 Debito
2337 3701 2383 3733 seu

1320 3744 1491 3783 Compoto,
1515 3743 1599 3773 nobis
1619 3750 1668 3780 per
1688 3741 1779 3779 ipsum
1793 3739 1890 3770 debito
1908 3737 1954 3768 vel
1967 3736 2129 3775 reddendo,
2152 3737 2251 3775 colore
2264 3740 2384 3777 praesen.

1320 3786 1355 3816 tis
1372 3783 1587 3814 Pardonationis
1605 3779 1725 3818 nostrae,
1741 3777 1894 3818 aliqualiter
1911 3783 2083 3807 exoneretur.

2425 2841 2512 2871 1412.

2402 2874 2455 2900 An.
2476 2882 2519 2910 ¹3·

2405 2914 2439 2937 H,
2453 2921 2472 2947 4

2405 3029 2480 3054 Cart.

2403 3073 2429 3092 n.
2449 3073 2493 3091 22.

1357 3821 1392 3852 In
1401 3822 1481 3859 cujus
1495 3821 1534 3850 rei
1541 3818 1759 3851 Testimonium
1765 3817 1813 3848 has
1822 3815 1929 3847 Literas
1936 3813 2043 3844 nostras
2052 3813 2110 3844 fieri
2117 3813 2239 3845 fecimus
2246 3815 2386 3850 Parentes.
2445 3838 2447 3840 -
2456 3815 2460 3817 ’

1355 3859 1446 3892 Teste
1463 3859 1571 3896 meipso
1585 3857 1658 3897 apud
1679 3853 1954 3895 W’stmonasterium,
1968 3852 2084 3883 decimo
2098 3853 2198 3893 quinto
2210 3853 2309 3895 Junii,
2320 3856 2383 3888 An-

1318 3911 1359 3935 no
1377 3898 1475 3937 Regni
1492 3897 1583 3928 nostri
1599 3895 1807 3927 tertiodecimo.

1386 3956 1440 3987 Per
1457 3953 1541 3995 iffi‘m
1557 3956 1672 3994 Regem,
1688 3953 1721 3984 de
1732 3949 1917 3990 Gratidfird,
1934 3952 1965 3981 in
1977 3947 2171 3983 Parliamentfl.
2215 3981 2218 3983 ,

2209 3989 2374 4032 Wkeryngz

2340 4049 2395 4081 'Dd

2526 327 2531 337 ²
2559 318 2562 323 .

2558 343 2562 361 i
