2562 4274
243 74 324 114 114
697 13 1944 99 CONVENTIONES,L1TERAE,

90 147 169 181 Ann.
181 147 222 178 D.
235 146 390 184 oportuni,
408 154 461 183 pro
475 142 673 176 rationabiliter
687 140 841 181 solvendo,
860 146 944 177 prout
955 140 1027 169 inter
1039 137 1088 168 Te
1107 137 1141 168 &
1164 134 1295 174 praefatos
1332 134 1439 179 Servari
1454 133 1606 172 faciemus,
1623 132 1739 171 perinde
1764 132 1785 163 fi
1806 142 1855 170 per
1868 132 1953 171 Nos,
1971 132 2001 163 in
2016 132 2138 164 Persona
2153 132 2248 165 nostra
2261 137 2391 176 propria,
2408 138 2486 172 Ana,
2501 142 2534 175 D

118 196 171 225 141
177 196 205 225 9.
239 186 393 224 Operarios
407 184 509 222 poterit
526 180 711 218 concordari,
732 179 918 210 Arestandum
933 179 968 210 &
981 175 1185 215 Capiendum3
1208 212 1214 218 .
1334 173 1448 204 fuiffent
1465 171 1613 215 El-ongatae
1627 173 1661 204 &
1676 171 1849 211 Prorogatae.
2429 187 2514 220 1419·
2534 167 2542 175 ‘

278 224 316 255 Et
331 223 398 253 ideo
413 221 483 252 Tibi
495 220 681 257 Praecipimus
696 217 774 257 quod
790 219 866 248 circa
878 216 1023 247 Praemissa
1036 215 1185 252 diligenter
1206 219 1298 243 1111611-
1409 210 1444 242 111
1458 219 1556 248 cuius,
1573 211 1634 242 &c.
2411 222 2474 247 Hm·
2489 230 2519 256 5·

239 261 304 299 das,
322 263 356 292 &
371 271 404 291 ea
416 260 498 291 facias
510 260 543 290 &
558 257 702 295 exequaris
716 258 746 287 in
757 256 850 287 forma
864 255 1011 294 praediCta:
1120 291 1124 295 Ι
1140 290 1145 295 ,
1260 289 1266 294 1
1369 249 1466 293 Teste⁷
1483 247 1566 289 Rege
1583 248 1658 288 apud
1679 248 1802 288 Castrum
1817 248 1901 289 ficum
1921 248 1955 279 de
1979 250 2085 279 Vernon
2102 248 2182 288 super
2203 250 2294 290 Sayne
2318 251 2396 284 sexto

279 302 298 321 ²*
316 300 427 330 Damus
442 307 538 330 autem
553 295 686 327 universis
699 295 733 326 &
748 294 858 334 singulis
872 293 965 333 Ligeis
979 292 1014 323 δε
1036 289 1160 322 Subdins
1178 287 1300 333 nostris,
1333 288 1380 320 die
1393 287 1476 319 Mau.

240 347 366 376 quorum
382 337 512 373 interest,
529 336 649 365 Tenore
664 333 864 371 praesentium,
883 332 1000 363 firmiter
1015 331 1044 360 in
1057 327 1200 359 Mandatis
1220 326 1300 366 quod

238 377 326 414 Tibi,
343 376 373 405 in
387 374 566 406 Executione
579 372 791 404 Praemifforum
800 395 810 410 ,
828 370 1006 402 Intendentes
1019 368 1087 406 fint,
1105 365 1302 403 Consulentes‚

238 416 273 446 &
290 414 475 452 Auxiliantes,
493 421 578 451 prout
591 412 683 443 decet.

273 452 307 483 In
322 452 419 492 cujus,
437 452 498 484 &c.
521 451 658 490 quamdiu
674 449 751 489 Regi
766 447 903 487 placuerit
915 447 1064 478 duraturas.

240 527 366 597 MTeste
387 527 471 567 Rege
489 526 563 566 apud
581 525 706 566 Castrum
719 524 799 565 fisum
820 524 852 554 de
875 526 980 554 Vernon
990 521 1072 561 super
1090 524 1176 562 Sayne
1195 519 1237 549 vi.
1255 517 1302 548 die

263 574 324 597 ‘ain

91 231 156 254 Heu.
173 235 202 261 5.

90 299 110 319 ³*
131 301 185 330 IX.

88 340 155 374 746.
2038 365 2043 370 .
2088 360 2098 369 .

1967 364 2022 393 Per
2033 361 2116 402 oeffim
2125 366 2229 403 Regem.

1540 504 1703 539 Trahiasus
1712 503 1804 551 fhper
1823 508 2030 553 Prorogatione
2041 505 2193 554 praetafla.

1334 597 1484 659 NOS,
1503 598 1643 629 Wlterus
1655 597 1834 642 Hungerfhrjd
1849 597 2017 630 Senescallus
2026 599 2149 642 Hospitii
2165 601 2267 643 Regii,
2285 604 2318 636 &
2330 606 2391 636 Gil—
2409 590 2534 626 Anno.

1429 636 1520 668 bertus
1541 635 1732 676 Humfrevill,
1748 636 1872 674 Milites,
1889 646 1922 668 ac
1943 636 2085 677 Magister
2105 639 2250 679 Johannes
2270 644 2395 684 Stafflrd
2430 640 2517 672 1419.

1333 674 1451 712 Legum
1466 676 1584 708 Dot‘ltor
1595 698 1604 714 ‚
2402 675 2455 698 An.
2472 681 2500 707 7.

1369 713 1544 746 Illustriffimi
1567 714 1724 753 Principis,
1748 713 1783 745 &
1803 712 1929 743 Domini
1951 713 2039 744 nostri
2053 714 2278 751 Metuendiffirni
2313 723 2392 753 Hen-
2401 712 2436 736 H,
2460 719 2489 745 5.

1333 757 1396 790 rici,
1412 753 1469 784 Dei
1482 753 1585 792 gratia,
1602 756 1680 791 Regis
1693 755 1816 782 Franciae
1831 749 1868 786 ό·
1887 750 2018 790 Angliae,
2036 752 2074 788 ὠ
2097 758 2208 788 Domini
2230 743 2370 791 Hib'erniae
2404 749 2464 776 Pas·

1332 792 1527 823 Commiffarii
1543 792 1577 823 δε
1591 791 1728 832 Deputati
1745 791 1780 821 ad
1801 790 1996 821 Tractandum
2013 813 2022 827 ,
2044 790 2328 829 Communicandum
2358 784 2391 832 δὲ
2407 790 2495 815 Norm.
2512 798 2538 824 7,

1335 829 1582 861 concludendum
1593 854 1603 868 ,
1622 840 1691 861 curn
1706 828 1976 867 Ambaffiatoribus,
1995 828 2218 871 Commisiariis‚
2235 835 2281 868 seu
2303 837 2394 869 Nun-
2408 828 2537 863 H·5-p.¹.

282 707 333 738 De
350 703 493 748 potestate
510 704 555 737 ad
569 706 664 737 Diem
681 706 711 737 C
718 712 952 738 ONVENTION
960 710 993 734 1⁵
1012 697 1251 747 Prorogandam.

85 800 155 831 Ann
180 800 220 832 D.

107 823 186 877 ιλιι-9
239 798 356 857 REX
371 799 523 837 omnibus,
541 799 575 831 ad
590 809 679 838 quos,
696 798 757 828 &c.
775 795 906 826 Salutem.

334 837 414 868 Cum
428 847 519 876 nuper
528 860 538 876 ,

276 875 333 907 Per
350 876 461 907 nostros
476 874 694 906 Commiffirios
714 874 747 904 &
773 873 948 911 Deputatos,
965 880 999 901 ac
1024 867 1243 900 Ambaffiatores
1264 867 1299 898 &
2409 872 2444 892 m.
2452 864 2498 900 58.

85 882 139 906 An.
158 863 195 915 7..

84 958 145 984 Pat.
161 938 169 945 ι

83 997 178 1023 Νοηη,
193 1005 208 1031 7
215 1018 221 1024 ,

84 1035 224 1070 H-5.p.1.

85 1079 121 1098 m·
135 1079 183 1107 59-

91 3349 106 3365 ⁸
126 3351 182 3379 IX.

87 3398 153 3424 747.

241 913 378 947 Nuncios
391 913 582 954 consanguinei
596 912 634 948 ὠ
652 910 821 950 Adversarii
832 910 914 949 nostri
925 911 1064 946 Franciae,

277 952 374 984 Certae
388 953 514 992 Treugae
528 953 561 983 &
577 950 754 981 Guerrarum
768 948 971 986 Abstinentiae,
989 947 1073 978 certis
1089 944 1181 976 modo
1195 945 1230 976 &
1243 944 1303 975 for-

243 992 306 1029 ma,
326 1000 417 1029 captae
436 991 586 1022 fuerint&
598 988 796 1025 concordatae,

317 1031 396 1060 uibus
407 1028 592 1067 pendentibus
605 1027 692 1057 didus
707 1025 792 1095 ⁷¹⁰[ster
805 1023 994 1064 Adversarius
1002 1045 1012 1061 ,
1029 1023 1062 1054 &
1073 1020 1193 1061 isabella
1209 1021 1300 1060 nostra

240 1073 296 1099 Con
309 1071 442 1105 anguinea
463 1070 601 1104 Franciae,
624 1066 658 1097 &
680 1064 779 1096 Incita
803 1063 898 1094 Puella
922 1065 1041 1092 Domina
1068 1063 1207 1091 Katerina
1232 1058 1304 1090 Filia

240 1108 407 1145 eorumdem,
423 1107 457 1137 δε
473 1105 617 1144 Jahannes
633 1108 702 1134 Dux
718 1102 882 1140 Burgundiae
891 1124 900 1140 ,

274 1145 309 1176 In
326 1145 412 1176 Loco
446 1145 519 1174 inter
534 1143 638 1174 Villam
652 1142 777 1173 nostram
791 1140 963 1172 Medontam
982 1139 1016 1171 &
1038 1137 1211 1168 Pontifiram
1222 1161 1231 1175 ‚
1249 1146 1300 1176 per

234 1184 348 1252 nos’tffros
361 1184 396 1215 &
409 1167 479 1214 dieti
493 1181 705 1222 Consanguinei
724 1181 758 1213 &
780 1178 936 1211 Adversarii
957 1177 1045 1207 nostri
1065 1176 1226 1215 Deputatos
1250 1175 1300 1206 eli-

256 1234 290 1253 en
311 1234 332 1253 o

235 1233 255 1264 g
275 1262 318 1292 Ad
337 1247 537 1291 ''Tratstandum
554 1282 564 1298 ,
585 1256 892 1294 Communicandum,
918 1255 951 1285 &
972 1253 1090 1284 finaliter
1111 1252 1299 1284 Concluden-

233 1300 304 1330 dum
317 1299 353 1330 de
370 1300 403 1330 &
419 1298 499 1336 super
515 1297 588 1328 Pace
601 1297 694 1336 finali,
711 1298 783 1328 inter
799 1294 898 1326 Inclita
913 1292 1019 1331 Regna
1032 1291 1160 1323 Franciae
1180 1293 1214 1323 &
1236 1291 1298 1321 An-

233 1340 298 1378 gliae
316 1338 426 1368 felicius
440 1336 657 1374 consequenda,

273 1374 430 1415 Debuiffent
451 1377 507 1406 una
529 1374 711 1412 Nobiscum,
728 1371 936 1416 Qintoa'ecimo
960 1373 1015 1400 Die
1031 1368 1172 1408 praefi‘ntis
1195 1368 1298 1409 Menfis

236 1418 329 1453 Maii,
344 1415 522 1452 personaliter
535 1417 675 1444 convenire
682 1435 692 1451 ,

273 1454 364 1484 Prout
385 1453 448 1484 haec
469 1454 566 1483 omnia
587 1454 616 1482 in
635 1449 813 1489 singularibus
839 1447 942 1478 Literis
954 1445 1025 1477 dieti
1039 1445 1234 1486 Consanguinei
1257 1444 1296 1480 &-

236 1490 406 1531 Adversarii
421 1490 520 1531 nostri,
538 1493 571 1522 «St.
586 1483 709 1530 Isahcllae
721 1487 925 1529 consanguinem
934 1484 1035 1529 'nostra
1049 1486 1191 1528 Franciae',
1206 1484 1240 1514 &
1254 1484 1298 1514 di-

236 1532 275 1562 Cti
291 1531 430 1569 Johannis
448 1533 529 1559 Ducis
547 1529 727 1567 Burgundiae,
745 1526 868 1565 ipsorum
882 1524 983 1564 Sigllhs
999 1523 1131 1563 Magnis,
1151 1522 1297 1562 sigillatis,

235 1571 316 1600 latius
329 1571 524 1606 continentur,

269 1609 391 1647 Jamque
405 1609 433 1637 in
450 1607 582 1645 proximo
592 1629 600 1642 ,
615 1603 826 1642 superveniente
839 1601 925 1632 dietae
940 1603 1137 1631 Conventionis
1157 1599 1230 1639 Die,
1253 1599 1296 1630 di-

235 1647 297 1677 Ctus
315 1646 407 1675 noster
422 1644 638 1683 Consum-guiricus
651 1642 689 1677 ὠ·
706 1641 915 1680 Adversarius,
931 1638 1016 1670 Viros
1031 1639 1168 1679 providos
1187 1639 1220 1669 δε
1240 1639 1296 1668 611-

235 1692 310 1716 cumi
334 1685 430 1721 65105,
457 1682 676 1713 Amballiatores
696 1680 757 1711 suos
780 1680 922 1718 egregios,
947 1677 1093 1708 Dominos
1116 1677 1292 1707 Anthonium

235 1725 266 1753 de
287 1727 314 1753 T
329 1722 469 1760 otilonjon,
489 1723 522 1752 &
545 1719 715 1751 Gullielmum
736 1718 769 1747 de
793 1721 900 1759 Digny‚
920 1716 1044 1755 Milites,
1062 1726 1096 1747 36
1119 1715 1291 1754 Magistrum

234 1762 382 1791 Guidonem
395 1759 527 1804 Geluner,
545 1759 579 1789 ad
594 1758 679 1796 Nos,
694 1756 784 1788 versus
799 1759 1011 1786 conventionem
1025 1752 1293 1793 praelocutam,1ter

236 1801 315 1831 suum
330 1800 498 1837 dirigentes,
516 1808 544 1828 in
557 1797 661 1828 Castro
673 1795 773 1826 nostro
790 1797 825 1825 de
841 1794 959 1825 Vernon
974 1794 1054 1832 super
1064 1793 1295 1832 Secanam,Sex-

234 1846 263 1870 to
278 1842 331 1869 Die
347 1838 418 1877 istius
438 1836 537 1877 Menfis
550 1839 641 1873 Maii,
655 1833 793 1865 destinare
807 1834 932 1871 curavit,

272 1878 350 1916 Qu,
369 1875 403 1906 ad
426 1875 552 1905 nostram
576 1874 754 1905 Praelentiam
773 1871 957 1909 accedentes,
974 1871 1057 1901 nobis
1080 1879 1149 1902 cum
1165 1869 1296 1900 instantia

233 1915 423 1953 supplicarunt
437 1915 581 1952 quatinus,
597 1922 651 1951 pro
664 1912 747 1943 Bono
761 1912 829 1941 tanti
845 1910 972 1948 Negotii
989 1909 1087 1947 Pacis,
1104 1910 1137 1940 &
1150 1907 1185 1938 ad
1205 1908 1294 1938 dieta-

232 1964 296 1985 rum
316 1952 439 1993 Isizbellae
457 1953 491 1984 &
512 1954 657 1982 Katerinae
679 1949 960 1985 consanguinearum
972 1947 1132 1978 nostrarum
1146 1947 1295 1984 specialem

232 1992 401 2032 Rogatum,
427 1991 516 2021 diffls
538 1993 764 2026 conventionem,
781 1991 914 2025 Treugas,
933 1986 978 2017 seu
999 1986 1176 2017 Guerrarum
1198 1984 1296 2024 Absti-

230 2035 340 2062 nentias
351 2030 387 2061 ad
398 2029 573 2061 Terminum
591 2029 754 2059 ulteriorem
767 2026 912 2064 Elongare
926 2026 971 2056 seu
989 2024 1148 2064 Prorogare
1168 2024 1296 2064 dignare-

233 2080 317 2108 mur,

269 2107 338 2139 Nos
353 2108 435 2146 igitur
446 2129 456 2145 ,

270 2147 332 2183 Qii
352 2147 474 2183 fuimus,
492 2145 544 2181 &,
562 2143 632 2174 Deo
648 2142 778 2179 volente,
797 2140 905 2178 semper
931 2140 1036 2170 erimus
1055 2138 1090 2169 ad
1107 2138 1218 2169 dictum
1240 2139 1294 2169 Pa-

232 2187 272 2217 cis
298 2185 462 2223 Negotium
487 2182 694 2214 ferventiffimo
718 2181 784 2210 zelo
807 2179 947 2217 dispositi,
975 2180 1009 2209 &
1029 2177 1062 2207 ad
1086 2176 1143 2207 Dei
1165 2178 1294 2208 Laudem

233 2225 267 2256 &
289 2224 444 2254 Honorem
458 2245 468 2259 ,
492 2232 526 2252 ac
548 2221 582 2251 ad
608 2219 779 2251 effusionem
799 2218 947 2257 Sanguinis
968 2216 1085 2246 humani
1110 2215 1269 2247 evitandam
1285 2239 1295 2255 ,

232 2272 348 2293 necnon
362 2260 397 2292 ad
411 2261 552 2292 dictarum
564 2259 843 2297 Consanguinearum
857 2255 1019 2286 nostrarum
1032 2262 1179 2293 precatum
1199 2255 1297 2292 lingu-

232 2301 318 2331 larem

278 2323 435 2369 Dic’iorum
467 2335 707 2368 Ambaffiatorum
735 2333 902 2376 instantibus
929 2331 1187 2370 Supplicationibus
1216 2332 1297 2363 incli-

233 2387 289 2407 nari

271 2400 415 2445 Piaemiffi
429 2413 741 2449 PROTESTATIONE,
759 2410 839 2448 quod
860 2419 919 2441 non
942 2408 1130 2445 intendimus,
1150 2418 1199 2446 per
1220 2408 1294 2442 hanc

233 2454 396 2490 pra-sentem
413 2452 647 2491 prorogationem
661 2450 718 2480 sive
732 2450 927 2486 Dilationem,
947 2447 1078 2478 recedere
1097 2448 1134 2477 ab
1160 2448 1297 2485 aliquibus

233 2491 476 2530 obligationibus,
493 2491 601 2520 ratione
616 2487 724 2526 Lapsiis
752 2488 841 2518 Primi
866 2487 999 2517 Termini
1020 2485 1153 2515 antedicti
1177 2487 1210 2516 ὃ(
1235 2496 1295 2518 non

233 2529 359 2566 Servati,
376 2538 422 2558 aut
437 2529 493 2558 aliis
505 2528 579 2564 Juris
593 2527 638 2558 vel
654 2527 733 2557 Facu
757 2525 925 2562 Remediis,
943 2526 1052 2554 ratione
1075 2523 1183 2562 Lapsus
1202 2525 1296 2561 hujus-

233 2567 332 2604 modi,
350 2567 432 2595 nobis
453 2566 682 2603 competentibus
703 2564 747 2594 vel
766 2564 978 2601 competituriS‚
995 2563 1034 2592 set
1055 2562 1157 2592 eisdem
1180 2561 1295 2595 firmiter

234 2606 376 2636 adim-cre
391 2605 419 2633 in
435 2613 568 2634 eventum
586 2614 644 2641 quo
660 2603 820 2641 hujusmodi
835 2601 978 2632 Secundus
1005 2600 1160 2630 Terminus
1181 2610 1238 2631 non
1263 2604 1294 2633 iit

235 2645 413 2679 oblervazw,
430 2642 544 2679 perinde
556 2652 589 2672 ac
613 2641 631 2671 si
652 2642 727 2672 nulla
746 2641 915 2679 Prorogatio
931 2640 987 2670 sive
1004 2639 1117 2670 ulterior
1130 2638 1239 2671 Dilatio
1254 2641 1297 2671 di-

234 2684 289 2713 &ae
304 2684 495 2711 Conventionis
511 2680 582 2710 saera
599 2679 708 2716 fuislet,

273 2721 320 2750 De
339 2719 497 2755 Fidelitate,
517 2717 799 2756 circumspectione,
817 2717 850 2747 &
872 2714 1028 2753 Industria,
1053 2714 1235 2746 Dilectorum
1260 2719 1293 2748 ὃς

238 2759 377 2789 Fidelium
402 2757 568 2787 nostrorum
583 2779 592 2794 ,
609 2755 825 2792 Dominorum,
851 2753 968 2783 Walteri
995 2752 1175 2792 Hungersord
1195 2755 1295 2785 Senes-

234 2797 298 2828 63111
320 2796 443 2834 Hospitii
466 2795 569 2833 nostri,
587 2796 621 2826 &
641 2793 759 2824 Gilherti
783 2791 959 2832 Umsrevili'e,
979 2792 1129 2830 Militum,
1145 2803 1178 2824 36
1199 2793 1294 2833 Magi-

233 2836 281 2866 stri
307 2834 448 2874 Johannis
466 2833 593 2872 Staffizrd
616 2833 727 2872 Legum
750 2832 903 2868 Decitoris,
922 2830 1158 2861 Coniiliariorum
1182 2832 1294 2863 nostro-

233 2884 298 2905 rum
309 2899 317 2911 ,
336 2876 368 2905 &
383 2873 503 2910 ipsorum
520 2872 685 2910 cujussibet,
705 2871 814 2909 plenius
828 2869 1022 2908 confidentes,

271 2913 316 2943 Ad
334 2911 536 2948 Elongandum
549 2911 593 2941 seu
613 2909 831 2947 Prorogandum
854 2908 942 2939 dictas
964 2910 1193 2947 Conventionem,
1211 2911 1294 2938 Treu-

230 2962 299 2989 gas,
317 2951 361 2981 seu
377 2949 554 2980 Gucrrarum
568 2948 619 2979 Ab
642 2952 775 2986 inentias,
791 2957 859 2979 curn
880 2947 1015 2977 omnibus
1037 2945 1172 2977 Clausulis
1197 2957 1294 2978 neces-

232 2990 306 3020 sariis
319 2990 352 3020 &
366 2990 525 3025 oportunis,
545 2997 598 3026 pro
636 2987 711 3017 *obis
726 2988 759 3017 ὅ(
773 2986 906 3016 Nomine
920 2985 1035 3023 nostro,
1053 2994 1121 3015 cum
1136 2986 1293 3016 Ambaffia-

233 3029 341 3059 toribus
363 3027 396 3057 &
416 3025 543 3057 Nunciis
565 3026 634 3056 dicti
659 3024 870 3062 Consanguinei
893 3022 1218 3063 &Adversariinnstri‚
1234 3025 1293 3062 ple-

233 3076 299 3097 nam
315 3067 349 3096 ὅ(
363 3065 549 3096 sufficientem
562 3065 598 3094 ab
612 3063 716 3094 eodem
732 3065 760 3094 in
776 3073 806 3094 ea
820 3072 897 3100 parte
919 3062 1092 3093 Poiestatem
1112 3062 1293 3102 habentibus,

233 3105 317 3141 usque
332 3104 367 3134 ad
381 3114 490 3141 tempus
505 3104 633 3141 longius,
653 3101 729 3140 quod
742 3101 881 3139 praedietis
904 3101 1011 3131 dilectis
1031 3102 1064 3132 &
1091 3100 1216 3131 fidelibus
1238 3113 1292 3133 no-

234 3144 313 3181 stris,
332 3151 379 3172 aut
395 3142 519 3172 Duobus
532 3140 718 3177 eorumdem,
736 3139 876 3170 videbitur
891 3148 1085 3176 oportunum,

274 3182 318 3211 Α6
333 3181 455 3218 praefatas
468 3179 596 3214 Treuzas
609 3179 643 3209 &
658 3188 754 3209 earum
778 3176 1036 3214 prorogationem,
1055 3177 1074 3206 si
1096 3179 1134 3208 eis
1154 3186 1201 3207 aut
1222 3177 1293 3209 duo-

234 3219 286 3249 bus
300 3219 466 3250 corumdem
482 3218 622 3248 videbitur
633 3216 762 3253 expedire
770 3237 780 3252 ,
790 3216 957 3253 proclamari
971 3215 1132 3246 faciendum
1143 3239 1152 3254 ,
1166 3226 1199 3246 36
1209 3216 1293 3247 Con-

235 3257 407 3287 firmationes
430 3256 644 3294 prorogationis
662 3257 694 3286 &
718 3253 925 3284 Contentionis
947 3254 1131 3291 hujusmodi,
1164 3264 1212 3291 per
1241 3265 1293 3285 nos

233 3295 355 3333 fiendas,
374 3295 507 3325 Nomine
523 3294 638 3331 nostro,
658 3293 901 3330 promittendum,

271 3334 290 3352 ³⁸
311 3333 348 3362 Et
371 3333 530 3363 conlimiles
552 3332 789 3362 Confirmationes
808 3332 843 3360 ab
857 3328 1108 3360 Ambaffiatoribus
1120 3329 1189 3360 dieti
1211 3329 1294 3361 Con-

233 3372 374 3442 {anguinei
390 3372 422 3401 &
439 3371 592 3402 Adversarii
607 3369 712 3407 nostri,
729 3369 779 3399 sub
795 3369 877 3407 ipsius
893 3367 983 3405 sigillo
999 3377 1124 3406 magno,
1139 3369 1293 3406 petendum

258 3421 267 3427 ⁷
286 3421 305 3439 O
328 3418 474 3440 [mentium

272 3421 440 3485 ngtcraque
463 3432 559 3477 oinnia
581 3447 614 3478 &
637 3446 760 3483 fingula,
786 3446 813 3474 in
829 3442 972 3482 praemiffis
993 3443 1040 3474 vel
1060 3445 1135 3474 circa
1157 3455 1189 3474 ea
1204 3455 1293 3482 opor-

233 3496 299 3518 tuna
314 3488 358 3517 vel
373 3485 538 3522 necess'aria,
556 3484 779 3521 excercendum,
797 3483 975 3519 faciendum,
991 3483 1024 3513 &
1039 3482 1247 3520 expediendum
1257 3506 1267 3521 ‚

269 3525 355 3562 Ipsius
378 3525 504 3561 Tribus,
528 3532 573 3554 aut
598 3523 720 3554 Duobus
744 3522 930 3559 eorumdem,
954 3521 1074 3552 Tenore
1094 3520 1293 3560 Praesentium‚

232 3565 348 3602 speciale
370 3562 538 3594 Mandatum
568 3571 601 3591 36
624 3562 734 3598 plenam
757 3562 790 3591 &
814 3561 930 3590 liberam
956 3558 1152 3590 Concedimus
1176 3560 1292 3591 faculta-

234 3612 292 3633 tem

271 3625 489 3676 Pr’omitrimus,
505 3637 631 3675 insuper,
650 3637 677 3666 in
695 3635 772 3666 bona
786 3636 840 3665 fide
855 3636 889 3666 &
906 3634 1006 3665 Verbo
1022 3634 1133 3674 Regio,
1149 3634 1217 3664 Nos
1232 3634 1293 3665 Ra—

235 3688 314 3716 tum,
331 3679 455 3709 Gratum
472 3678 505 3708 δε
523 3676 652 3706 Firmum
667 3676 806 3712 perpetuo
821 3675 963 3703 habituros
985 3681 1079 3703 totum
1102 3675 1135 3704 &
1157 3674 1293 3711 quicquid

235 3727 282 3754 per
297 3717 368 3754 ipsos
379 3718 453 3747 Tres
471 3713 685 3745 Commiffarios
698 3713 731 3744 &
745 3711 903 3748 Deputatos
924 3710 1052 3748 nostros,
1070 3720 1115 3741 aut
1138 3710 1222 3741 Duos
1243 3722 1293 3742 eo-

234 3756 381 3792 rumdem,
398 3755 507 3785 factum
520 3753 604 3783 fuerit
620 3752 648 3782 in
664 3749 816 3781 Praemiffis
831 3750 865 3780 &
881 3749 994 3786 fingulis
1006 3747 1239 3787 Praemifforurn,

272 3793 308 3822 Et
332 3793 350 3823 fi
373 3797 502 3830 Treugas,
529 3793 561 3822 &
585 3790 762 3821 Guerrarum
783 3787 976 3827 Abstinentias
989 3811 998 3824 ,
1023 3797 1056 3818 ac
1083 3791 1292 3818 Conventionem

235 3831 378 3866 praediCtas
393 3841 440 3868 per
455 3830 528 3868 ipsos
538 3830 629 3867 Tres,
646 3837 692 3859 aut
707 3826 793 3858 Duos
803 3826 944 3864 ipsorum,
961 3825 1085 3865 elongari
1101 3827 1133 3857 &
1147 3826 1292 3865 prorogari

235 3870 398 3906 contingat,
416 3872 549 3906 Treugas,
565 3868 610 3898 seu
621 3867 798 3898 Guerrarum
811 3864 1016 3904 Abstinentias,
1033 3865 1067 3895 &
1082 3867 1293 3895 Conventionem

235 3906 317 3942 ipsas,
336 3907 373 3937 sic
396 3907 545 3944 Elongatas
567 3907 601 3938 &
624 3905 819 3942 Prorogatas,
850 3913 881 3933 er
904 3903 1012 3934 Literas
1028 3902 1134 3932 nostras
1148 3902 1292 3940 Parentes,

230 3944 333 3983 *sigillo
352 3944 450 3976 nostro
471 3944 584 3985 Magno
599 3943 751 3984 Sigillatas‚
766 3939 1028 3979 Confirmabimus‚
1046 3940 1243 3979 Servabimus,
1258 3941 1292 3974 &

1334 870 1386 900 ciis
1400 868 1573 900 Sereniffimi
1586 869 1728 907 Principis
1742 866 1934 908 consanguinei
1953 866 1992 902 ὀ·
2006 868 2177 906 Adverfizrii
2192 871 2240 910 fiai
2252 876 2374 907 Frunciae

1334 907 1371 938 de
1384 908 1418 938 &
1433 907 1513 946 super
1526 907 1704 946 infrascriptis
1716 905 1886 938 sufficienter
1897 907 1931 937 &
1944 906 2070 947 legitime
2083 907 2251 949 Deputatis‚
2379 900 2391 917 ³

1367 945 1464 989 ¹Prout
1477 955 1511 976 ex
1525 946 1648 984 ejusdem
1664 944 1890 976 Metuendiffimi
1903 944 2028 976 Domini
2043 946 2133 977 nostri
2145 946 2394 983 Commiffionum

1336 983 1439 1016 Literis
1454 985 1587 1024 (quarum
1599 984 1702 1015 Tenor
1714 983 1855 1022 sequitur,
1873 984 1907 1016 &
1922 983 1964 1014 est
1981 984 2052 1022 talis)
2070 985 2214 1018 evidenter
2226 997 2358 1029 apparet,

1411 1063 1547 1099 Enricus,
1571 1060 1631 1092 Dei
1650 1060 1754 1106 gratifi,
1771 1063 1832 1090 Rex
1853 1063 1975 1091 francie
1991 1059 2029 1096 ῤ’
2052 1061 2183 1102 Angliae,
2200 1063 2239 1100 ὠ·
2261 1067 2395 1099 Domina,-

1334 1100 1584 1170 salutefnliberniae²
1600 1100 1755 1138 omnibus,
1772 1099 1808 1130 ad
1824 1109 1897 1138 quos
1912 1099 2058 1138 praesentes
2072 1100 2176 1133 Literae
2197 1107 2394 1146 pervenerint,

1373 1176 1452 1208 Cum
1466 1187 1573 1215 nuper,

1370 1215 1426 1247 Per
1445 1216 1558 1247 nostros
1577 1214 1797 1246 Commiffarios
1818 1215 1851 1246 &
1875 1213 2034 1252 Deputaros
2067 1225 2101 1247 ac
2119 1216 2336 1253 Ambaffiatores
2356 1223 2390 1255 δε

1332 1254 1471 1285 Nuncios
1484 1253 1698 1292 Consanguinei
1713 1255 1747 1286 &
1763 1252 1920 1284 Adversarii
1934 1252 2025 1283 nostri
2062 1257 2183 1295 ranciae,

1371 1292 1467 1324 Cerrae
1481 1293 1610 1330 Treugae
1623 1293 1656 1323 &
1669 1301 1832 1332 guerrarum
1846 1291 2042 1331 abstinentiae,
2059 1295 2141 1325 certis
2161 1295 2253 1327 modo
2274 1297 2308 1329 &
2329 1297 2391 1328 for..

1332 1341 1397 1369 ma,
1413 1340 1502 1370 captae
1518 1331 1621 1362 fuerint
1635 1332 1666 1362 &
1682 1330 1881 1368 concordatae,

1330 1369 1687 1447 6οῇἶῖἕῶᾞάἕὲῗὲῗέ
1698 1368 2160 1441 (ἓέἷὲὶῖἷὲἢῗεῗῗέἷξῶῄωὲ
2173 1371 2289 1417 ¹s³¹³⁶¹¹³
2298 1373 2390 1418 ΨΜ

1333 1448 1486 1486 rumdem,
1505 1448 1539 1479 ὃς
1551 1447 1698 1485 Johannes
1711 1446 1781 1477 Dux
1794 1417 1982 1486 Burglimdiae,
1998 1418 2097 1441 omma
2158 1419 2245 1442 tenna
2259 1411 2327 1443 Fam
2339 1422 2391 1444 eo-

1366 1486 1401 1517 In
1421 1487 1523 1524 Loco,
1540 1487 1612 1516 inter
1626 1485 1729 1515 Villam
1740 1484 1866 1515 nostram
1881 1484 2054 1517 Medontam
2068 1486 2102 1518 &
2116 1485 2306 1527 Pontisaram‚
2328 1487 2390 1524 (φτ.

1324 1532 1407 1562 prout
1418 1525 1476 1563 jam
1482 1525 1568 1566 siipra
1583 1524 1643 1554 dat.
1659 1524 1688 1554 6.
1704 1526 1785 1553 Maii.
1799 1530 1863 1553 tunc
1868 1522 1928 1564 fic,-
1947 1527 2009 1554 viz.

2161 1586 2171 1603 ‚
2188 1563 2336 1605 Salutem,
2352 1566 2389 1598 &

1367 1563 1531 1600 Omnibus,
1548 1562 1582 1593 ad
1598 1573 1670 1600 quos
1685 1562 1830 1600 praesentes
1852 1561 1954 1592 Literae
1975 1565 2154 1600 pervenerint

1329 1601 1382 1632 hiis
1398 1602 1498 1633 Literis
1513 1601 1614 1631 nostvis
1632 1600 1718 1631 fidem
1735 1600 1880 1631 indubiam
1897 1600 2038 1632 adhibere.

1327 1639 1411 1717 quii}
1426 1639 1623 1671 Universitatis
1635 1638 1736 1669 vestrae
1751 1640 1882 1670 notitiam
1897 1638 2000 1670 deduci
2014 1639 2148 1672 volumus
2162 1651 2212 1680 per
2225 1641 2390 1682 Praesenres,

1413 1703 1422 1716 *l

1361 1715 1441 1786 1111ῐεῖ
1455 1726 1678 1786 ῐέἒέξξᾶιίὧῐὶος
1699 1753 1768 1784 dieti
1787 1752 1995 1792 Metuendiffimi
2018 1756 2130 1784 Domini
2143 1754 2243 1795 nostri,
2263 1766 2296 1787 ac
2312 1757 2387 1787 Am-

1327 1793 1503 1832 baffiatores,
1523 1793 1677 1831 Nuncios,
1694 1792 1741 1823 seu
1765 1791 1924 1830 Deputatos
1944 1790 2136 1831 Consanguinei
2160 1794 2198 1829 ό·
2217 1795 2388 1834 Adversarii

1272 1868 1290 1877 ,Α
1321 1833 1367 1873 sisi
1380 1836 1500 1862 Franciae
1510 1831 1676 1872 sitpradilli,

1366 1870 1584 1902 Concordatum
1597 1869 1691 1901 fuisset
1704 1868 1782 1907 quod
1796 1867 1887 1899 dietus
1904 1867 2134 1908 Metuendiffimus
2145 1873 2280 1903 ‚Dominus
2303 1871 2388 1912 noster

1326 1913 1405 1948 Rex,
1430 1910 1463 1941 &
1485 1908 1696 1977 Cofifanguineus
1718 1907 1756 1943 ὠ·
1779 1904 1970 1946 Adversarius
1984 1906 2050 1946 fiius
2063 1907 2255 1947 supradidus,
2274 1907 2387 1940 necnon

1327 1947 1506 1979 Sereniffima
1546 1947 1686 1984 rincipissa
1704 1946 1815 1985 Consors
1828 1944 1866 1980 ὠ·
1881 1945 2051 1975 conthoralis
2064 1946 2196 1986 ejusdem,
2213 1957 2245 1977 36
2266 1946 2386 1980 inclitis-

1327 1987 1396 2017 sima
1414 1986 1542 2016 Domina
1559 1989 1679 2016 Domina
1695 1987 1834 2016 Katerina
1846 1984 1917 2014 Filia
1936 1985 2100 2024 eorumdem,
2116 1987 2149 2017 &
2170 1984 2284 2017 Illustris
2306 1987 2389 2018 Pn‘n..

1328 2035 1395 2063 ceps
1410 2028 1479 2054 Dux
1492 2024 1655 2062 Burgundiae
1664 2047 1672 2062 ,

1368 2064 1426 2094 Aut
1447 2064 1539 2094 saltem
1561 2063 1632 2100 (ipso
1658 2061 1822 2093 Adversario
1842 2060 1995 2098 impedito)
2012 2060 2087 2091 dista
2104 2061 2268 2101 Seremffima
2285 2065 2391 2094 Princi-

1324 2100 1410 2141 p1ffa‚
1428 2103 1461 2133 ὃ(
1478 2104 1597 2131 Domina
1613 2103 1752 2130 Katerina
1765 2123 1774 2137 ,
1790 2110 1822 2130 ac
1838 2102 1907 2129 Dux
1929 2101 2111 2138 Purgundiae,
2129 2101 2275 2138 supradisti
2286 2125 2296 2141 ,
2314 2102 2390 2133 Vice

1326 2140 1514 2210 ἒςᾶΝοωὼε
1527 2139 1596 2170 dicti
1611 2138 1803 2179 Constzngninei
1816 2137 1855 2173 ὠ·
1872 2138 2044 2178 Adverfirii
2057 2138 2183 2170 Domini
2195 2139 2282 2170 nostri
2297 2140 2390 2180 supra-

1347 2190 1354 2209 ι
1389 2189 1394 2208 1

1370 2203 1570 2246 &Zintodecimo
1584 2219 1638 2246 Die
1650 2215 1727 2253 hujus
1742 2214 1844 2256 Blenfis
1859 2218 1952 2251 Maii,
1972 2216 2001 2245 in
2014 2216 2109 2254 aliquo
2120 2224 2201 2247 certo
2222 2216 2326 2255 Loco,
2345 2218 2387 2248 in-

1329 2246 1471 2288 ter⁰Villas
1485 2255 1520 2285 de
1534 2254 1675 2285 Medunta
1691 2258 1722 2285 ὅ(
1739 2254 1897 2291 Pontisera,
1915 2254 1949 2284 ad
1966 2254 2022 2285 1106
2036 2263 2186 2294 congruo,
2203 2256 2354 2295 eligendo,

1369 2294 1517 2325 Deberent
1532 2294 1709 2330 personaliter
1725 2296 1867 2322 convenire
1878 2315 1886 2330 ,

1364 2332 1417 2371 Et,
1443 2343 1496 2370 pro
1520 2331 1673 2363 Securitare
1693 2332 1778 2362 dietae
1801 2332 1992 2361 conventionis
2010 2332 2082 2363 inter
2104 2327 2199 2363 Partes
2222 2333 2388 2373 praedffias,

1328 2380 1414 2403 certae
1429 2371 1553 2401 Treuoeae
1568 2371 1643 2400 initae
1657 2370 1759 2400 fuerint
1771 2370 1804 2401 &
1818 2370 2017 2406 concordatae,

1368 2410 1459 2440 Prout
1473 2411 1502 2440 in
1511 2396 1617 2439 t[iteris
1632 2408 1916 2446 Commissariorum,
1936 2409 1972 2438 de
1987 2411 2068 2439 Data
2081 2412 2189 2448 Septimi
2203 2412 2270 2439 Diei
2284 2409 2386 2450 Menfis

1330 2448 1438 2486 Aprilis
1452 2448 1539 2477 ultimi
1550 2451 1700 2486 praeteriti,
1719 2447 1825 2485 plenius
1842 2449 2018 2484 continetur,

1367 2488 1465 2526 Qum
1482 2488 1595 2523 quidem
1617 2489 1846 2522 conventionwi,
1862 2485 2037 2523 personaliter
2072 2485 2230 2522 utiendum,
2247 2493 2305 2515 tarn
2326 2487 2386 2515 Do-

1329 2529 1412 2555 minus
1432 2525 1518 2593 mister
1533 2529 1611 2562 Rex,
1622 2534 1714 2561 aluam
1731 2526 1817 2553 dic7u5
1831 2522 2018 2562 Adversarius
2045 2534 2110 2561 uus,
2128 2525 2155 2553 in
2171 2525 2261 2553 verbis
2277 2522 2386 2562 Regiis,

1330 2565 1443 2601 ipsaque
1472 2563 1630 2593 nclitilsima
1646 2564 1662 2581 *²
1681 2562 1843 2600 principissa
1866 2564 1893 2591 in
1917 2563 2006 2592 verbo
2029 2561 2221 2599 Principiliae,
2238 2562 2384 2594 observare

2405 2550 2420 2566 ³
2439 2551 2491 2580 IX.

1328 2604 1361 2632 &
1376 2602 1411 2631 116
1424 2601 1599 2640 personaliter
1622 2603 1763 2630 convenire
1788 2600 1990 2636 promilerunt,
2014 2600 2200 2637 praefatusque
2220 2603 2289 2630 Dux
2311 2604 2385 2630 Bur-
2401 2588 2467 2625 748·

1323 2642 1447 2676 guna'iae,
1465 2642 1543 2669 tactis
1560 2648 1685 2676 pereum
1702 2638 1858 2676 Evangeliis
1878 2637 2080 2677 sacrosanctis,
2097 2640 2215 2669 eandem
2240 2639 2387 2670 observare

1328 2680 1361 2709 ὀί
1375 2677 1551 2717 personaliter
1562 2680 1703 2706 convenire
1718 2676 1843 2713 promisit
1858 2677 1890 2706 &
1903 2677 2024 2713 juravit,

1366 2715 1454 2746 Prout
1479 2717 1506 2745 in
1530 2725 1630 2745 eorum
1655 2715 1752 2744 Literis
1769 2715 1948 2754 lingularibus
1959 2738 1968 2753 ,
1987 2724 2089 2745 eorum
2104 2714 2220 2755 Magnis
2235 2714 2338 2755 sigillis
2353 2715 2388 2746 fi-

1327 2755 1423 2794 gillatis
1433 2777 1442 2792 ,
1461 2755 1569 2792 plenius
1584 2754 1745 2784 continetur
1757 2777 1765 2789 ,

1366 2793 1411 2822 Ad
1428 2803 1512 2831 quam
1528 2793 1643 2830 quidem
1659 2794 1885 2828 Conventionem,
1902 2791 1985 2821 dietis
2004 2791 2064 2821 Die
2078 2789 2210 2823 &Loco
2223 2791 2330 2822 realiter
2345 2791 2387 2822 fa-

1329 2831 1476 2901 ῧσεηάἓῐη,
1496 2830 1744 2861 Metuendissimus
1759 2833 1891 2859 Dominus
1908 2829 1992 2869 noster
2007 2833 2067 2859 ch
2081 2839 2189 2868 paratus
2202 2829 2261 2868 est,
2280 2831 2314 2861 &
2336 2832 2388 2862 erit

1363 2880 1398 2900 eo
1433 2880 1486 2900 uce

1354 2893 1500 2976 IJamque}
1518 2917 1550 2937 ex·
1565 2908 1698 2938 relatione
1710 2906 1850 2936 Anthonii
1861 2905 2044 2944 Thmlonjon,
2061 2906 2094 2936 &
2114 2904 2263 2935 Guillielmi
2284 2910 2387 2947 Digni,

1328 2945 1354 2976 lv
1368 2947 1458 2977 ilitum
1474 2969 1482 2981 ,
1508 2948 1541 2977 &
1571 2945 1703 2982 Magistri
1724 2946 1854 2974 Guidom's
1874 2944 1990 2973 Geluner
2014 2944 2162 2975 Licentiari
2186 2945 2216 2974 in
2242 2944 2389 2984 LegibuS‚

1329 2985 1601 3062 gommisslistriorum
1617 2986 1649 3016 ὅ(
1664 2984 1699 3015 N
1701 2984 1851 3014 unciorum
1865 2982 1933 3012 dieti
1947 2981 2141 3022 Corfiznguinei
2156 2981 2195 3018 &
2217 2983 2388 3024 Adversarii

1361 3035 1441 3053 onim
1456 3035 1488 3053 no
1514 3035 1537 3052 rt

1367 3064 1428 3100 Qli
1449 3069 1483 3092 ad
1506 3047 1684 3092 Pri-eserniam
1707 3060 1761 3089 suae
1784 3058 1960 3095 Serenitatis,
1979 3062 2060 3089 Sexto
2077 3060 2117 3089 die
2130 3059 2256 3099 instantis
2283 3060 2385 3100 Menfis

1328 3104 1424 3169 Maiis,
1440 3101 1474 3130 ad
1491 3100 1625 3130 Castrum
1641 3099 1720 3129 suum
1733 3097 1769 3128 de
1793 3097 1913 3128 vernon
1939 3097 2017 3135 super
2038 3095 2193 3137 Secanam,
2211 3098 2387 3137 personaliter

1327 3149 1395 3170 acce
1420 3148 1501 3170 erunt

1366 3177 1447 3208 Idem
1465 3161 1714 3206 Metuendissimus
1727 3177 1857 3204 Dominus
1874 3173 1959 3213 noster
1974 3176 2098 3212 percepit
2111 3175 2143 3206 &
2157 3175 2290 3205 intellexit
2307 3175 2386 3213 quod

1328 3216 1414 3252 dieti,
1435 3214 1646 3253 Consanguineus
1665 3212 1702 3247 &
1724 3213 1913 3252 Adversarms
1929 3212 2012 3252 situs,
2027 3213 2138 3252 Consors
2160 3212 2198 3248 ᾤ’
2217 3213 2388 3244 conthoralis

1327 3252 1458 3293 ejusdem,
1477 3256 1510 3283 δε
1532 3255 1600 3281 Dux
1622 3253 1804 3289 Rurgundiae,
1822 3251 2082 3290 liip1·adi6kus,ipfis
2100 3254 2155 3281 Die
2177 3250 2215 3287 ό·
2239 3254 2327 3290 Loco,
2354 3261 2387 3283 ut

1329 3291 1488 3329 praefertur,
1506 3299 1539 3320 cx
1553 3291 1634 3320 certis
1655 3291 1757 3328 caulis,
1776 3300 1823 3320 eos
1838 3292 2037 3328 moventibus,
2049 3289 2243 3328 personaliter,
2263 3299 2292 3321 ut
2317 3290 2385 3320 asse-

1329 3339 1409 3367 runt,
1429 3329 1586 3359 commode
1603 3339 1744 3358 convenire
1760 3338 1821 3358 non
1837 3327 1969 3367 possunt,

1365 3367 1454 3397 Unde
1466 3367 1544 3397 dieto
1558 3371 1674 3396 Domino
1691 3366 1776 3406 nostro
1794 3369 1857 3404 Regi
1890 3375 1925 3397 ex
1941 3375 2018 3405 parte
2040 3365 2109 3397 dieti
2131 3365 2321 3405 Consanguinei
2344 3363 2384 3399 dv

1327 3405 1495 3444 Adverfizrii
1513 3406 1575 3445 fiii,
1593 3415 1625 3435 ac
1650 3405 1836 3435 illustriffimae
1861 3390 2037 3443 Principiffae
2057 3403 2190 3443 consortis
2213 3402 2328 3441 ejusdem
2349 3412 2384 3433 36

1326 3447 1409 3474 Ducis
1437 3445 1600 3480 Burgundiae
1623 3442 1794 3481 supradicti,
1822 3444 1912 3475 eXtitit
1936 3451 2005 3475 curn
2026 3441 2154 3473 instantia
2177 3441 2360 3478 deprecatum
2374 3464 2383 3479 ,

1325 3492 1460 3520 quatenus
1480 3482 1579 3511 dietum
1601 3484 1866 3522 Quintumdecimum
1887 3482 1957 3512 diem
1979 3481 2066 3519 usque
2083 3480 2118 3510 ad
2133 3479 2294 3511 ulteriorem
2311 3478 2386 3510 Ter-

1328 3522 1439 3551 minum
1456 3521 1587 3558 elongare
1602 3529 1657 3550 uve
1673 3521 1839 3559 prolongare
1851 3520 1896 3550 sua
1911 3520 2047 3550 serenitas
2060 3518 2239 3556 dignaretur,

1363 3559 1430 3589 Nos
1443 3559 1545 3597 igitur,
1564 3557 1758 3589 Commiss'arii
1773 3558 1916 3596 praediffl,
1929 3555 2076 3588 Praemiffa
2087 3556 2383 3586 PROTESTATIONE

1327 3597 1405 3635 quod
1428 3606 1487 3626 non
1512 3596 1682 3627 intendimus
1698 3620 1707 3636 ,
1739 3607 1793 3628 nec
1817 3597 1937 3627 intendit
1955 3595 2101 3626 Dominus
2118 3593 2213 3624 noster
2237 3603 2287 3631 per
2311 3594 2385 3625 hanc

1327 3635 1491 3673 praesentem
1514 3634 1734 3671 Elongationem
1756 3635 1812 3665 sive
1834 3634 2102 3672 Prolongationern,
2126 3631 2264 3663 recedere,
2281 3633 2318 3663 ab
2337 3633 2388 3667 alif

1328 3675 1429 3711 quibus
1445 3672 1690 3712 Obligationibus,
1709 3675 1816 3704 ratione
1832 3671 1942 3712 Lapsus
1957 3671 2045 3701 Primi
2057 3671 2189 3701 Termini
2204 3671 2340 3702 antedisti
2354 3672 2388 3701 &

1327 3721 1387 3755 11011
1404 3711 1520 3754 servati,
1537 3720 1583 3742 aut
1601 3712 1656 3741 aliis
1665 3712 1736 3750 Juris
1749 3711 1795 3741 vel
1803 3710 1888 3741 ‘Fac‘ti
1903 3709 2066 3746 Remediis,
2085 3710 2192 3740 ratione
2208 3708 2315 3746 Lapsfis
2334 3709 2388 3740 hu-

1323 3749 1463 3788 jusmodi,
1482 3749 1572 3781 eidem
1589 3748 1725 3782 Domino
1739 3748 1839 3780 nostro
1858 3747 2083 3785 competentibus
2104 3748 2150 3778 vel
2173 3748 2389 3787 competitoris,

1326 3788 1365 3818 set
1379 3786 1484 3817 eisdem
1501 3786 1619 3818 firmiter
1633 3789 1769 3818 inhaerere
1781 3788 1809 3817 in
1826 3795 1961 3817 eventum
1982 3794 2042 3823 quo
2062 3785 2222 3823 hujusmodi
2242 3785 2391 3818 Secundus

1325 3825 1482 3856 Terminus
1495 3835 1555 3856 non
1568 3826 1652 3856 fuerit
1668 3826 1858 3863 Observatus,
2260 3830 2263 3831 ⁷

1364 3863 1491 3895 Scientes
1513 3864 1593 3903 quod
1611 3865 1698 3894 dicius
1716 3866 1846 3893 Dominus
1865 3861 1950 3900 noster
1967 3865 2028 3892 Rex
2045 3861 2080 3892 ad
2099 3861 2214 3893 Bonum
2244 3861 2328 3894 Pacis
2355 3862 2390 3893 &

1327 3900 1526 3940 Concordiae,
1545 3903 1577 3933 ὃ(
1593 3905 1692 3933 01111113
1707 3901 1808 3934 Media
1821 3900 1990 3930 rationabilia
2011 3900 2134 3938 ejusdem
2152 3901 2260 3939 semper
2283 3901 2338 3932 fuit
2356 3900 2391 3932 &

1328 3939 1369 3975 est
1387 3939 1467 3973 Zelo
1480 3940 1682 3973 fervenuffimo
1696 3940 1861 3975 inclinatus,
1978 3943 1981 3946 ’
2294 3954 2298 3957 »
2342 3972 2394 4005 Ob
