2562 4274
763 157 871 199 ET
955 157 1221 198 ACTA
1304 157 1784 204 PUBLICA.

245 241 386 281 Ipfiusque
401 240 574 272 Illustriffimi
587 241 726 282 Principis
742 243 775 274 δε
795 246 872 281 Regis
892 243 1002 281 Angliae
1029 243 1164 273 Moderni
1179 242 1261 280 jura-

2285 182 2366 219 129

1300 252 1411 282 propter
1425 246 1482 276 hoc
1496 247 1631 278 accedens
1643 248 1820 280 Praesentiam
1831 272 1840 288 ,
1859 250 1891 281 ὃς
1907 259 2004 282 coram
2019 251 2137 289 Nobis,
2154 253 2187 283 ad
2202 253 2268 292 Jura
2290 257 2351 287 red—
2371 252 2441 282 Ann—
2459 251 2501 284 D«

1300 282 1390 325 <lenda
1408 294 1458 321 pro
1473 284 1623 316 Tribunali
1639 287 1804 317 Sedentibus
1815 312 1824 326 ,
1843 289 1870 318 in
1884 289 2074 320 Notariorum
2091 290 2274 323 publicorum
2290 296 2351 325 sub·
2398 299 2481 328 ¹427-

1300 320 1486 359 scriptorum,
1502 324 1534 353 &
1548 324 1681 354 Testium
1698 326 1953 365 infrascriptorum,
1971 329 2004 357 ad
2026 328 2083 359 hoc
2105 338 2273 361 vocatorum
2293 332 2352 370 spe·
2368 333 2432 357 Hm.
2447 331 2475 356 ⁶-

61 237 189 317 Αῗῇἐ).
208 290 336 312 mentum
347 304 357 319 ,
375 280 410 310 de
428 280 512 310 diecae
534 280 680 318 Perpetuae
700 281 780 312 Pacis
802 282 989 314 Inviolatione
1006 283 1038 313 ὃς
1054 282 1259 312 Observatione

61 322 124 346 ΗΜ·
141 318 169 344 6.
209 320 240 350 in
252 320 393 356 futurum,
412 318 600 356 Recipiendi,

247 357 286 388 Et
300 357 389 387 simile
398 355 597 394 Juramentum
615 367 665 395 pro
678 357 777 388 Nobis
788 357 838 387 fibi
851 356 944 388 Dandi
959 358 993 388 &
1008 357 1176 394 Praestandi,

249 395 381 426 Necnon
397 395 432 424 de
446 396 479 426 ὃς
491 395 571 433 super
583 395 677 427 debita
689 397 723 427 &
733 395 806 434 justa
820 395 1036 426 Reformatione
1055 398 1186 427 omnium
1209 394 1262 426 At-

211 442 429 472 temptatorum,
449 434 528 471 super
545 433 664 464 Limites
682 435 715 465 ὃς
742 433 887 464 Marchias
909 434 1081 471 Regnorum
1102 435 1205 466 Scotiae
1229 434 1262 464 &

211 472 323 510 Angliae
344 471 579 510 commissorum,
597 471 729 502 hincinde
746 471 873 503 facienda
891 474 924 503 δε
944 473 1089 511 habenda,
1107 483 1159 512 pro
1180 471 1262 502 Bono

209 511 243 541 &
257 510 470 547 Tranquillitate
486 509 640 548 Ligeorum
653 509 792 546 utriusque
808 510 976 550 Regnorum
992 512 1210 549 praedidiorum,
1229 512 1262 541 ὃς

210 548 368 586 hujusmodi
382 548 564 586 Attemptatis
582 546 716 579 evitandis
736 549 769 579 &
790 550 910 580 minime
931 549 1117 590 perpetrandis
1139 551 1168 579 in
1188 549 1263 580 futu-

211 596 273 617 rum

250 609 296 655 Ac
316 624 396 664 super
418 625 470 655 hiis
491 623 624 667 omnibus
638 623 670 654 ὃς
684 623 757 668 aliis,
775 624 889 670 Bonum
903 625 981 670 Pacis
995 626 1027 657 &
1043 624 1262 670 Observationes

210 661 540 741 ἓὲῗὲἓὲῦῗέεῑῗὲἓῖἒξ
554 662 1263 740 ἕὲἕὲᾗάὲῗιεῗῗὲξὲῗοῗὲξῗὲῗὲῖξυέἑὲἷέῐῡξ

211 740 466 775 concernentibus,
484 739 517 769 ὃς
530 748 613 775 prout
626 739 705 769 dieto
718 739 816 770 nostro
836 740 1031 772 Ambasfiatori
1049 741 1133 779 magis
1149 738 1263 782 expedi-

212 789 243 809 re
263 778 403 809 videbitur
452 777 534 807 etiam
556 776 816 816 Communicandi,
843 779 1013 817 Tractandi,
1041 777 1263 814 Concordand1,

212 798 448 859 Appunetuancsi,
468 813 665 859 Concludendi
676 837 686 853 ‚
703 817 736 847 &
749 816 981 856 Determinandi,
1126 856 1131 861 ὁ

249 855 288 885 Et
306 854 468 892 generaliter
483 863 582 884 omnia
597 853 647 883 alia
663 854 696 884 δε
714 854 816 892 singula
836 855 984 894 Faciendi,
1003 855 1150 892 Gerendi,
1176 854 1265 884 Exer-

211 893 317 931 cendi,
345 893 378 924 &
401 890 573 929 Expediendi
588 914 597 929 ,
623 901 688 929 quae
706 893 733 922 in
752 893 902 923 Praemiffis
925 895 958 925 &
979 895 1054 924 circa
1069 904 1100 924 ea
1118 893 1266 923 necessaria

211 933 315 962 fuerint
340 931 386 961 seu
411 929 628 968 quomodolibet
652 939 816 969 oportuna,
846 931 880 961 &
905 941 968 970 quae
986 932 1054 962 Nos
1072 932 1226 962 faceremus
1244 930 1264 960 fi

209 970 358 1007 praesentes
384 968 559 1007 personaliter
583 968 774 999 interessemus
790 991 800 1007 ,
831 971 915 999 etiam
944 970 962 1000 si
988 970 1051 1001 talia
1079 970 1172 1000 forent
1199 979 1263 1007 quae

210 1007 383 1040 Mandatum
402 1007 511 1045 exigant
528 1006 615 1045 magis
633 1006 749 1044 speciale
767 1008 854 1046 quam
881 1009 1065 1039 Praesentibus
1090 1007 1131 1038 est
1154 1017 1264 1046 expres-

208 1047 269 1078 sum

247 1069 464 1121 Pr’omittentes,
480 1083 509 1113 in
524 1083 615 1113 verbo
627 1082 738 1122 Regio,
754 1082 822 1115 Nos
837 1083 960 1123 Ratum,
977 1083 1266 1122 Gratum,Firmum,

210 1123 244 1154 &
258 1122 379 1160 Stabile,
396 1122 497 1152 habere
511 1123 543 1153 &
556 1122 698 1152 habituros
708 1131 801 1153 totum
818 1125 850 1153 δε
867 1123 999 1161 quicquid
1016 1134 1064 1160 per
1083 1123 1192 1153 dicium
1212 1133 1267 1152 no—

211 1161 301 1191 strum
323 1159 578 1198 Ambaffiatorem,
603 1160 774 1198 Oratorem,
801 1160 1052 1200 Commislarium,
1071 1161 1266 1199 Deputatum,

210 1201 245 1232 &
266 1199 421 1230 Nuncium
446 1198 717 1236 Communicatum,
743 1199 932 1238 Tractatum,
951 1199 1190 1237 Concordatum,
1205 1199 1264 1236 Ap-

212 1238 417 1276 punetuatum,
436 1236 733 1279 DidiquGestum,
751 1236 968 1270 Conclusumve
980 1238 1062 1268 fuerit
1083 1240 1113 1268 in
1134 1237 1265 1268 Praemis·

210 1276 261 1312 fis,
281 1285 327 1306 aut
341 1276 435 1313 aliquo
452 1275 673 1306 praemistorum.

247 1313 280 1343 In
299 1315 377 1352 cujus
399 1313 456 1343 Rei
477 1314 707 1351 Testimonium,
728 1313 871 1353 Magnum
892 1314 1018 1354 Sigillum
1044 1313 1173 1344 nostrum
1189 1313 1265 1343 Prae-

210 1351 331 1382 sentibus
351 1352 467 1389 Apponi
490 1352 608 1383 fecimus
628 1352 702 1390 apud
732 1352 892 1390 Edinburgh
907 1376 916 1389 ,
945 1353 1074 1383 Decimo
1098 1351 1194 1383 Nono
1219 1351 1265 1382 die

214 1389 320 1421 Mensis
329 1390 412 1430 Julii,
431 1391 520 1421 Anno
532 1390 627 1431 Regni
641 1391 730 1422 nostri
746 1390 890 1422 Vicesimo
904 1391 1046 1422 Secundo.

852 1471 1008 1510 JAMES,
1026 1473 1109 1509 King.

370 1553 423 1584 Sub
437 1563 531 1591 magno
551 1552 640 1591 Sigillo
657 1555 765 1592 Scotiae,
782 1550 842 1583 cera*
858 1551 925 1582 alba
950 1549 1083 1590 impreffb‚
1096 1551 1228 1589 pendente
1246 1561 1265 1579 a

446 1591 533 1622 cauda
548 1594 727 1630 Pergamenae.

349 1728 399 1759 De
418 1723 570 1758 Candabia
584 1735 639 1771 pro
658 1723 801 1758 Gentibus
818 1728 915 1759 Ducis
931 1723 1116 1772 Burgundiae.

1301 358 1405 401 cialiter
1419 361 1451 391 &
1468 360 1664 403 Rogatorum,
1683 363 1824 400 praesentia
1837 365 2013 402 personaliter
2034 366 2219 407 constitutus,
2237 379 2354 401 venera-

1301 396 1361 440 bilis
1373 398 1639 440 &Ueircumipestus
1656 403 1697 432 vir
1710 404 1870 433 Procurator
1888 404 2026 434 Generalis
2044 404 2162 435 Domini
2179 406 2265 436 nostri
2292 408 2349 438 Re-

1301 436 1526 479 gis-exhibuit&
1541 438 1652 473 publice
1667 440 1839 476 praesentavit
1854 442 1981 478 quasdam
1997 443 2122 474 Parentes
2142 444 2263 483 Lireras,
2282 444 2350 476 Illu-

1303 472 1424 503 stnffimi
1440 474 1595 514 Principis,
1615 475 1736 506 Domini
1752 478 1906 517 Johanm's,
1924 480 1979 510 Dei
1995 480 2097 519 gratia,
2113 485 2269 512 Britanniae
2286 487 2350 513 Du-

1301 514 1354 548 cis,
1373 521 1485 541 necnon
1509 514 1641 553 Francisrz
1663 517 1694 545 &
1715 517 1841 545 Richardi
1866 517 1979 548 suorum
2002 519 2153 556 Filiorum,
2171 532 2202 552 ac
2226 522 2348 558 plurium

1301 547 1503 588 Praelatorum,
1523 551 1739 592 Capitulorum,
1758 554 1902 592 Militum,
1923 557 1955 586 δε
1976 557 2094 587 aliorum
2118 558 2290 596 Nobilium,
2317 561 2351 591 δε

1303 586 1551 618 Communitatum
1574 591 1726 628 aliquarum
1749 591 1879 623 Ducatsis
1899 594 2070 633 Britanniae,
2102 605 2202 627 eorum
2224 599 2324 635 sigillis
2342 621 2354 637 ‚

1303 626 1361 655 timi
1376 625 1449 670 Cera
1460 627 1556 664 rubra,
1575 630 1660 666 quam
1677 630 1705 658 in
1719 628 1793 659 Cera
1808 631 1903 669 viridi,
1918 632 2066 672 sigillatas,
2081 634 2153 664 sanas
2168 636 2202 666 &
2216 636 2351 674 integras,

1303 673 1362 707 non
1379 673 1490 707 viciatas
1505 675 1596 704 neque
1611 667 1787 706 cancellatas,
1805 678 1862 699 non
1879 671 2009 707 abolitas,
2028 681 2086 701 non
2101 673 2201 703 abrasas
2212 696 2222 711 ,
2239 685 2292 704 nec
2317 676 2348 704 in

1301 701 1387 740 aliqua
1410 703 1448 733 sui
1469 712 1545 747 parte
1567 705 1716 743 suspeetas,
1740 705 1784 737 sed
1810 709 1921 744 prorsus
1943 709 2024 739 omni
2046 708 2122 740 Vitio
2145 711 2178 741 &
2192 711 2350 750 Suspirione

1302 749 1442 778 carentes,
1462 751 1490 771 ut
1503 742 1591 778 prima
1603 744 1673 773 facie
1687 745 1847 783 apparebat,

1341 778 1471 823 Qarum
1485 780 1615 810 Tenores
1629 781 1762 820 inferitis,
1779 783 1815 813 de
1830 785 1919 814 verbo
1935 783 1968 814 ad
1983 785 2117 823 verbum,
2135 787 2299 826 inserentur,

1339 815 1377 846 Et
1394 816 1491 847 Primo
1507 818 1626 855 sequitur
1640 818 1743 850 Tenor
1756 820 1912 852 Literarum
1926 823 2032 860 praefati
2046 823 2167 855 Domini
2180 829 2262 856 Duris
2284 830 2352 857 Bri-

1303 857 1421 893 tanniae,
1440 857 1473 887 ὃ(
1485 856 1524 886 est
1541 857 1637 895 Talis,

1337 928 1451 968 Jehan,
1475 940 1523 967 par
1543 931 1569 962 la
1587 941 1671 969 grace
1692 933 1735 965 de.
1750 933 1843 972 Dieu,
1872 938 1933 964 Duc
1957 935 1989 964 de
2012 938 2173 975 Bretaigne,
2193 937 2289 970 Conte
2311 940 2347 971 de

1303 965 1448 1000 Montfort
1462 969 1495 999 &
1512 969 1706 1010 Richemont,
1723 983 1738 1003 a
1749 981 1813 1003 tous
1832 974 1932 1012 ceulx,
1949 975 1999 1012 qui
2019 984 2064 1005 ces
2085 977 2220 1013 presentes
2242 977 2350 1010 Lettres

1303 1015 1434 1045 verront,
1453 1008 1537 1038 Salut.

1339 1043 1467 1076 SAvom
1487 1056 1617 1078 FAisoNs
1635 1058 1708 1087 que,
1726 1058 1798 1086 pout
1814 1049 1840 1079 le
1853 1049 1918 1080 bien
1933 1049 1968 1079 de
1984 1049 2053 1080 Paix
2068 1051 2101 1082 ὅ(
2118 1051 2282 1091 demourer,
2300 1066 2350 1085 cae-

1301 1089 1363 1112 tera
1380 1085 1524 1115 Putredine
1540 1085 1713 1125 absumuntur
1729 1087 1808 1127 usque
1822 1088 1876 1117 haec
1892 1088 1988 1118 verba.

1340 1160 1382 1188 Et
1401 1162 1459 1197 Ego
1472 1160 1615 1199 Johannes
1630 1162 1749 1201 Crausy,
1768 1164 1991 1204 Antifiodorenfis
2010 1164 2146 1205 Dioecefis,
2164 1170 2192 1196 in
2206 1167 2280 1205 Jure
2295 1172 2350 1198 Ca-

1303 1200 1393 1226 nonico
1410 1201 1592 1237 Licentiatus,
1610 1201 1730 1231 Publicus
1746 1204 1781 1231 A
1795 1202 1898 1241 ostolica
1920 1201 1958 1237 ό·
1984 1204 2119 1242 imperiali*
2141 1206 2349 1236 audior-itatibus

1302 1239 1438 1276 Curiaeque
1457 1237 1618 1276 Epifiopalis
1641 1240 1758 1279 Parzfien
1770 1250 1792 1269 15
1811 1240 1933 1278 Juratus
1960 1240 1997 1276 ὠ
2023 1242 2134 1280 Scriba,
2156 1245 2348 1281 praedillarum

1302 1275 1461 1316 Literarum
1473 1275 1633 1306 exhibitione
1651 1280 1759 1308 Decreti
1775 1277 1812 1312 όν
1826 1283 1966 1308 annotatis
2078 1281 2081 1285 '
2115 1282 2263 1323 caeterisque
2275 1292 2348 1321 prae-

1303 1312 1382 1354 Duff?
1399 1313 1535 1351 omnibus,
1551 1315 1613 1343 dum
1630 1314 1686 1354 fic,
1708 1323 1739 1345 ut
1751 1315 1787 1354 fic
1804 1316 2003 1355 rastribuntur‚
2017 1326 2158 1354 agerentur
2184 1322 2221 1354 &
2227 1321 2350 1360 fierent,

1297 1349 1414 1388 praefi’ns
1435 1350 1490 1380 und
1511 1363 1567 1381 cum
1585 1354 1704 1382 Notario
1720 1325 1825 1384 Pubfico
1840 1353 1878 1391 ῤ’
1895 1356 2008 1394 Testibus
2019 1357 2206 1396 fitprafiriptis
2218 1359 2265 1398 fiaei
2276 1383 2286 1397 ,
2303 1371 2349 1390 ea-

1302 1397 1352 1427 que
1359 1388 1398 1428 fic
1406 1387 1474 1429 fieri
1485 1391 1546 1419 vidi
1559 1389 1597 1425 ὠ
1611 1390 1723 1429 audivi,

1340 1426 1441 1456 Idcirco
1457 1428 1604 1468 praefiintes
1626 1431 1757 1467 Literar,
1766 1428 1817 1468 fia
1836 1430 1952 1469 praestus
1971 1431 2101 1470 publicum
2122 1434 2351 1475 Instrumentum,

1302 1465 1431 1502 Transum
1447 1473 1505 1495 tum
1515 1489 1524 1504 ,
1536 1466 1586 1506 seu
1603 1467 1816 1507 Transi-reptant,
1830 1467 1941 1498 alterius
1957 1474 2061 1508 Manu,
2080 1475 2130 1501 Me
2151 1473 2259 1503 aliunde
2276 1483 2349 1513 prae-

1297 1503 1404 1541 pedite,
1443 1504 1536 1534 delitet·
1549 1505 1699 1544 firiptum,
1716 1509 1796 1543 Signo
1818 1517 1873 1535 meo
1897 1515 1930 1544 ap
1947 1507 2026 1546 asilo,
2044 1509 2100 1538 und
2126 1521 2182 1539 cum
2207 1516 2284 1549 Signo
2308 1512 2347 1547 ό·

1302 1540 1494 1580 Subfiriptione
1509 1544 1574 1573 dicii
1590 1545 1703 1574 Notarii
1716 1544 1818 1574 Publici
1825 1514 2020 1584 suprassrtpti,
2038 1545 2076 1580 ὠ
2091 1548 2156 1578 dieii
2170 1552 2281 1581 Domini
2294 1549 2348 1588 Of-

1294 1578 1395 1618 ficialis
1413 1582 1480 1609 Pari
1490 1581 1568 1622 tensis
1580 1585 1681 1619 Signeti
1699 1582 1865 1622 appenfione,
1882 1583 2023 1622 diligenter
2188 1599 2243 1617 cum
2260 1592 2349 1626 Origi-

1301 1617 1407 1647 nalibus
1421 1619 1470 1648 Col
1479 1623 1567 1649 atione
1574 1618 1677 1659 fabia,
1705 1624 1815 1659 ignavi,
1833 1620 1875 1650 hic
1889 1633 1929 1651 me
1944 1633 2025 1652 manu
2038 1624 2150 1661 propria*
2161 1626 2347 1664 subfiribendo

1300 1658 1329 1687 in
1346 1659 1475 1688 veritatis
1489 1657 1683 1697 Praemiffitrum
1699 1659 1879 1698 Testimonium
1893 1660 2048 1700 Requifitus.

1337 1733 1448 1774 Constat
1464 1734 1495 1764 de
1511 1733 1600 1764 Verbis
1615 1734 1738 1776 vicefima
1754 1746 1825 1766 nona
1840 1736 2059 1768 Interlineariter
2066 1737 2175 1777 scriptis

1294 1771 1417 1813 fideliter
1429 1773 1549 1812 approbo.

58 1818 134 1850 Ann.
151 1817 192 1849 D.
211 1813 291 1875 LE
313 1814 401 1844 Ros
418 1823 432 1843 a
452 1820 533 1844 toutz
555 1812 702 1851 Seigneurs
720 1814 756 1845 de
777 1813 871 1858 nostre
889 1813 982 1858 Sange
1004 1815 1037 1845 ὃς
1052 1813 1184 1858 =Linage,
1207 1818 1265 1855 noz
1556 1853 1560 1858 ι
1581 1853 1585 1858 .
1734 1855 1738 1860 .

87 1866 171 1895 1427,
286 1852 472 1895 Constables,
498 1851 693 1895 Marescbaulx
702 1875 710 1890 ,
733 1852 908 1891 Admirales,
934 1851 1154 1896 Visadmiraulx,
1177 1850 1265 1894 Baiis,
1466 1849 1519 1880 Sub
1531 1849 1620 1889 Sigillo
1633 1861 1697 1881 cerae
1709 1861 1791 1890 nigrae
1801 1875 1811 1890 ,
1820 1853 1950 1891 pendente
1964 1864 1983 1883 a
1998 1855 2082 1884 cauda
2098 1855 2275 1892 Pergamenae,

57 1900 152 1964 2m65.
210 1890 369 1927 Prevostz,
385 1890 536 1927 vicomes,
554 1889 727 1927 Capitames,
746 1891 778 1922 &
792 1890 899 1922 Gardes
911 1891 947 1921 de
961 1890 1061 1929 Citez,
1079 1889 1264 1967 bonlnlfisisglig:

211 1930 268 1966 les,
295 1928 479 1965 Chasteaulx,
507 1928 688 1966 Fortereffes,
711 1928 817 1968 Ponts,
844 1929 942 1966 Ports,
963 1929 1110 1997 Passagesf}

58 1956 145 2002 franc..
164 1981 192 2008 5.

212 1969 286 1998 tions
307 1969 340 1998 &
363 1966 504 2004 Distreiz,
520 1966 557 1996 de
579 1976 637 1996 noz
660 1966 804 1998 Roialmes
822 1968 859 1998 de
875 1968 998 1998 Fraunce
1013 1968 1075 1998 &d
1113 1967 1264 2006 ng1eoerre,
1668 2001 1673 2007 Ι
1701 2002 1706 2007 ⁵
1814 2002 1819 2007 1
2021 2005 2026 2010 ⁸

58 2013 174 2040 H.6.m.
211 2007 245 2037 ὃς
262 2016 277 2035 a
291 2012 373 2036 toutz
387 2013 446 2035 noz
461 2004 676 2042 autresJustices
690 2006 723 2036 &
741 2005 891 2044 Officiers,
909 2016 947 2036 ou
968 2006 1043 2036 lours
1062 2007 1266 2041 Lieutenantz,
1526 1995 1553 2022 ²¹⁶
1571 1998 1704 2032 Palatina
1724 1997 1818 2032 Rheni
1834 2002 2090 2036 Procuratormm.
2367 2002 2386 2022 ³*
2406 2003 2444 2033 X.

59 2058 86 2080 1-
214 2043 317 2081 Mairs,
336 2043 504 2080 Eschevins,
523 2044 556 2074 &
572 2052 660 2074 autres
675 2052 734 2074 noz
746 2044 875 2075 Vassaulx
889 2045 921 2075 ὃ(
937 2044 1070 2084 Subgez,
1087 2046 1123 2075 de
1143 2044 1264 2082 quelque
2369 2051 2431 2079 379.

211 2082 282 2114 estat
304 2093 343 2112 ou
360 2082 508 2113 condition
523 2081 588 2119 q'ilz
602 2082 706 2120 soient,
722 2082 807 2113 lalutz
822 2083 855 2113 &
867 2083 1010 2113 dileffion.

251 2121 339 2151 Nous
352 2130 440 2151 avons
453 2120 575 2150 entendu
595 2130 643 2158 qe,
667 2120 762 2150 nostre
777 2121 927 2152 Treschier
945 2122 978 2153 &
996 2120 1130 2152 Tresame
1148 2120 1265 2158 Unde,

212 2159 304 2198 Philip
321 2162 382 2189 Duc
401 2160 432 2189 de
449 2160 614 2196 Burgoigne,
631 2158 729 2189 Conte
747 2159 782 2191 de
800 2160 946 2197 Flandres,
962 2159 1084 2197 d‘Artois
1098 2160 1131 2190 δε
1145 2159 1179 2190 de
1196 2159 1264 2190 Bur-

1302 2090 1548 2151 LUnovtcus,
1570 2091 1628 2137 Dei
1643 2092 1743 2139 gratie,
1773 2092 1890 2140 Comes
1909 2093 2106 2141 PALAajmus
2130 2097 2220 2129 Rem
2235 2122 2245 2138 ,
2273 2103 2349 2130 Sacri
2368 2106 2444 2137 Αῃῃ,
2457 2108 2488 2139 D

1373 2132 1486 2174 Romam
1503 2133 1609 2169 Imperii
1626 2130 1822 2170 Archidapifer
1832 2156 1842 2170 ,
1857 2131 1902 2177 όν.
1913 2134 2046 2163 Bavarzae
2065 2137 2132 2182 Dugc
2142 2159 2152 2174 ,
2169 2139 2300 2182 universis
2313 2140 2346 2169 δε
2386 2155 2472 2187 1427·

1302 2167 1434 2206 singulis,
1452 2168 1486 2198 ad
1502 2178 1572 2206 quos
1586 2169 1738 2200 Praesentes
1757 2179 1952 2210 pervenerint,
1967 2173 2067 2203 harum
2089 2174 2205 2206 Tenore
2226 2176 2347 2208 Littera·
2365 2193 2417 2218 Aa,
2437 2191 2465 2217 6,

62 2933 82 2953 *¹²
100 2935 138 2961 X.

63 2972 125 3010 378.

93 3804 145 3845 Η

211 2200 335 2237 goigne‚
359 2209 374 2228 a
397 2198 544 2227 entention
565 2198 598 2227 &
619 2198 706 2228 delire
730 2197 766 2228 de
784 2200 900 2228 envoier
920 2209 968 2236 par
991 2198 1089 2229 devers
1107 2196 1210 2235 Nous,
1226 2208 1262 2228 en

210 2236 306 2267 nostre
318 2236 451 2266 Roialme
463 2234 654 2274 d’Engleterre
663 2259 673 2274 ,
690 2236 726 2266 de
739 2236 777 2266 ses
791 2236 908 2274 Gentz,
926 2237 1099 2275 Servitours,
1108 2235 1131 2265 F
1132 2236 1262 2274 amiliers,

210 2274 353 2312 Officers,
371 2284 411 2304 ou
424 2274 562 2311 Subgitz,
581 2274 678 2312 jusque
691 2284 705 2304 a
719 2274 873 2305 Noumbre
889 2276 924 2304 de
939 2276 1084 2314 Qiarant,

247 2312 285 2343 Et
305 2323 357 2351 pur
379 2322 434 2343 ceo
456 2322 508 2350 qe,
526 2322 578 2350 pur
599 2312 707 2343 Honur
729 2313 762 2343 ὃ(
784 2314 877 2344 Amur
896 2313 932 2344 de
955 2315 1001 2354 luy
1015 2337 1024 2352 ‚
1049 2323 1122 2344 nous
1143 2313 1264 2344 desirons

209 2358 292 2382 toutz
315 2351 414 2388 ceulx,
453 2350 498 2380 u'il
515 2360 534 2389 y
556 2350 664 2382 voudra
681 2352 812 2390 envoier,
838 2362 887 2390 par
908 2362 995 2390 vouS,
1020 2354 1053 2384 &
1072 2352 1210 2383 chescune
1228 2352 1265 2383 de

209 2400 281 2420 vous
295 2399 332 2420 en
344 2389 417 2421 droit
443 2398 497 2429 oy,
511 2387 583 2420 estre
597 2389 814 2420 Graciousment
829 2392 862 2421 ὃς
879 2390 902 2420 F
902 2391 1113 2421 avorablement
1132 2390 1265 2429 Traitez,

210 2428 300 2460 Nous
311 2428 411 2469 yceulx
425 2428 459 2458 ὃ(
472 2428 593 2460 chascun
608 2428 709 2466 d’eux,
726 2438 761 2458 en
781 2429 901 2467 quelque
921 2428 1032 2467 Estate,
1049 2439 1088 2459 ou
1107 2429 1264 2460 Condition

209 2466 273 2504 q'ils
293 2467 398 2503 soient,
413 2476 501 2496 avons
519 2467 574 2504 pris
596 2467 629 2498 &
651 2475 729 2506 mys,
751 2468 922 2505 prenonsj&
939 2477 1062 2499 mettons
1077 2467 1266 2506 d’abondant,

208 2515 246 2535 en
262 2505 357 2536 nostre
372 2504 537 2535 Proieciion
547 2527 556 2543 ‚

247 2543 285 2574 Et
298 2554 369 2574 vous
384 2543 543 2580 Mandons,
562 2541 798 2581 Commandons,
817 2544 851 2575 ὃς
863 2543 1020 2582 Enjoinons
1041 2545 1265 2584 expressement,

210 2581 244 2612 &
258 2593 272 2612 a
288 2582 409 2612 chascun
424 2580 459 2612 de
473 2591 560 2619 vous,
578 2581 597 2611 si
612 2592 699 2611 come
713 2592 728 2611 a
741 2582 787 2621 luy
800 2582 1005 2621 appartiendra,
1022 2593 1078 2622 que
1091 2585 1135 2614 lez
1159 2584 1265 2614 ‹lessus-

209 2619 259 2649 diz
281 2620 451 2658 Serviteurs,
474 2620 616 2657 Officers,
642 2620 790 2650 Familliers
805 2643 815 2658 ,
842 2631 881 2651 ou
901 2622 1028 2658 Subgiez
1049 2623 1085 2652 de
1105 2622 1200 2652 nostre
1223 2623 1265 2652 dit

210 2657 292 2687 Uncle
307 2659 338 2688 de
355 2661 506 2696 Burgoign,
521 2667 634 2696 portans
650 2658 688 2688 ses
702 2659 825 2697 Lettres,
839 2669 912 2692 vous
926 2659 1077 2691 Resceuies
1100 2662 1133 2692 &
1152 2660 1263 2691 Traites

210 2696 391 2735 dulcemem,
417 2697 640 2734 graciousment,
657 2697 689 2727 ὅ(
713 2697 949 2735 favorablement,
966 2708 1052 2728 corne
1071 2708 1130 2729 noz
1149 2708 1264 2738 propres

212 2734 367 2771 Famillers,
386 2745 434 2774 par
452 2743 522 2766 touz
541 2735 578 2765 les
602 2736 691 2765 Lieux
711 2746 726 2766 a
748 2746 818 2766 vous
835 2746 966 2776 commys
980 2747 1014 2767 en
1028 2747 1087 2768 noz
1101 2737 1160 2767 ditz
1175 2737 1265 2768 Roia-

213 2781 272 2802 mes
293 2773 328 2804 de
350 2774 457 2805 France
476 2775 509 2806 &
529 2773 735 2813 d'Englerene,
753 2782 811 2805 tant
831 2774 874 2804 sur
887 2775 995 2813 Terre,
1014 2785 1099 2806 come
1111 2776 1153 2806 sur
1168 2776 1264 2814 Meir,

211 2810 248 2840 de
258 2810 329 2849 J0ur
344 2813 377 2841 &
392 2811 428 2842 de
441 2812 543 2850 Noet‚
560 2813 670 2843 Armez
683 2823 722 2843 ou
743 2812 909 2851 Desarmes,
926 2813 990 2844 sanz
1004 2814 1070 2844 faire
1081 2824 1120 2844 ou
1136 2814 1244 2845 donner
1255 2837 1265 2852 ,

211 2858 249 2878 ne
270 2849 361 2879 suffrir
383 2849 453 2879 estre
474 2851 538 2881 faite
551 2860 590 2880 ou
605 2850 717 2888 donne,
732 2861 767 2881 en
783 2859 902 2889 venant,
920 2851 1090 2891 sejournant,
1106 2853 1139 2883 &
1156 2861 1263 2884 retour-

211 2896 294 2926 nant,
313 2898 329 2918 a
347 2887 439 2926 Eulx,
454 2887 530 2918 lours
551 2887 666 2925 Gentz,
685 2890 718 2920 ὃ(
739 2889 911 2927 Serviteurs,
935 2890 1098 2927 Chevaulx,
1123 2890 1264 2929 Hernois,

210 2925 272 2963 Or,
298 2925 423 2965 Argent,
451 2925 585 2963 Veffiaile,
605 2926 740 2965 Joyaulx‚
767 2927 786 2946 *²
812 2927 919 2965 Males,
935 2928 1061 2968 Bouges,
1082 2928 1206 2965 Lettres,
1224 2940 1263 2960 ou

211 2973 300 2995 autres
315 2964 386 2995 leurs
404 2964 503 3001 Biens,
520 2964 603 2994 ascun
621 2964 721 3002 Arest,
747 2963 987 3005 Empechement,
1014 2978 1053 2997 ou
1072 2966 1265 3005 Destourber,

212 3002 302 3034 soubz
320 3003 421 3034 umbre
437 3012 476 3033 ou
494 3002 622 3033 Coloure
638 3002 674 3032 de
692 3011 858 3040 queconque
876 3003 1004 3042 Guerre,
1029 3005 1139 3043 Noise,
1163 3004 1264 3035 Deba-

212 3048 259 3079 te,
283 3051 322 3071 ou
340 3041 485 3080 Content,
510 3051 546 3079 qe
561 3051 661 3078 acuns,
678 3040 767 3071 soient
784 3041 816 3070 ils
830 3041 866 3071 de
884 3042 978 3072 nostre
995 3042 1069 3074 Sanc
1087 3044 1120 3074 &
1138 3043 1263 3082 Linage‚

211 3089 250 3109 ou
266 3087 356 3110 autres
373 3080 410 3110 de
426 3088 486 3110 noz
502 3079 561 3111 ditz
576 3079 729 3118 Roiames,
745 3080 816 3109 aient
832 3089 885 3119 peu
896 3104 905 3117 ,
923 3090 1026 3118 peuent
1036 3104 1044 3118 ‚
1062 3090 1100 3112 ou
1119 3084 1261 3119 purroient

210 3118 290 3147 avoir
315 3118 352 3147 les
373 3127 424 3148 uns
441 3128 542 3149 contre
559 3117 598 3148 les
615 3127 704 3149 autres
718 3141 727 3157 ,
755 3127 794 3147 ou
813 3127 864 3155 pur
881 3118 1013 3149 occasion
1030 3119 1064 3149 dc
1083 3120 1262 3158 quelconque

211 3165 289 3185 autre
306 3155 385 3186 cause
403 3166 458 3193 que
477 3166 511 3186 ce
528 3157 579 3187 soit
596 3167 635 3187 ou
652 3165 719 3194 poet
737 3155 824 3192 estre,

250 3193 325 3223 Mais
340 3194 402 3224 lour
421 3193 624 3232 Administres,
641 3205 679 3224 ou
696 3194 783 3225 Faites
802 3194 1006 3233 Administrer,
1024 3195 1260 3227 honorablement

211 3232 244 3262 &
267 3232 517 3270 covenablement‚
542 3231 664 3270 Vivrez,
691 3231 837 3271 Conduis,
860 3233 984 3271 Guides,
1007 3235 1039 3264 δε
1063 3243 1152 3264 autres
1174 3235 1262 3265 leures

210 3269 405 3308 Neceffitees,
423 3279 508 3301 come
522 3269 659 3300 voulieres
673 3271 706 3301 ὃς
719 3270 817 3301 duriez
832 3272 898 3302 faire
910 3282 925 3302 a
946 3281 1002 3301 noz
1024 3282 1138 3310 propres
1158 3272 1261 3303 Famil-

211 3308 293 3346 liers,
312 3308 337 3338 se
351 3309 464 3346 besoing
480 3317 515 3337 en
528 3315 598 3346 ont,
615 3308 648 3338 &
662 3308 695 3338 ils
709 3318 779 3339 vous
799 3320 835 3340 en
853 3311 1027 3349 requierent,
1044 3312 1104 3341 auxi
1126 3311 1191 3350 quel
1212 3321 1260 3349 ap-

211 3346 367 3384 partiendra
383 3356 431 3383 pai·
445 3346 543 3384 reson,

246 3384 366 3414 Sachans
380 3385 567 3415 certeinment
582 3393 636 3421 que
651 3384 689 3414 lec
709 3384 792 3415 §asans
811 3385 836 3417 le
858 3387 997 3418 contraire
1018 3386 1112 3417 ferons
1133 3386 1153 3417 si
1174 3387 1260 3426 grief-

209 3431 289 3453 ment
303 3422 408 3461 Punir‚
426 3423 474 3460 qui
489 3422 527 3452 les
539 3430 628 3453 autres
642 3432 659 3462 y
675 3423 829 3460 prendront
845 3424 990 3462 Exemple.

247 3460 290 3491 En
309 3461 536 3499 Tesmoignance
550 3460 586 3490 de
601 3461 682 3499 quele
694 3460 788 3491 Chose
811 3471 881 3492 nous
904 3472 992 3493 avons
1012 3462 1061 3493 fait
1079 3462 1145 3494 faire
1166 3463 1258 3494 cestez

212 3507 271 3531 noz
286 3498 400 3530 Lettrez
416 3499 531 3530 Patentz
546 3508 562 3529 a
573 3498 656 3529 duret
670 3508 718 3537 par
732 3499 822 3538 Dimy
838 3499 894 3530 An.

244 3537 352 3568 Donne
363 3537 452 3569 soubz
464 3536 561 3568 nostre
572 3536 665 3569 Grant
679 3537 740 3568 Seal
754 3548 769 3568 a
783 3538 889 3577 Westm.
907 3538 933 3569 le
948 3539 992 3568 xix
1007 3538 1078 3576 Jour
1090 3539 1125 3569 de
1136 3538 1219 3578 Juyll.

686 3615 744 3643 Par
763 3613 788 3643 le
805 3616 859 3654 Roy
876 3626 909 3644 en
921 3614 974 3655 fim
989 3614 1101 3654 Confiil.

205 3753 298 3796 Super
320 3754 420 3786 Finali
445 3756 540 3795 Pace,
575 3751 612 3785 de
636 3751 834 3798 Juramentis
852 3753 947 3797 fastis
966 3764 1020 3800 per
1045 3756 1160 3787 Ducem
1185 3757 1254 3786 Bri-

254 3803 376 3842 tanniae,
396 3805 432 3841 ὠ
451 3802 561 3844 Filios,
586 3812 622 3833 ac
638 3802 794 3844 Praelatos,
816 3804 852 3839 &⁶
870 3803 996 3834 Barones
1011 3805 1117 3836 Patriae
1127 3802 1198 3846 fitae.

1301 2215 1380 2243 rum,
1398 2206 1576 2246 Notificamus
1591 2207 1703 2246 QM,

1341 2243 1389 2273 De
1412 2244 1586 2276 fidelitatibus
1604 2268 1613 2283 ,
1638 2245 1793 2285 industriis,
1819 2249 1853 2279 &
1876 2247 2001 2285 providis
2020 2252 2218 2283 maturitatibus
2235 2252 2293 2291 Egr

1302 2280 1430 2321 Magistri
1443 2286 1552 2313 ottonis
1568 2283 1600 2313 de
1614 2284 1719 2322 Lapide
1731 2284 1920 2318 Decretorum
1936 2286 2089 2326 DoCtoris,
2108 2291 2141 2321 ὃς
2155 2291 2243 2321 Validi
2258 2294 2352 2322 Fride-

1301 2324 1349 2349 rici
1364 2321 1396 2350 de
1414 2324 1505 2351 Mitra
1529 2322 1686 2361 Armigeri,
1705 2322 1842 2355 Fidelium
1865 2324 1996 2356 nostrum
2018 2326 2201 2367 dilectorum,
2220 2331 2353 2371 multipli-

1301 2360 1370 2390 citer
1384 2359 1575 2398 confidentes,

1340 2397 1432 2436 Ipsos,
1448 2400 1482 2430 &
1495 2398 1650 2440 quemlibet
1664 2408 1764 2430 eorum
1779 2401 1808 2430 in
1821 2399 1958 2440 solidum,
1976 2403 2151 2441 conjunfflm
2162 2430 2170 2443 ,
2185 2406 2217 2437 &
2232 2405 2354 2447 divisim,

1302 2444 1336 2466 ex
1357 2445 1430 2466 cerm
1449 2436 1543 2466 nostra
1566 2437 1679 2468 scientia
1703 2439 1736 2469 ὅ(
1749 2439 1853 2469 assensu
1864 2462 1874 2478 ‚
1890 2450 1972 2470 veros
1986 2441 2112 2479 nostr03‚
2131 2453 2237 2482 certos,
2253 2445 2352 2478 legitti-

1304 2484 1384 2513 mos,
1406 2476 1439 2506 &
1463 2475 1632 2506 indubitatos
1651 2474 1865 2515 Procuratores,
1883 2478 2021 2517 Adtores,
2040 2479 2186 2519 Faclores,
2205 2478 2352 2520 Negotio-

1303 2522 1366 2542 rum
1388 2512 1540 2552 Gestores,
1558 2515 1591 2544 &
1611 2513 1747 2544 Nuncios
1769 2515 1896 2553 speciales
1912 2516 2057 2556 Fecimus,
2076 2517 2299 2559 constituimus,
2318 2523 2352 2553 &

1303 2550 1520 2590 Ordinavimus,
1548 2551 1693 2591 Facimus,
1711 2551 1938 2593 constituimus,
1956 2556 1989 2587 δε
2009 2555 2195 2597 ordinamus,
2209 2569 2241 2590 ac
2260 2561 2354 2600 plena-

1303 2589 1344 2620 ria
1359 2589 1497 2621 Potestate
1512 2590 1535 2620 F
1537 2590 1673 2628 uicimus,

1340 2627 1387 2657 Ad
1402 2627 1578 2666 Petendum,
1595 2628 1791 2668 lingendum,
1810 2629 1996 2670 Levandum,
2013 2633 2047 2663 &
2072 2632 2280 2671 Recipiendum
2299 2646 2354 2674 pro

1302 2665 1418 2704 Nobis,
1440 2667 1472 2697 &
1494 2666 1592 2697 nostro
1612 2666 1764 2705 Nomine,
1788 2679 1821 2705 a,
1839 2669 2020 2701 Sereniffimo
2040 2670 2171 2709 Principe
2190 2676 2221 2704 ὅτ
2245 2674 2353 2705 Domi-

1303 2714 1358 2742 no,
1376 2704 1508 2735 Domino
1520 2708 1655 2743 Henrico,
1675 2705 1786 2743 Angliae
1801 2705 1839 2740 ὠ·
1852 2711 1972 2738 Franciae
1988 2711 2057 2746 Rege
2071 2708 2109 2744 ὠ
2126 2714 2239 2741 Domino
2256 2714 2355 2742 Hiber-

1301 2745 1354 2813 }u'ae
1365 2765 1374 2780 ,
1392 2742 1525 2787 pomino
1549 2744 1583 2775 &
1607 2743 1761 2775 Avunculo
1779 2744 1876 2776 nostro
1897 2746 2119 2787 Praecariffimo,
2136 2758 2183 2780 aut
2198 2751 2253 2788 ejus
2274 2752 2355 2782 The-

1314 2791 1442 2819 aurariis,

1340 2819 1519 2857 Qiingentas
1541 2817 1653 2850 Marcas
1672 2819 1875 2859 Sterlingorum
1889 2845 1899 2860 ,
1929 2823 1958 2852 in
1979 2822 2120 2854 Termino
2143 2825 2215 2855 Festi
2240 2826 2353 2857 Paschae

1303 2857 1381 2926 §inni
1402 2858 1534 2896 praeteriti
1557 2858 1712 2896 (videlicet)
1730 2859 1891 2898 Millesimi,
1911 2860 2200 2902 Qadringentefimi,
2218 2863 2352 2896 Vicesimi

1324 2905 1378 2926 exn

1341 2918 1399 2971 Εἶτ’,
1423 2933 1529 2972 insuper
1543 2957 1553 2972 ,
1578 2933 1756 2972 Quingentas
1778 2934 1889 2965 Marcas
1912 2934 2115 2975 Sterlingorum
2129 2961 2139 2977 ‚
2159 2939 2188 2969 in
2210 2939 2354 2973 Termino

1303 2971 1375 3002 Festi
1389 2973 1485 3003 Sanffi
1501 2971 1668 3009 Michaelis,
1686 2972 1800 3003 firmiter
1815 2973 1892 3003 Anni
1908 2977 2039 3011 praeteriti
2059 2976 2212 3014 (videlicet)
2234 2979 2354 3010 Millesi-

1302 3011 1361 3047 mi,
1380 3010 1508 3048 Qadrin
1528 3010 1669 3048 entesimi,
1683 3009 1817 3041 Vicesimi
1833 3011 1926 3049 Sexti,

1339 3047 1376 3078 Et
1388 3049 1489 3078 iterum
1540 3049 1684 3084 uingentas
1699 3047 1809 3079 Marcas
1821 3049 2043 3090 Sterlingorum,
2060 3052 2089 3082 in
2111 3053 2253 3086 Termino
2277 3055 2350 3087 Festi

1301 3085 1431 3125 Paschae,
1446 3087 1575 3123 proxime
1590 3086 1672 3124 lapsi,
1688 3086 1765 3117 Anni
1781 3088 1934 3126 praesentis,

1338 3124 1374 3154 Et
1394 3125 1485 3155 modo
1509 3125 1611 3155 iterum
1627 3125 1805 3162 Quingentas
1822 3125 1933 3156 Marcas
1949 3126 2172 3167 Sterlingorum,
2188 3132 2214 3160 in
2231 3131 2349 3162 Termi-

1300 3172 1341 3192 no
1364 3161 1436 3193 Festi
1455 3163 1549 3194 Sanffl
1571 3162 1736 3202 Michaelis,
1753 3164 1891 3203 praesentis
1912 3163 2006 3204 Anni,
2018 3166 2077 3204 jam
2100 3168 2250 3199 novissime
2268 3171 2348 3211 lapsi,

1300 3200 1385 3231 ceffas
1399 3203 1431 3232 ὃ(
1444 3201 1565 3237 debitas,

1338 3238 1386 3268 De
1410 3238 1524 3269 AErario
1546 3238 1772 3283 RegniqAngliae
1790 3249 1805 3270 a
1826 3239 1924 3270 Nobis
1947 3240 2101 3272 Annuatim

2150 3254 2178 3273 in
2254 3256 2260 3261 ·

1299 3279 1524 3316 praenominatis,
1550 3278 1754 3315 percipiendas,
1779 3277 1930 3308 secundum
1947 3279 2096 3312 Tenorem
2199 3245 2349 3277 Tfflmmls

2111 3266 2278 3314 Litterarum
2299 3285 2349 3316 de-

1299 3316 1378 3353 super
1398 3316 1592 3346 confectarum
1604 3338 1613 3352 ,
1630 3315 1663 3345 &
1682 3325 1697 3346 a
1720 3315 1929 3346 Gloriofiffimo
1945 3316 2093 3356 Principe,
2112 3321 2269 3352 recolendae
2287 3333 2348 3354 me-

1299 3355 1414 3392 moriae,
1434 3354 1568 3385 Domino
1586 3356 1718 3392 Henrico,
1734 3355 1804 3386 dieti
1822 3354 1944 3385 Domini
1969 3355 2057 3387 nostri
2076 3357 2164 3396 Regis
2187 3359 2326 3392 Genitore
2337 3385 2348 3400 ,

1299 3391 1398 3422 Nobis
1411 3393 1570 3430 concessas,

1334 3429 1483 3468 Ipsumque
1504 3434 1649 3460 Dominum
1670 3433 1764 3467 Regem
1782 3440 1814 3461 ac
1835 3432 1891 3469 ejus
1911 3430 2047 3462 Haeredes
2068 3432 2104 3464 de
2124 3434 2205 3465 distis
2226 3435 2346 3467 Duabus

1298 3468 1416 3499 Milibus
1431 3469 1554 3507 Marcis,
1569 3470 1597 3498 in
1611 3469 1693 3499 dictis
1706 3470 1849 3499 Terminis
1862 3469 2010 3500 Festorum
2024 3471 2117 3503 Pascae
2131 3474 2163 3503 &
2178 3474 2271 3505 SanCti
2282 3475 2346 3505 Mi·-

1296 3507 1412 3545 chaelis,
1430 3508 1506 3537 Anni
1522 3507 1652 3545 praeteriti
1662 3508 1791 3544 proxime
1805 3507 1885 3545 lapsi,
1903 3509 1936 3538 δε
1950 3508 2096 3540 Festorum
2111 3510 2203 3541 Pascae
2217 3512 2251 3543 &
2273 3512 2344 3544 San-

1298 3545 1337 3575 eti
1352 3545 1516 3583 Michaelis,
1534 3545 1609 3575 Anni
1624 3544 1778 3584 praesentis,
1796 3554 1826 3576 ut
1838 3546 2015 3583 praemittitur
2027 3547 2105 3579 ceffis
2119 3549 2152 3580 &
2168 3549 2279 3588 debitis,
2293 3551 2343 3582 Li-

1295 3583 1449 3614 berandum
1462 3586 1494 3615 ὃς
1511 3584 1706 3622 Quitandum,

1332 3621 1508 3660 Paestumque
1518 3623 1554 3652 de
1565 3621 1674 3652 ulterius
1687 3631 1747 3651 non
1764 3619 1890 3651 Petendo
1902 3620 1986 3652 eidem
2000 3623 2115 3654 Domino
2136 3626 2215 3662 Regi,
2231 3636 2264 3656 ac
2285 3627 2344 3658 aliis

1294 3661 1427 3690 omnibus
1442 3669 1565 3697 quorum
1580 3659 1709 3696 interest,
1724 3668 1835 3689 necnon
1849 3661 1945 3690 omnia
1958 3661 1992 3691 &
2007 3662 2109 3700 lingula
2124 3661 2293 3694 Faciendum
2306 3667 2341 3696 &

1295 3697 1528 3735 Expediendum,
1545 3707 1608 3735 quae
1623 3697 1656 3727 ad
1673 3697 1884 3728 Liberationem
1906 3698 1940 3729 &
1963 3699 2175 3736 Quietationem
2194 3700 2340 3734 dictorum

1294 3739 1405 3765 Domini
1418 3739 1493 3773 Regis
1505 3737 1537 3766 δε
1551 3735 1709 3766 Haeredum
1723 3735 1846 3774 ejusdem
1859 3736 1891 3765 in
1904 3736 1956 3767 hac
1968 3746 2046 3774 parte
2067 3738 2214 3769 necessaria
2236 3739 2340 3773 fuerint

1293 3775 1509 3812 quomodolibet
1523 3775 1555 3805 &
1569 3783 1709 3811 oportuna
1719 3797 1729 3812 ,

1327 3811 1521 3842 Promittimus
1541 3821 1656 3850 quoque
1675 3821 1728 3852 pro
1751 3811 1849 3842 Nobis
1861 3835 1870 3850 ,
1894 3811 2115 3849 Haeredibusque
2133 3813 2254 3853 nostris,
2278 3816 2339 3848 Ra-

55 3842 132 3873 Ann·
144 3843 184 3874 D·
1291 3859 1369 3887 tum,
1388 3849 1529 3887 Gratum,
1547 3850 1673 3880 Firmum
1707 3850 1739 3880 ὅτ.
1761 3849 1858 3880 stabile
1876 3854 2013 3888 perpetuo
2032 3850 2172 3881 habituros
2189 3861 2281 3884 toturn
2303 3856 2338 3887 &

75 3890 160 3919 1427.
275 3885 420 3924 Niverfis‚
436 3887 578 3925 praesentes
595 3885 697 3916 Litetas
712 3885 756 3915 seu
772 3886 887 3923 praesens
906 3885 1059 3917 Publicum
1080 3886 1254 3919 Instrumen-
1290 3888 1425 3926 quidquid
1446 3898 1494 3925 per
1511 3887 1603 3919 dictos
1624 3872 1736 3918 noffros
1757 3887 1972 3931 Procuratores,
1988 3889 2021 3919 &
2042 3889 2194 3926 quemlibet
2216 3901 2340 3932 eorum,

53 3922 105 3946 An.
118 3921 146 3947 6-
297 3932 356 3954 tum
367 3946 374 3960 ,
388 3932 433 3953 aut
446 3924 675 3962 Transcriptum,
694 3924 738 3954 vel
753 3924 974 3961 Transumptum
988 3924 1166 3965 Inspecturis,
1184 3926 1253 3964 Offi-
1289 3927 1398 3958 Aecum
1409 3949 1418 3964 ,
1437 3926 1573 3964 Facetum,
1590 3925 1771 3963 Gestumque
1785 3925 1867 3955 fuerit
1881 3936 1908 3955 in
1924 3926 2067 3963 praemiffis
2088 3927 2146 3958 ullo
2164 3929 2272 3968 modo,
2287 3931 2338 3962 sub

54 3961 89 3985 H.
111 3959 139 3985 ⁶·
203 3962 277 3992 cialis
294 3960 447 4001 Parifiensis
467 3961 587 3994 Salutem
603 3964 633 3993 in
650 3962 798 4001 Domino,
818 3964 850 3993 &
864 3962 1044 4000 praesentibus
1063 3964 1148 3996 fidem
1173 3966 1252 3996 indu·
1288 3967 1419 3995 omniurn
1437 3964 1583 3995 Bonorum
1596 3965 1758 3995 nostrorum
1769 3964 1945 4001 praesentium
1958 3965 1992 3995 &
2007 3965 2164 3996 futurorum
2184 3966 2336 4007 Ypotheca

53 3998 92 4021 ΕΞ
105 3999 164 4023 Au·
205 4002 281 4032 biam
297 4000 434 4030 adhibere.
1288 4004 1321 4034 &
1341 4002 1539 4041 Obligatione,

50 4039 114 4069 ugr.

243 4037 386 4107 Ιέῐοτυῖῤν
394 4045 536 4107 Fssctfflus
554 4039 664 4079 Qed,
681 4039 727 4071 die
751 4038 835 4070 Datae
854 4038 1052 4079 Parentium,
1070 4039 1104 4072 ad
1125 4040 1249 4073 nostram

275 4087 325 4107 om.
383 4098 389 4105 .
436 4098 443 4106 .
503 4099 511 4106 .

1323 4040 1485 4072 Offerentes
1508 4042 1590 4071 etiam
1611 4039 1645 4070 N
1647 4050 1696 4077 os,
1715 4038 1734 4069 fi
1749 4048 1802 4106 pff
1817 4048 1893 4076 parte
1907 4038 1972 4069 dicii
1987 4042 2098 4071 Domini
2107 4041 2189 4082 nostri
2200 4044 2336 4113 Regii—{l

2331 2255 2347 2261 „
2366 2234 2402 2258 li.
2417 2229 2445 2256 6.
