2562 4274
177 99 230 141 4²

645 74 1456 146 CONYENTIONE&
1511 71 1906 125 L‘ITERAE,

32 172 109 209 Ann.
126 172 167 203 D.
218 171 257 204 Et
273 173 303 203 in
321 170 486 208 Praemiffis,
502 170 537 201 &
555 170 631 200 circa
651 180 699 208 ea,
716 179 751 200 ac
769 168 971 207 dependentia,
989 166 1175 205 emergentia,
1194 164 1248 195 'seu
1295 161 1329 193 In
1343 162 1438 199 cujuS,
1457 161 1520 192 &c.

62 212 148 251 1418.
182 221 329 249 connexa,
344 212 441 242 omnia
459 211 493 241 &
512 208 618 245 singula
636 208 686 238 alia
706 218 755 246 per
773 218 841 246 vos,
860 208 904 238 vel
922 207 990 238 alios
1007 208 1044 237 ab
1060 206 1160 237 eadem
1180 205 1246 237 Cir-

31 254 94 284 Hm.
112 261 141 287 5.
183 250 396 288 cumspeffione
410 247 500 279 vestra
515 246 697 286 conjunctim
713 246 891 284 Deputatos,
910 245 1055 284 Gerendi,
1076 244 1247 283 Mandandi‚

29 462 51 483 ⁰
70 465 122 493 ix.

27 504 84 541 560
89 523 98 532 .

61 3506 82 3527 Ὁ
100 3509 153 3536 lx.
421 3528 427 3533 ,

64 3548 197 3613 ffifi‘D·
214 3565 346 3627 REX,
364 3576 415 3604 per
439 3565 545 3597 Literas
565 3565 624 3596 suas
643 3565 789 3604 Parentes,
807 3575 857 3605 per
874 3576 964 3596 unum
987 3565 1120 3597 Mensem
1134 3568 1269 3605 proximo

66 3621 179 3695 ailus}

67 3702 104 3726 Η.
125 3706 152 3732 5.

182 291 216 322 &
231 289 340 326 Exequi
355 286 493 323 faciendi,
511 295 575 324 quae
591 294 644 323 pro
659 285 814 316 Securitate
827 285 861 317 δε
877 285 1083 316 Observatione
1096 285 1167 315 inter
1180 283 1248 314 Par-

180 336 222 359 tes
236 327 302 366 ipsas
317 325 518 357 conclusorum
533 325 566 354 ὅ(
580 323 840 361 concordatorum,
860 324 894 354 δε
915 324 1136 362 dependentium
1157 323 1194 353 ab
1215 322 1249 353 il-

179 367 228 405 lis,
247 374 389 403 oportuna
402 363 448 393 vel
463 363 538 393 utilia
555 362 775 400 quomodolibet
789 363 976 401 videbuntur,

220 405 265 436 Ac
283 404 361 440 super
379 403 430 433 hiis
448 402 584 432 omnibus
596 424 606 438 ‚
634 401 667 433 &
685 401 813 439 quolibet
831 402 999 432 eorumdem
1015 423 1026 439 ,
1052 400 1097 431 seu
1115 399 1249 430 Inciden-

180 444 272 480 tium,
297 442 316 462 ¹*
336 440 578 479 dependentium,
594 440 640 471 seu
658 441 863 479 emergentium
880 439 1099 478 quomodolibet
1116 438 1249 469 Praemis-

180 481 228 519 fis,
245 489 353 519 unum,
371 480 414 510 vel
435 479 528 517 plura,
546 479 711 517 publicum,
735 478 779 509 vel
798 478 928 517 publica,
953 478 1154 516 Documenta,
1179 487 1248 508 cum

180 519 326 550 Membris
344 519 377 550 &
396 517 535 556 Capitulis
553 518 700 554 oportunis
713 539 723 555 ,
748 517 854 548 confici
873 527 906 547 ac
925 516 983 547 fieri
1002 516 1138 554 faciendi,
1164 515 1248 546 semel

180 558 215 589 &
230 558 350 627 {Figi‘igzq’
367 557 400 588 &
419 557 550 596 quotiens
567 564 702 595 oportere
721 556 879 594 videbitur,
898 557 934 586 ita
954 555 1034 594 quod
1049 555 1135 594 plene
1149 554 1184 585 de
1195 555 1249 593 Ju-

180 607 212 628 re
242 607 258 627 u
292 608 299 626 ι
328 605 374 627 ant

218 635 256 666 Et
275 620 478 665 nichiloininus
497 632 731 664 Contradietores
747 632 886 671 quossibet
904 633 938 664 &
956 630 1090 663 Rebelles
1109 633 1248 672 (quacun-

178 683 236 712 que
255 672 451 705 Ecclesiastica
469 672 513 704 seu
530 671 698 709 Mundana,
713 673 796 702 etiam
817 671 835 701 si
854 670 971 711 Regali,
998 670 1145 710 Reginali,
1176 669 1248 701 Car-

178 712 334 750 dinalatits,
352 714 385 743 &
405 721 573 750 quacunque
588 709 639 741 alia
655 709 800 749 Dignitate
814 710 1006 749 praefulgeant)
1027 720 1075 748 per
1091 708 1248 741 Censuram

179 750 425 789 Ecclesiasticam,
445 751 478 782 &
495 751 546 781 alia
565 758 744 788 quaecunque
757 748 832 788 Juris
850 749 1008 786 Remedia,
1026 751 1159 787 quotiens
1176 758 1250 786 opus

180 790 394 859 effednovetitis
412 788 622 829 (Appellatione
639 788 773 826 cessante)
793 787 893 818 eadem
910 788 1088 819 Audtoritate
1105 787 1252 826 Compes-

182 839 237 861 cen
261 840 266 858 i

221 853 353 899 Ne'cnon
373 865 553 908 Aggravandi
568 888 578 904 ,
607 865 639 896 &
658 863 873 904 Reaggravandi
891 864 1076 904 quoscunque
1099 863 1251 896 Processus

184 906 221 978 {tc
237 906 411 976 Slettitentias,
432 905 511 943 super
530 905 581 935 hiis
599 912 647 935 aut
664 913 765 934 eorum
784 903 880 941 aliquo
896 902 982 933 factas
1000 905 1034 935 &
1054 903 1119 934 latas
1132 925 1142 940 ,
1165 902 1251 933 semel

267 955 339 976 uries

224 955 270 1015 Kc
291 968 375 1015 enain
391 982 566 1019 Invocandi,
585 979 825 1019 quotienscunque
842 981 977 1010 noveritis
997 989 1147 1019 oportere,
1164 979 1254 1010 Secu·-

184 1022 241 1054 lare
259 1022 409 1053 Brachium
429 1028 679 1059 quorumcumque
698 1018 831 1058 Regum,
849 1018 1032 1058 Principum,
1049 1020 1082 1051 &
1104 1019 1253 1050 Domino-

184 1071 266 1099 tum,
285 1071 342 1091 tam
363 1059 573 1098 Spiritualium,
600 1058 686 1096 quam
704 1057 941 1095 Temporalium‚
967 1068 1083 1089 necnon
1102 1057 1253 1089 Universi-

184 1107 275 1131 tatum
295 1101 327 1130 &
347 1098 526 1135 singularium
546 1105 782 1135 quarumcunque
802 1095 1007 1136 Personarum,
1025 1107 1126 1128 contra
1146 1097 1252 1136 quossi-

185 1138 236 1168 bet
256 1137 429 1168 Recusantes
444 1137 590 1167 observare
609 1134 717 1165 firmata
730 1159 741 1173 ,
772 1135 818 1166 vel
835 1135 865 1165 in
883 1135 979 1174 aliquo
994 1136 1187 1168 contrafacere
1203 1146 1252 1176 per

183 1177 213 1207 se
232 1177 276 1207 vel
294 1177 361 1207 alios
377 1179 594 1213 praeiumentes,

223 1214 262 1247 Et
287 1215 384 1245 omnia
404 1215 437 1245 &
458 1213 563 1250 singula
581 1212 631 1242 alia
644 1235 654 1251 ,
679 1212 707 1242 in
728 1212 871 1251 praedietis
884 1236 894 1250 ,
921 1213 955 1244 &
975 1214 1049 1244 circa
1066 1224 1096 1245 ea
1111 1237 1121 1253 ,
1145 1225 1179 1246 ac
1198 1225 1252 1254 pro

185 1251 355 1292 Praemiffis,
380 1252 526 1293 Gerendi,
552 1250 701 1289 Faciendi,
727 1252 761 1283 &
781 1251 956 1289 Exercendi,
973 1253 1005 1283 ὅτ
1024 1252 1207 1292 Exequendi,
1223 1264 1254 1284 e-

185 1293 254 1324 tiam
274 1292 291 1322 fi
309 1293 369 1323 talia
389 1292 475 1322 eilent
496 1301 559 1330 quae
578 1289 749 1321 Mandatum
770 1291 913 1329 exigerent
929 1291 1046 1328 speciale
1060 1316 1069 1329 ,
1093 1293 1127 1324 &
1143 1294 1171 1323 in
1191 1293 1254 1323 Ge-

185 1331 270 1363 nerali
289 1330 501 1361 Commiffione
519 1339 579 1360 non
597 1329 744 1366 caderent,
761 1339 827 1367 quae
842 1328 936 1359 eidem
952 1329 1052 1360 vestrae
1071 1330 1264 1369 Circumspe-‘

186 1369 277 1400 <ilioni
297 1368 470 1407 (huiusmodi
492 1368 611 1406 Regum
629 1367 784 1399 accedente
799 1377 894 1398 tamen
910 1391 920 1406 ,
941 1378 972 1399 ut
991 1368 1155 1409 praefertur,
1181 1380 1254 1401 con-

187 1409 277 1446 sensu)
294 1417 436 1447 oportuna
453 1407 640 1445 videbuntur,

225 1447 454 1486 Qiibuscunque
472 1446 557 1476 Privil
579 1446 645 1482 viis,
665 1443 862 1482 Indulgentiis,
880 1443 1135 1485 Exemptionibus,
1153 1446 1186 1478 &
1203 1447 1253 1478 Li-

187 1487 253 1520 (πίε
268 1485 458 1524 Apostolicis,
476 1456 650 1524 generilibus
665 1483 711 1514 vel
724 1483 887 1520 specialibus
897 1507 908 1522 ,
928 1483 977 1514 sub
991 1494 1171 1524 quacumque
1183 1485 1253 1517 For-

188 1534 237 1556 ma
248 1524 293 1555 vel
307 1523 488 1562 Expressione
503 1522 666 1554 Verborum
682 1522 778 1559 Aciis,

227 1562 283 1593 Per
299 1573 362 1601 quse
374 1563 483 1593 nullum
498 1563 660 1599 cuicunque
694 1561 885 1599 cujuscunque
899 1559 1009 1599 Status,
1026 1560 1255 1601 Gradfis‚Con-

189 1600 322 1640 ditionis,
340 1602 384 1632 vel
403 1600 538 1638 Ordinis,
555 1601 638 1630 etiam
656 1583 864 1637 Cisterciensis,
884 1597 1084 1639 Clunacensis,
1104 1601 1256 1632 Praemon-

188 1640 326 1671 strateniis
339 1663 348 1679 ‚
366 1638 611 1681 Gradimontensis
624 1661 633 1676 ,
651 1636 872 1676 Calatravensis‚
893 1636 1073 1670 Cartusiensis
1089 1665 1098 1678 ,
1117 1639 1144 1670 V
1147 1640 1256 1670 aiisum-

187 1679 339 1716 brosenfis,
357 1678 593 1714 Camaldulenlis,
608 1676 852 1715 Humiliatorum,
871 1676 1042 1708 Sandiorum
1062 1678 1255 1710 Benedicti&

189 1717 364 1755 Augustini,
394 1717 641 1753 Hospitaliumque
669 1715 765 1746 Sancti
791 1715 928 1754 johannis
951 1716 1255 1758 jerosolimitanenlis‚

189 1755 305 1789 saneta
330 1754 432 1786 Mariae
458 1755 710 1786 Theutonicorum
721 1778 730 1791 ‚
762 1754 859 1784 Sancti
877 1755 981 1793 jacobi
997 1755 1032 1786 de
1050 1757 1158 1795 Spalata
1169 1780 1178 1794 ,
1208 1757 1254 1788 seu

188 1804 440 1833 quo-umcumque
459 1794 579 1824 aliorum
596 1792 740 1824 Ordinum
760 1793 896 1833 existant,
911 1795 940 1824 in
959 1794 1011 1825 hac
1027 1805 1104 1833 parte
1122 1796 1256 1829 volumus

188 1832 282 1867 afferri
302 1833 474 1871 Suffragium
484 1855 494 1871 ‚

227 1872 422 1911 Nequaquam
437 1871 630 1910 obstantibus,

227 1910 345 1942 Plenam
364 1913 398 1942 &
417 1911 533 1942 liberam
550 1910 753 1948 concedimus,
769 1910 889 1942 Tenore
907 1910 1109 1952 Praesentium,
1128 1912 1258 1946 Faculta-

188 1957 263 1982 tem:

228 1988 380 2026 Qvocirca
397 1987 657 2026 circumspectioni
673 1987 791 2026 vestrae,
809 1998 859 2026 per
874 1989 1039 2027 Apostolica
1058 1989 1184 2028 Scripta,
1197 1990 1258 2021 Te-

187 2037 260 2058 nore
279 2026 479 2063 Pia-sentium,
499 2024 720 2057 Committimus
739 2028 771 2057 &
793 2026 981 2067 Mandamus,
999 2030 1145 2067 quatinus,
1164 2030 1258 2067 injun-

188 2065 270 2097 &um
297 2067 380 2096 vobis
402 2065 594 2096 Ministerium
615 2065 734 2095 Laboris
751 2065 909 2103 hujusmodi
926 2090 936 2105 ,
961 2077 1013 2105 pro
1033 2067 1141 2098 Divina
1158 2068 1191 2099 &
1212 2068 1257 2098 di-

188 2105 246 2136 &ae
264 2104 341 2136 Sedis
358 2114 390 2136 ac
408 2104 503 2135 nostra
521 2103 713 2141 Reverentia,
731 2104 838 2135 dev0te
857 2105 1046 2145 suscipientes,
1067 2106 1104 2136 sic
1119 2106 1186 2136 illud
1202 2108 1256 2137 uti-

189 2143 274 2182 liter,
302 2143 395 2182 licque
419 2144 527 2174 solicite
551 2144 584 2173 &
602 2142 774 2173 laudabiliter
788 2167 798 2182 ,
824 2145 899 2179 iuxta
919 2144 1023 2176 Datam
1043 2145 1060 2175 a
1088 2144 1155 2175 Deo
1173 2146 1256 2176 vobis

186 2183 366 2222 prudentiam
381 2205 390 2221 ,
417 2183 594 2220 exequamini
610 2205 619 2219 ,
645 2182 726 2219 quod
743 2181 779 2212 de
799 2182 896 2213 vestris
913 2183 1055 2214 laboribus
1072 2206 1082 2222 ,
1102 2183 1198 2214 divina
1216 2184 1257 2215 fa·

188 2231 276 2255 vente
295 2220 476 2258 Clementia,
496 2220 639 2251 deiiderati
655 2229 739 2258 atque
753 2221 862 2259 pacifici
876 2221 994 2252 Fruc‘lus
1003 2222 1169 2261 adveniant,
1183 2231 1258 2261 quos

190 2260 348 2299 speramus,
366 2260 473 2296 vosque
490 2260 582 2296 illam,
608 2268 672 2296 quae
695 2260 748 2296 pias
769 2259 953 2298 pacificasque
975 2261 1075 2292 Causas
1095 2262 1258 2301 gerentibus

191 2298 301 2330 coelesti
317 2300 501 2343 retributione
516 2298 703 2337 impenditur,
722 2297 840 2329 feliciter
853 2298 989 2338 consequi
1003 2299 1130 2330 Palmam
1145 2299 1258 2332 Gloriae

192 2347 356 2370 mereamini

230 2376 298 2406 Nos
318 2361 394 2406 eni³m
408 2376 580 2412 Sententias‚
600 2375 667 2413 quas
682 2375 733 2405 rite
750 2376 783 2406 δε
798 2376 974 2413 conjunffim
990 2377 1118 2415 tuleritis,
1136 2378 1170 2409 δε
1187 2377 1258 2408 Poe-

195 2425 260 2452 nas,
280 2425 345 2453 quas
359 2415 510 2445 inflixeritis
527 2416 554 2444 in
576 2414 724 2452 Rebelles,
745 2415 829 2445 Ratas
852 2415 1034 2453 habebimus,
1052 2416 1085 2446 &
1105 2417 1260 2455 faciemus,

193 2453 323 2522 Auitffie
341 2453 491 2497 Domino,
510 2453 594 2491 usque
608 2453 643 2483 ad
659 2453 874 2484 iatisfatstionem
895 2455 1069 2493 condignam
1089 2455 1259 2485 inviolabili-

194 2500 236 2523 ter
249 2502 268 2521 o
300 2502 397 2523 ervari.

230 2529 278 2560 Ut
296 2539 364 2567 ergo
384 2529 528 2560 Praemissa
551 2530 649 2560 omnia
669 2529 781 2569 plenius
802 2529 835 2559 δε
849 2528 996 2560 efficacius
1011 2529 1158 2561 sortiantur
1180 2531 1260 2562 Effe-

195 2568 296 2606 stum,
317 2578 364 2606 per
377 2567 488 2598 Viscera
504 2567 710 2611 Misericordtae
722 2567 781 2598 Dei
795 2568 883 2598 nostri
908 2568 1085 2599 obsecramus
1106 2569 1178 2607 ipsos
1199 2570 1261 2601 Re-

214 2617 260 2643 &a

193 2617 213 2648 g
235 2644 397 2675 Patriarchis
415 2646 506 2680 vero,
524 2644 764 2683 Archicpiscopis,
780 2645 813 2675 &
832 2643 994 2683 Episcopis,
1013 2644 1131 2684 mefitis,
1159 2646 1260 2677 Admi-

197 2683 408 2719 nistratoribus,
431 2685 465 2714 &
482 2683 654 2720 Abbatvbus,
673 2683 834 2721 caeterisque
852 2682 1042 2713 Eccieliarurn
1059 2685 1092 2715 &
1113 2684 1262 2716 Monaste-

196 2723 305 2753 riorum
334 2721 456 2752 Praelatis
470 2743 479 2757 ‚
506 2722 539 2752 &
558 2721 703 2751 Ordinum
722 2732 971 2759 quorumcumque
991 2721 1132 2754 Prioribus
1147 2748 1156 2759 ,
1183 2724 1262 2754 Prae-

199 2760 380 2799 ceptoribus,
406 2761 438 2790 &
459 2759 618 2799 llligistris,
644 2760 790 2798 Exemptis
810 2762 842 2790 &
861 2770 920 2789 non
940 2760 1100 2799 Exemprss,
1125 2761 1263 2800 Capitulis

197 2801 233 2832 ὃς
246 2798 463 2836 Com-entibus,
480 2800 513 2829 &
529 2809 627 2829 eorum
646 2799 919 2829 Locumtcnentibus
937 2800 963 2828 in
981 2800 1040 2837 ipsis
1058 2800 1164 2837 Regnis
1179 2801 1264 2831 Fran-

197 2847 302 2882 corum
321 2838 353 2869 &
374 2837 482 2878 Anglioe
498 2862 507 2875 ,
539 2839 566 2866 in
586 2837 697 2868 Virtute
716 2837 827 2867 Sane‘lae
846 2836 1026 2869 Obedientiae
1045 2835 1171 2870 distric‘t‘e
1193 2850 1264 2878 prae-

197 2885 318 2915 cipimus
330 2898 339 2914 ,

239 2916 381 2953 Qiatinus
396 2915 493 2953 vobis,
508 2923 554 2945 aut
570 2913 748 2952 Deputandis
758 2914 936 2952 conjunfflm
955 2915 971 2944 a
984 2915 1081 2953 vobis,
1098 2917 1171 2946 circa
1181 2915 1265 2946 Con-

198 2954 354 2986 clusionem
373 2953 407 2984 &
427 2953 644 2983 Observantiam
666 2955 796 2983 omnium
820 2952 1050 2990 Praemiilorum,
1069 2956 1101 2986 ὃς
1119 2955 1265 2993 cujussibet

199 2992 368 3024 eorumdem
378 3015 387 3029 ,
406 2993 534 3028 quoriens
549 2993 651 3028 requiri
666 2992 832 3030 contigerit,
848 2992 960 3023 faveant
974 2994 1066 3022 modi<
1081 2995 1215 3023 omnibus
1231 2996 1264 3025 &

199 3030 341 3068 assistant,
358 3039 387 3061 ut
404 3040 451 3067 per
465 3030 581 3060 salutaris
596 3029 772 3061 Concordiae
792 3030 983 3061 Ministerium
997 3033 1066 3061 inter
1082 3031 1175 3063 Partes
1200 3033 1266 3070 ipsas

200 3071 349 3101 refloreant
364 3068 419 3098 Pax
434 3069 467 3099 ὃς
485 3069 592 3106 Qiies,
611 3078 694 3106 prout
708 3070 736 3098 in
753 3068 904 3099 Desideriis
918 3072 1042 3105 gerimus
1057 3072 1152 3101 cordis
1165 3072 1264 3109 nostri,

200 3118 249 3146 ut,
267 3108 336 3138 ultra
360 3107 484 3137 nostram
508 3109 541 3138 ὅτ
563 3107 683 3144 praefatae
704 3107 781 3137 Sedis
806 3106 1035 3138 Benedictionem
1058 3110 1090 3140 &
1115 3109 1264 3148 Gratiam,

200 3147 237 3177 ab
252 3146 360 3177 Actore
376 3145 455 3176 Pacis
469 3145 577 3176 valeant
591 3154 704 3175 aeternae
720 3145 899 3175 Beatitudinis
912 3145 1035 3177 Munera
1048 3150 1211 3184 promereri.

205 3184 308 3253 ADat.
326 3183 490 3228 Constanciae
503 3184 618 3215 decimo
631 3185 733 3222 quinto
748 3182 813 3215 Kal.
831 3184 949 3222 Aprilis,
967 3184 1156 3217 Pontificatus
1176 3186 1266 3217 nostri

220 3252 223 3258 ζ
235 3232 294 3252 nno
307 3233 411 3260 primo.

243 3300 376 3336 Scriptum
390 3298 514 3330 Cadomi
523 3322 532 3338 ,
539 3307 590 3338 per
599 3298 764 3337 johannem
778 3298 905 3338 Sponar,
914 3297 1060 3337 ficundum
1076 3303 1183 3338 copiam
1191 3304 1265 3331 Com-

208 3336 329 3378 mffionis
346 3336 505 3374 originalis.

504 3478 532 3504 *ε
556 3483 616 3514 Pro
633 3483 719 3515 Duce
737 3480 773 3514 de
791 3479 969 3514 Bourhonin.

289 3606 415 3636 futurum
436 3603 577 3635 duraturas
591 3628 600 3641 ,
627 3603 742 3641 suscepit
760 3606 788 3634 in
811 3605 932 3642 salvum,
957 3606 1017 3635 &c.
1045 3607 1220 3635 Lodowicum
1239 3607 1270 3635 de

216 3644 315 3682 Bruyl,
335 3644 516 3682 Armigerum
529 3645 613 3672 Ducis
626 3643 657 3671 de
672 3641 782 3671 Burbon
792 3665 801 3680 ,
818 3643 964 3672 Prisonarii
980 3643 1080 3681 Regis,
1100 3653 1169 3675 cum
1186 3644 1272 3675 Duo-

216 3681 266 3712 bus
278 3683 398 3713 Famulis
411 3692 444 3712 ac
460 3682 595 3718 Quatuor
608 3680 694 3718 Equis
710 3682 739 3710 in
760 3680 908 3710 Comitiva
927 3680 989 3718 sua,
1006 3681 1096 3712 versus
1118 3681 1272 3713 Civitatem

68 3740 159 3764 Norm.
174 3743 202 3769 5·
214 3719 305 3750 Parisii
327 3720 511 3759 transeundo,
529 3721 564 3751 &
586 3718 685 3761 exinde
707 3728 791 3756 penes
813 3718 989 3749 Praesentiam
1005 3719 1096 3757 Regis
1110 3721 1272 3759 redeundo,

69 3777 106 3801 H.
120 3782 148 3809 5,
163 3782 201 3801 m·
214 3770 247 3791 ac
263 3759 355 3795 Bona,
375 3759 452 3796 Res,
470 3759 503 3789 ὃ(
518 3758 653 3788 Herneiia
667 3757 932 3801 sua-quaecumque,

71 3820 100 3847 9-

250 3797 366 3827 Proviso
387 3797 495 3837 semper
517 3796 597 3834 quod
613 3796 662 3835 ipsi
676 3805 847 3833 quicquam,
866 3795 945 3833 quod
959 3796 986 3824 in
1003 3795 1093 3833 Regis
1108 3795 1273 3836 Contemp-

213 3845 277 3867 tum
299 3836 344 3864 vel
365 3834 583 3874 Praejudicinm,
612 3843 657 3864 aut
678 3834 779 3872 Populi
803 3833 887 3871 Regis
910 3833 1095 3872 Dampnum,
1120 3836 1273 3874 aliqualiter

215 3873 316 3906 cedere
329 3873 432 3910 valeat,
450 3884 509 3904 non
521 3882 688 3910 attemptent
698 3896 707 3911 ,
726 3872 770 3902 seu
786 3871 887 3902 faciant
900 3873 1070 3909 attemptari,

237 3928 239 3930 -
253 3911 403 3950 Qodque
417 3911 463 3950 ipsi
480 3912 588 3942 nullum
604 3911 774 3942 Castrorum
789 3910 892 3949 Regis,
909 3909 955 3940 seu
972 3909 1111 3940 Villarum
1126 3910 1213 3950 Regis
1227 3911 1274 3942 fir-

217 3957 355 3980 matarum
368 3972 377 3985 ‚
395 3950 496 3986 absque
511 3949 619 3988 speciali
633 3950 763 3982 Licentia
783 3948 1005 3987 Capitaneorum
1025 3950 1213 3989 eorumdem,
1231 3953 1275 3982 in·

215 3996 288 4020 trent
303 3987 404 4026 quovis
419 3986 519 4017 modo.

1327 199 1418 235 Teste
1432 199 1515 239 Rege
1527 197 1602 238 apud
1614 201 1768 229 Civitatem
1781 198 1860 236 Regis
1874 195 1907 235 de
1919 196 2029 233 Baieuae
2041 195 2178 229 vicesimo
2191 193 2238 227 die
2246 192 2357 228 Martii.

1981 276 2037 305 Per
2049 273 2134 314 ipsum
2145 275 2258 313 Regem·

1581 399 1672 432 Bulla
1681 409 1738 446 pro
1751 401 1889 447 Epifiopo
1903 399 2062 446 Bajocensi.

1292 483 1493 546 MArtinus
1512 484 1670 523 Episcopus,
1688 484 1790 516 Servus
1803 484 1958 516 Servorum
1975 484 2052 523 Dei,
2069 482 2209 515 cariffimo
2223 485 2252 514 in
2267 483 2356 517 Chri-

1387 523 1433 553 sto
1452 523 1544 561 Filio,
1560 525 1678 554 Henrico
1697 526 1764 561 Regi
1776 522 1889 560 Angliae
1902 523 2006 555 Illustri
2019 522 2145 555 Salutem
2158 523 2192 554 &
2206 524 2354 562 Apostoli-

1291 571 1356 592 cam
1372 561 1614 593 Benedictionem.

2375 155 2456 187 Ann-
2469 154 2514 189 D:

2401 193 2492 233 1418.

2372 237 2437 262 Hm.
2455 243 2485 269 5.

2376 492 2452 524 Ann.
2461 491 2504 526 D.

2392 531 2480 572 1418.

2372 576 2422 599 Aa.
2444 574 2472 600 6.

1329 600 1406 631 Tuae
1424 610 1484 631 non
1505 608 1618 637 ignorat
1638 599 1667 630 R
1705 601 1740 631 iae
1763 599 1921 631 Serenitatis
1941 600 2146 640 circumspecta
2174 599 2356 634 Providentia
2373 614 2407 639 H.
2427 619 2456 646 5.

1292 638 1405 669 nostros
1425 649 1458 670 ac
1483 639 1560 669 Sedis
1577 638 1690 676 Aposto
1702 640 1754 670 icae
1776 638 1951 676 Familiares,
1969 641 2033 677 qui,
2047 640 2197 672 nobiscum
2214 642 2243 671 in
2265 639 2356 673 Curia
2374 653 2415 675 Ex
2423 649 2488 678 szt.

1292 677 1429 709 Romanii
1449 677 1626 715 personaliter
1647 677 1794 708 residendo
1809 699 1819 714 ,
1847 676 1952 707 assidue
1975 678 2059 708 nobis
2079 681 2113 711 &
2137 679 2253 711 fideliter
2272 688 2357 718 atque
2373 690 2430 715 Cot.
2442 690 2489 715 Ίῑ-

1292 716 1441 754 diligenter
1455 717 1596 754 setviunt,
1608 716 1677 755 Jura
1713 716 1891 753 Proventus,
1909 715 1943 746 &
1957 713 2157 748 Emolumenta
2168 718 2284 750 suorum
2304 719 2359 750 Be-
2373 726 2456 753 herim
2475 729 2507 755 Β.

1293 755 1462 797 neficiorum
1471 778 1480 793 ‚
1496 755 1615 787 ubilibet
1628 741 1808 798 existentium
1817 777 1827 792 ,
1841 753 1878 784 de
1889 752 2004 797 antiqua
2015 753 2188 787 &laudabili
2209 758 2242 788 &
2263 757 2361 790 haCle-
2376 770 2403 792 ο.
2413 765 2464 802 fol.

1294 804 1345 824 nus
1368 794 1586 833 irrefragabiliter
1609 792 1756 826 observata
1777 791 2004 830 consuetudine,
2029 801 2099 824 cum
2122 794 2205 832 Pleni
2223 795 2361 829 deberent
2376 805 2423 832 62.
2438 807 2473 833 A.

1295 833 1456 868 integritate
1470 835 1630 871 percipere:
2178 863 2183 868 ,

1332 870 1466 910 AEquum
1479 882 1601 910 namque
1615 871 1723 902 videtur
1737 871 1770 901 &
1785 870 1905 901 Rationi
1920 869 2044 900 omnino
2058 868 2230 902 consonum
2243 880 2291 912 ut,
2311 875 2362 913 qui

1294 909 1430 941 Ecclefiae
1444 911 1624 948 ministrant,
1645 910 1682 940 de
1699 909 1827 942 Ecclesia
1840 908 1937 940 Vitam
1953 908 2092 940 habeant:

1334 947 1440 979 Nullus
1461 958 1556 980 autern
1579 948 1672 980 verius
1691 947 1891 979 existimandus
1910 947 2045 978 Ecclesiae
2067 946 2186 986 servire,
2206 958 2294 987 quam
2314 951 2364 988 qui

1295 985 1430 1055 Εεεὲείξεε
1444 986 1589 1030 Romanae
1605 989 1784 1025 (caeterarum
1797 986 1885 1017 Matri
1900 987 1934 1018 ὃ(
1947 985 2108 1024 Magistrae)
2129 985 2205 1018 fideli
2227 987 2363 1020 Ministe-

1295 1035 1338 1056 rto
1373 1030 1482 1056 elerwt.
2264 1032 2266 1037 '

1332 1063 1413 1095 Cum
1424 1065 1534 1102 itaque,
1550 1062 1725 1094 Venerabilis
1739 1062 1835 1095 Frater
1849 1063 2012 1102 Johuuues,
2031 1063 2171 1102 Episcopus
2191 1064 2364 1106 Bajocenlh,

1296 1100 1493 1134 Cubicularius
1513 1103 1608 1133 noster
1630 1111 1662 1132 ac
1683 1102 1854 1132 Familiarius
1877 1103 2030 1132 continuus
2045 1102 2161 1141 existat,
2180 1103 2208 1134 in
2222 1104 2364 1143 didtoque

1295 1140 1524 1173 Cubiculariatsis
1547 1140 1661 1172 Officio
1681 1140 1833 1178 diligenter
1854 1140 1887 1171 &
1906 1140 2073 1178 obsequiose
2085 1142 2168 1172 nobis
2180 1142 2227 1172 die
2243 1142 2364 1175 Nodlu-

1295 1190 1352 1218 que
1389 1180 1555 1212 incessanter
1569 1180 1680 1218 serviat,
1718 1188 1824 1218 quem,
1843 1188 1959 1216 propter
1972 1180 2055 1216 ipiius
2075 1179 2297 1220 Ydoneitatem,
2315 1181 2364 1212 In·

1295 1218 1428 1251 dustriam
1437 1244 1447 1257 ,
1465 1219 1498 1250 &
1510 1218 1694 1250 Prudentiam
1704 1241 1714 1257 ,
1728 1219 1761 1249 &
1775 1218 1824 1248 alia
1837 1217 1958 1255 plurima
1972 1218 2086 1257 merita,
2102 1219 2137 1249 ad
2153 1219 2265 1251 dic'tum
2285 1220 2366 1252 duxi-

1296 1267 1358 1288 mus
1374 1258 1520 1289 Officium
1534 1257 1712 1296 eligendum,

1334 1296 1433 1328 Tuam
1459 1297 1601 1334 Regaiem
1624 1294 1871 1334 Magnificentiam
1892 1294 2009 1326 cordiali
2026 1305 2158 1335 rogamus
2184 1294 2304 1328 Affeetu
2332 1306 2364 1330 ut

1297 1335 1447 1366 Fructibus
1465 1346 1499 1367 ac
1522 1335 1711 1366 Proventibus
1732 1334 1865 1365 universis
1887 1335 1926 1364 {ui
1942 1333 2099 1372 Bajoceniis
2113 1334 2301 1373 Episcopatus
2318 1336 2363 1374 ip·

1295 1374 1375 1413 sum,
1394 1375 1499 1412 absque
1519 1373 1578 1404 ullo
1602 1372 1833 1412 Impedimento,
1851 1382 1901 1410 per
1921 1382 1966 1412 te,
1981 1373 2025 1404 vel
2048 1381 2128 1412 tuos,
2143 1374 2291 1413 apposito,
2315 1383 2363 1406 aut

1296 1413 1485 1451 imposterum
1506 1412 1727 1452 quomodolibet
1747 1413 1920 1450 apponendo
1933 1435 1944 1449 ,
1966 1410 2084 1450 pacifice
2105 1412 2229 1451 gaudere
2247 1415 2365 1452 permit-

1295 1460 1343 1482 (HS.

1333 1490 1390 1529 Et,
1409 1489 1428 1521 fi
1442 1490 1550 1528 ipsum,
1567 1497 1613 1520 aut
1627 1490 1684 1527 ejus
1700 1489 1921 1526 Procurat‹··res,
1939 1488 1984 1519 vel
2000 1488 2166 1521 Officiarios
2188 1489 2271 1528 alios,
2288 1500 2363 1522 con-

1297 1530 1416 1567 tingeret
1437 1539 1486 1567 per
1508 1529 1630 1567 aliquem
1656 1529 1778 1566 turbari,
1795 1537 1842 1559 aut
1854 1528 1891 1559 de
1909 1527 1997 1558 Facio
2008 1529 2068 1566 jam
2081 1529 2207 1560 turbatos
2221 1529 2294 1567 esse,
2313 1529 2363 1560 tua

1298 1567 1390 1605 Regia
1411 1567 1614 1605 Αυὲὶοτίιεῑε,
1641 1566 1729 1598 nostri
1750 1577 1785 1598 ac
1804 1566 1885 1598 Sedis
1905 1565 2084 1603 Apostolicae
2105 1565 2364 1605 Contemplatione

1298 1606 1443 1644 Filialique
1467 1605 1637 1636 Reverentia
1650 1630 1659 1643 ,
1691 1615 1781 1637 omne
1801 1604 1982 1644 quamtocius
2006 1605 2102 1644 jubeas
2122 1606 2364 1643 impedimentum

1297 1647 1440 1683 amoveri,
1460 1645 1565 1682 sibique
1584 1645 1618 1675 ὃς
1642 1644 1694 1675 suis
1712 1644 1794 1675 facias
1812 1653 2008 1682 quaecunque,
2025 1644 2088 1674 alias
2107 1654 2194 1682 quam
2215 1655 2266 1682 per
2279 1645 2362 1684 suos,

1298 1684 1364 1713 inde
1381 1684 1492 1722 forent,
1512 1683 1615 1720 quovis
1639 1682 1758 1721 Titulo,
1773 1691 1820 1714 aut
1834 1692 2005 1720 quacunque
2017 1682 2193 1722 Occasione,
2211 1692 2362 1724 percepta,

1297 1722 1466 1759 integraliter
1489 1721 1611 1758 restitui,
1628 1731 1643 1750 a
1665 1720 1891 1759 quibuscumque
1907 1722 2011 1752 fuerint
2025 1721 2071 1752 seu
2085 1722 2198 1752 detenta
2212 1722 2257 1752 seu
2269 1732 2362 1754 occu·-

1297 1770 1376 1799 pata,
1397 1762 1425 1791 in
1449 1771 1509 1799 quo
1529 1770 1574 1790 tua
1596 1759 1687 1793 Regia
1706 1759 1854 1790 Celsitudo
1874 1760 1957 1790 nobis
1977 1760 2133 1798 plurimum
2155 1760 2365 1800 complacebit,

1297 1800 1406 1838 nosque
1419 1799 1452 1830 ad
1467 1799 1511 1830 sua
1527 1797 1623 1829 reddet
1637 1797 1779 1829 Postulata
1793 1799 1948 1836 proniores.

1335 1839 1373 1870 Et
1395 1839 1519 1876 insuper,
1540 1837 1700 1868 Venerabili
1720 1837 1809 1867 Fratri
1831 1837 1951 1873 nostro,
1970 1836 2100 1875 Jordano
2122 1833 2248 1876 Epistopo
2267 1837 2362 1867 Alba-

1252 1886 1263 1891 *
1298 1877 1388 1918 nenfi,
1414 1878 1526 1908 Sanctae
1548 1876 1690 1907 Romanae
1712 1876 1847 1907 Eccleiiae
1868 1874 2028 1944 Cardirialli3
2054 1877 2082 1905 in
2108 1874 2174 1913 hiis,
2199 1885 2263 1914 quae
2287 1878 2364 1907 circa

1297 1917 1371 1947 hanc
1394 1916 1545 1948 Materiam
1565 1915 1659 1946 nostra
1680 1924 1715 1946 ex
1738 1922 1815 1953 parte
1834 1913 1982 1953 reserabit,
2024 1912 2100 1945 idem
2117 1914 2186 1945 velis
2200 1923 2309 1946 certam
2327 1916 2363 1948 &-

1297 1955 1445 1987 indubiam
1461 1955 1605 1985 adhibere.

1334 1994 1403 2039 Dat.
1419 1993 1581 2034 constanciae
1594 1992 1770 2025 duodecimo
1783 1983 1849 2023 Kal.
1866 1991 1991 2030 Aprilis,
2004 1989 2192 2024 Pontificatfis
2202 1990 2363 2030 nostriAn-¹

1297 2043 1337 2064 no
1351 2043 1455 2071 primo.

1412 2171 1462 2204 De
1479 2167 1621 2213 potestate
1637 2167 1682 2201 ad
1697 2167 1924 2216 Prorogandum
1943 2170 2077 2216 Yreugas
2098 2167 2256 2204 flandrie.

1298 2254 1430 2314 REX,
1454 2254 1618 2293 Universis,
1642 2252 1676 2284 ad
1697 2263 1822 2292 quorum
1841 2253 1972 2285 notitiam
1993 2252 2144 2285 Praesentes
2166 2255 2362 2296 pervenerint,
2377 2252 2453 2285 Ann.
2468 2248 2511 2286 D.

1368 2303 1502 2326 aeternam
1515 2294 1544 2324 in
1559 2292 1679 2324 Christo
1700 2293 1834 2323 Salutem.

2397 2292 2484 2331 1418.

1335 2332 1416 2364 Cum
1435 2343 1472 2363 nu
1512 2343 1524 2362 r
1538 2333 1640 2363 fuerint
1656 2331 1734 2362 initae
1751 2332 1784 2362 δε
1799 2330 1983 2363 concordatae
1995 2339 2082 2363 certae
2094 2331 2220 2372 Treugae
2231 2332 2276 2364 seu
2298 2333 2361 2364 Ab·
2378 2335 2429 2360 An.
2446 2333 2475 2361 6.

1298 2371 1438 2402 stinentice

1297 2421 1363 2481 Ξειη
1381 2412 1414 2442 &
1436 2410 1618 2448 Dominum,
1636 2407 1889 2447 Consanguineum
1910 2410 2041 2440 nostrum
2059 2409 2249 2446 carissimum,
2266 2409 2285 2428 ²*
2305 2409 2361 2449 Jo-

1495 2381 1584 2402 uerrae
1605 2372 1677 2401 inter
1701 2371 1778 2409 Nos,
1795 2380 1828 2401 ex
1849 2371 1921 2409 una,
1939 2371 1992 2408 &,
2019 2370 2233 2402 Sereniffimurn
2252 2370 2360 2401 Princi-
2376 2375 2409 2398 H.
2429 2379 2458 2405 5.
2481 2410 2499 2436 6

2381 2413 2468 2436 Norm.
2503 2432 2510 2438 .

1319 2461 1415 2479 annem
1431 2452 1532 2479 Ducem
1544 2450 1726 2487 Burgundiae,
1742 2457 1776 2478 ex
1788 2448 1885 2486 altera,
1905 2448 2045 2486 partibus,
2062 2448 2200 2478 duraturae
2222 2447 2307 2486 usque
2327 2447 2360 2479 ad
2377 2448 2448 2474 1-1-6.
2457 2454 2514 2484 p.t.

1299 2488 1414 2520 Festum
1430 2487 1543 2518 Paschae
1559 2489 1692 2526 proximo
1706 2495 1874 2526 venturum,

1335 2526 1454 2557 Notum
1471 2526 1590 2557 facimus
1603 2526 1682 2564 quod
1696 2525 1782 2564 Nos,

2378 2495 2413 2514 m.
2434 2495 2482 2521 4¹·

2375 2522 2469 2552 *1x.

1336 2565 1385 2595 De
1399 2564 1529 2595 fidelitate
1545 2566 1577 2595 ὅ(
1592 2563 1744 2601 industria,
1762 2561 1894 2594 cariffimi
1907 2561 2117 2601 Consanguinei
2128 2560 2234 2602 nostri,
2248 2563 2366 2594 Richar-
2380 2563 2447 2598 56².

1298 2606 1326 2635 di
1343 2604 1516 2640 Beamhamp
1532 2605 1640 2633 Comitis
1659 2605 1820 2632 Warrwicae
1834 2602 1938 2631 merito
1949 2601 2142 2639 confidentes,

1338 2642 1349 2671 Ι
1372 2642 1432 2672 sum
1455 2641 1606 2677 Fecimus,
1631 2639 1855 2678 Censtituimus,
1869 2639 1901 2670 &
1921 2638 2123 2670 Ordinavimus
2141 2649 2191 2677 per
2215 2639 2367 2671 praesentes

1301 2653 1432 2711 noi¹t³rum
1454 2689 1573 2717 verum,
1589 2680 1766 2716 legitimum,
1782 2677 1956 2717 generalem,
1980 2679 2013 2709 δε
2033 2679 2250 2709 irrevocabilem
2271 2677 2367 2711 Com-

1301 2718 1472 2756 misiarium,
1492 2718 1729 2755 Procuratorem,
1744 2718 1904 2755 Aclorem,
1923 2717 1955 2747 &
1971 2716 2138 2756 Fastorem,

1340 2757 1448 2787 Dantes
1467 2757 1500 2788 ὃ(
1524 2755 1725 2787 Concedentes
1741 2756 1833 2786 eidem
1853 2755 1968 2795 speciale
1983 2755 2152 2786 Mandatum
2167 2764 2200 2785 ac
2214 2754 2366 2796 plenariam

1302 2796 1336 2827 &
1359 2796 1562 2826 omnimodam
1587 2794 1761 2825 Potestatem
1779 2794 1974 2832 Conferendi,
1993 2793 2166 2831 Tractandi,
2186 2795 2219 2824 &
2235 2793 2366 2824 Conclu-

1302 2834 1388 2866 dendi
1404 2844 1470 2865 cum
1485 2833 1633 2863 Guillermo
1647 2834 1680 2863 de
1693 2833 1895 2871 Campcdiverso
1910 2832 2021 2871 Milite,
2037 2832 2208 2863 Consiliario
2222 2831 2255 2862 &
2276 2830 2366 2863 Cam-

1303 2874 1416 2905 bellano
1435 2873 1515 2910 ipiius
1539 2871 1649 2910 Ducis,
1669 2882 1701 2902 ac
1717 2872 1939 2909 Ambaxiatore,
1957 2870 2177 2907 CommissariO,
2195 2869 2368 2900 Procurato-

1303 2923 1350 2950 re,
1370 2912 1498 2948 Adime,
1518 2911 1654 2948 Pastore,
1673 2912 1707 2941 &
1728 2910 1851 2941 Nuncio
1870 2909 1978 2947 speciali
2001 2908 2122 2946 ejusdem
2145 2908 2257 2946 Ducis,
2275 2908 2311 2938 de
2332 2909 2366 2940 &

1303 2951 1393 2988 Super
1408 2950 1610 2980 Renovatione
1623 2950 1656 2980 &
1669 2948 1880 2987 Prorogatione
1892 2947 2230 2989 didkarumnTreugarum
2244 2947 2289 2977 seu
2303 2946 2368 2978 Ab·-

1304 2989 1495 3019 stinentiarum
1510 2987 1650 3026 Guerrae,
1670 2998 1785 3019 necnon
1801 2986 1880 3017 Facti
1899 2985 2057 3015 Securitatls
2088 2983 2263 3016 Communis
2284 2984 2367 3016 Mer·-

1304 3030 1404 3058 cantiae
1427 3028 1554 3057 habentis
1573 3026 1697 3057 Cursum
1720 3028 1791 3056 inter
1813 3023 1916 3055 Patrias
1936 3023 2048 3062 Angliae
2071 3025 2104 3055 &
2118 3024 2262 3063 Franciae,
2281 3032 2367 3062 prout

1304 3067 1354 3097 sibi
1368 3066 1509 3098 videbitur
1522 3067 1667 3105 expedire,

1341 3105 1507 3143 Omniaque
1529 3105 1562 3134 &
1583 3104 1621 3133 fin
1661 3103 1701 3139 la,
1726 3109 1757 3131 ut
1777 3101 1973 3138 praemittitur,
1997 3099 2133 3131 Trac'tata
2147 3125 2157 3139 ,
2182 3099 2370 3136 Concordata

1305 3144 1430 3213 simpicliter
1436 3144 1498 3211 ‚F&
1513 3141 1618 3209 ςοτέςΙυ
1629 3151 1661 3178 a,
1680 3149 1748 3171 cum
1761 3138 1914 3171 Securitate
1926 3138 2022 3170 debita
2034 3139 2068 3170 δι’.
2083 3138 2218 3178 honesta,
2232 3140 2369 3172 Nomine

1305 3193 1344 3213 ΠΟ
1372 3193 1404 3212 [O
1465 3190 1553 3212 Isman
1575 3190 1582 3208 l

1344 3221 1389 3251 Ac
1402 3205 1505 3250 <imum
1515 3204 1738 3249 &omnimodas
1750 3215 1932 3254 securitates,
1940 3215 2368 3256 Obligationes,&Cautiones,

1306 3260 1390 3289 reales
1405 3260 1437 3289 &
1454 3257 1624 3296 personales,
1643 3265 1696 3293 pro
1709 3255 1808 3286 Nobis
1821 3256 1854 3286 ὃς
1870 3254 2007 3286 Nomine
2019 3254 2135 3293 nostro,
2153 3255 2232 3292 super
2246 3256 2298 3286 hiis
2313 3256 2367 3288 Fa-

1306 3298 1399 3329 ciendi
1414 3298 1447 3328 &
1462 3295 1668 3333 Promittendi,

1342 3335 1514 3374 Jurandique
1534 3335 1562 3364 in
1581 3333 1717 3364 Animam
1739 3331 1866 3362 nostram
1888 3332 1969 3371 quod
1988 3331 2138 3369 Tractata,
2154 3329 2313 3369 Conclusa,
2332 3332 2367 3363 δε

1307 3373 1490 3404 Concordata
1502 3372 1664 3411 hujusmodi
1678 3370 1752 3402 Rata
1766 3371 1933 3402 habebimus
1946 3372 1980 3402 ὃς
1995 3370 2098 3407 Grata,
2111 3378 2166 3400 nec
2180 3369 2282 3408 aliquid
2298 3378 2367 3406 pro-

1305 3414 1483 3449 curabimus,
1503 3421 1556 3442 nec
1577 3410 1729 3448 faciemus,
1748 3419 1798 3446 per
1818 3410 1894 3448 quod
1914 3410 2047 3440 Tractata
2061 3409 2095 3441 &
2108 3407 2293 3438 Concordata
2314 3407 2369 3437 hu-

1306 3451 1426 3490 jusmodi
1442 3449 1557 3480 Effesiu
1577 3449 1675 3480 debito
1694 3448 1819 3479 frustrari
1838 3447 1959 3487 possint,
1973 3447 2020 3478 seu
2041 3445 2259 3485 quomodolibet
2276 3445 2368 3484 impe-

1308 3491 1359 3520 diri

1346 3513 1530 3564 securitates,
1547 3526 1673 3564 insuper,
1692 3524 1906 3563 obligationes,
1925 3524 1958 3554 &
1971 3523 2127 3554 Cautiones
2140 3545 2150 3560 ‚
2166 3531 2201 3552 ac
2216 3521 2367 3558 juramen-

1309 3576 1385 3604 tum,
1404 3565 1562 3597 consimiles
1573 3565 1608 3594 ab
1623 3565 1726 3595 eodem
1741 3563 1904 3600 Guillermo,
1921 3562 2054 3592 Nomine
2066 3560 2141 3600 ipfius
2156 3563 2257 3598 Ducis,
2271 3561 2300 3591 in
2313 3560 2369 3592 hac

1310 3614 1403 3644 parte,
1420 3603 1557 3641 Petendi,
1574 3602 1727 3640 Exigendi,
1748 3601 1919 3639 Stipulandi,
1937 3601 1970 3630 δε
1985 3598 2174 3642 Recipiendi,

1347 3642 1515 3679 Caeteraque
1531 3642 1629 3672 omnia
1648 3643 1681 3672 ὃς
1704 3641 1808 3674 ίῐηριιΙα
1827 3638 1974 3676 Faciendi,
1999 3636 2175 3680 Excercendi
2190 3659 2199 3675 ,
2221 3637 2254 3680 &.
2273 3636 2368 3676 Expe-v

1310 3681 1405 3712 diendi
1433 3690 1497 3717 quae
1522 3682 1550 3710 in
1576 3679 1726 3710 Praemissis
1750 3679 1784 3710 δε
1808 3679 1881 3708 circa
1907 3675 2004 3706 eadem
2023 3676 2223 3705 conve-nentia
2238 3677 2371 3716 ruerint,

1311 3721 1355 3750 seu
1371 3718 1521 3749 neceffiria
1540 3719 1583 3748 vel
1600 3718 1820 3755 quomodolibet
1833 3723 1989 3753 oportuna,
2006 3723 2039 3743 ac
2057 3723 2122 3757 quae
2138 3713 2251 3751 qualitas
2270 3715 2303 3745 &
2320 3722 2371 3744 naa·

1311 3768 1371 3789 tura
1394 3757 1551 3793 hujusmodi
1574 3757 1773 3789 Negotiorum
1794 3755 1908 3784 exio-int
1930 3753 1963 3782 ἃ
1985 3761 2144 3789 requirunt,
2165 3752 2197 3782 ὃς
2220 3762 2285 3790 (μω
2303 3762 2371 3783 nos-

1313 3806 1371 3826 met
1391 3795 1439 3832 ipsi
1462 3795 1551 3825 facere
1572 3795 1716 3830 poss'ernus
1741 3794 1760 3824 si
1780 3780 1956 3831 perignaliter
1970 3789 2178 3834 interessemus,
2197 3792 2280 3821 etiarn
2297 3791 2317 3821 si
2330 3799 2372 3822 ta*

1312 3836 1346 3864 lia
1359 3834 1451 3863 forent
1468 3843 1531 3871 quae
1549 3833 1719 3863 Mandatum
1736 3833 1877 3870 exigerent
1891 3837 2035 3867 propterea
2051 3838 2137 3865 magis
2151 3830 2282 3867 ipeciale,

1349 3871 1571 3902 Committentes
1591 3872 1674 3901 eidem
1695 3874 1806 3908 comiti,
1825 3870 1854 3899 in
1874 3865 2040 3905 Praemiffis,
2058 3868 2091 3898 &
2112 3868 2186 3898 circa
2210 3867 2373 3907 praemissa,

1312 3920 1345 3941 ac
1360 3910 1592 3947 Dependentibus
1629 3909 1862 3947 Emergentibus‚
1881 3906 1917 3937 ὃς
1928 3904 2074 3935 Connexis
2092 3916 2281 3946 eorumdem,
2298 3913 2373 3937 tota-¹

1313 3949 1374 3980 liter
1390 3950 1421 3979 St
1438 3948 1558 3985 plenarie
1573 3934 1658 3979 Vices
1673 3948 1781 3978 nostras

1353 3986 1624 4025 Promittentesque,
1640 3986 1759 4018 Tenore
1777 3969 1979 4022 Praesentium,
1997 3982 2076 4016 bona
2095 3982 2171 4022 fide,
2187 3983 2221 4016 &
2240 3984 2270 4016 in
2283 3981 2377 4048 ⁷⁶1¹th
