2562 4274
231 65 308 102 108

647 47 1442 102 CONVENT10NE&

1528 48 1923 102 Lr’rERAE,

83 143 160 174 Ant).
171 147 209 177 D,
227 157 299 178 teras
314 147 550 182 Testimoniales,
569 145 661 182 sigillis
671 145 787 182 vestriS,
805 144 852 175 vel
869 144 978 175 alterius
994 143 1141 180 vestrslm,
1159 152 1193 172 ac
1209 141 1287 181 figno
1324 147 1362 169 1¹ae
1377 136 1479 168 infistat
1496 137 1665 168 Animarum
1675 161 1686 176 ‚
1702 138 1737 170 &
1752 145 1949 175 competenter
1974 136 2097 169 Dotatus
2124 145 2178 176 pro
2200 135 2397 174 Hospitalitate
2415 133 2492 166 Ann-
2507 136 2549 170 D.

104 191 190 223 1419.
230 188 263 218 δε
285 186 484 223 subscriptione
506 183 697 214 Notariorum
717 183 923 221 Publicorum,
943 193 991 220 per
1013 193 1066 214 vos
1089 183 1118 211 in
1136 183 1188 211 hac
1212 188 1291 218 parte

85 225 147 253 Heu.
166 236 194 261 5.
229 225 454 262 aisurnptorum,
474 223 609 258 signatas,
628 221 841 252 conficiendum
855 223 887 252 ὃς
905 221 1135 257 deliberandum,

268 263 313 292 Ac
326 263 361 292 de
379 261 559 292 Nominibus
579 261 612 290 ὃ(
627 259 863 299 Cognominibus
880 259 1040 298 hujusmodi
1053 259 1215 298 juratorum
1226 279 1235 294 ,
1255 257 1289 287 &

232 301 268 330 de
296 301 374 331 Statu
399 299 585 334 eorumdem,
605 308 719 329 necnon
737 298 774 329 de
799 308 899 328 eorum
924 298 1071 328 Beneficiis
1095 298 1128 328 &
1147 296 1203 326 aliis
1213 295 1291 339 'Pos-

232 338 394 369 seffionibus
405 361 414 375 ,
429 338 531 375 quibus
547 337 617 367 infra
637 337 783 368 Ducaturn
800 337 930 367 nostrum
952 336 1145 367 Normanniae
1161 343 1291 371 optinue-

233 387 300 407 runt
311 379 343 407 ὃς
358 376 550 414 poiliderunt,
567 385 599 405 ac
624 375 659 404 de
675 384 739 406 toto
766 375 855 405 Facio
872 375 969 405 vestro
986 377 1015 405 in
1033 375 1086 404 hac
1109 382 1202 410 parte,
1220 371 1291 415 No·-

231 416 290 450 bis,
310 416 338 443 in
364 414 569 445 Cancellariam
596 413 721 444 nostram
745 413 954 451 Normannize,
972 413 1023 443 sub
1045 412 1148 449 Sigillis
1173 410 1291 447 vestris,

232 452 364 483 distinete
381 454 414 484 ὅτ
427 454 523 490 aperte
534 476 543 491 ,
562 451 785 483 Certisicandum
797 477 806 490 ,
821 453 877 483 una
897 462 965 482 cum
980 452 1032 481 hiis
1051 450 1172 487 Literis,
1252 487 1257 492 .

272 490 472 522 promittentes
492 502 543 521 nos
560 491 666 522 Rarum
677 515 686 529 ,
705 490 830 521 Gratum
842 514 851 528 ,
867 492 900 522 &
916 490 1044 520 Firmum
1055 489 1199 519 habituros
1210 496 1292 530 quic-

232 530 317 567 quid,
337 529 473 560 Nomine
497 529 616 567 nostro,
640 531 781 567 feceritis,
806 529 852 559 seu
877 529 943 559 alter
967 527 1096 558 vestrum
1125 527 1244 563 fecerit,
1261 535 1292 555 m

233 567 385 636 Priamiffis
396 593 404 606 ,
423 568 471 638 sego
487 569 583 607 aliquo
603 568 815 599 Praemifforum
825 590 836 606 ,

287 618 305 636 n
324 617 359 637 cu
373 618 401 637 us
462 616 498 637 'c-

251 617 463 714 ·Teg·ejl}3ggq1
475 645 549 683 apud
569 645 692 686 Castrum
704 645 785 686 suum
799 644 832 674 de
850 646 956 675 Vernon
973 643 1053 683 super
1071 642 1162 682 Sayne
1184 640 1295 672 duode-

229 692 308 714 cimo
344 694 368 715 ie
414 695 455 722 pri
467 695 497 714 is.

262 816 403 869 Capirtt'la
419 821 596 856 concordata
609 834 664 869 pro
685 821 906 865 Rfformatione
926 819 1088 866 Abu-[imm
1112 824 1144 852 in
1163 825 1261 870 Regno

708 871 834 917 Angli-e.

80 971 148 1002 Arm
172 971 205 1004 D
305 957 433 990 Niverfis
456 959 491 989 δε
519 957 629 996 singulis
646 979 655 994 ‚
682 955 829 993 prtesentes
855 955 963 984 Literas
989 954 1156 992 Inspecturis
1178 978 1188 994 ,
1223 955 1292 987 Nos

108 1020 121 1040 1
152 1021 163 1042 1
322 997 437 1027 Branda
448 1019 457 1034 ,
477 995 661 1026 Miseratione
680 993 788 1024 Divina
799 1017 808 1030 ,
824 992 908 1022 Tituli
921 994 1016 1022 Sanl't‘i
1028 993 1170 1023 clementis
1186 995 1294 1025 Presbi‘-

79 1020 147 1078 ⁶474
168 1021 196 1051 9'
230 1042 272 1064 ter
291 1037 398 1066 Sandlae
422 1037 551 1064 Romame
569 1032 689 1073 Ecclefiae
712 1031 888 1068 Cardinalis,
907 1041 941 1062 ac
960 1031 1144 1063 Cancellariae
1164 1033 1292 1071 Aposto-

109 1070 111 1074 ⁴
128 1072 133 1077 “
152 1061 177 1085 7'
230 1075 311 1109 licre,
334 1083 402 1111 pro,
420 1071 668 1103 Reverendiffimo
685 1072 712 1100 in
732 1069 851 1100 Christo
865 1070 989 1101 Patre&
1010 1070 1162 1108 Domino,
1184 1071 1292 1103 Domi-

79 1110 120 1154 Es:
129 1098 184 1155 ἔξω
228 1122 267 1142 no
293 1111 444 1151 Johanne,
462 1111 569 1141 Eadem
594 1109 795 1147 Miseratione,
815 1107 938 1148 Episbopo
957 1108 1092 1149 Hostsenfi
1106 1132 1115 1146 ,
1134 1110 1213 1139 thc‘lae
1237 1113 1292 1140 Ro-

78 1168 102 1192 C
115 1174 125 1192 t
150 1150 193 1194 T:
227 1157 315 1181 mauae
338 1149 460 1191 Ecclqfiae
483 1147 630 1178 cardinale
650 1148 723 1178 Vice
746 1147 940 1184 cancellario,
956 1148 984 1177 in
1003 1149 1060 1184 ejus
1080 1148 1232 1187 Absentia,
1251 1149 1288 1180 de

77 1176 179 1231 beoriicsl
227 1189 367 1219 Mandato
422 1187 594 1219 Sanffiffimi
618 1188 647 1217 in
673 1185 792 1217 Christo
821 1185 904 1216 Patris
928 1186 962 1217 δε
989 1185 1138 1224 Domini,
1168 1188 1292 1218 Domini

79 1247 107 1271 Β,
126 1244 203 1270 6.Fol
227 1231 365 1265 Martini,
383 1212 494 1259 ’Divina
512 1225 716 1263 Providentia,
733 1227 814 1264 Papae
830 1225 950 1265 Qitzti,
970 1223 1080 1255 Curam
1105 1234 1222 1265 gerens,
1240 1227 1290 1258 Sa*

81 1281 97 1308 g
126 1285 146 1309 B
205 1264 315 1297 'lutem
334 1268 363 1296 in
383 1265 516 1296 Domino
536 1265 754 1302 Sempiternam.

102 1303 107 1309 '
150 1304 156 1309 “
263 1306 311 1343 Si,
325 1305 402 1343 juxra
419 1303 584 1344 laudabilem
603 1303 796 1341 Antiquorum
811 1301 984 1332 Sententiam
995 1325 1004 1339 ,
1022 1303 1055 1333 &
1076 1302 1230 1339 providum
1250 1304 1290 1335 sa‘-

235 1345 354 1375 ‘ienturn
379 1343 539 1374 Consilium
559 1342 680 1381 dignum
703 1341 744 1371 est
767 1351 818 1377 ea,
836 1350 899 1377 quae
924 1339 1073 1378 Majorum
1093 1341 1294 1374 consultiffima

250 1382 381 1413 rudenti&
400 1383 429 1412 in
448 1381 637 1412 Subditorum
652 1379 783 1411 Gratiam
799 1380 833 1409 &
845 1379 1013 1409 Commoda
1031 1387 1167 1415 geruntur
1178 1380 1291 1419 ,Scrip-

224 1429 295 1452 turae
311 1420 498 1452 Testimonio
512 1419 656 1459 redigere,
672 1419 791 1458 dignum
810 1427 858 1454 per
881 1416 1068 1455 Consequens
1091 1416 1153 1455 est,
1171 1419 1204 1449 &
1230 1419 1291 1451 Ra-

224 1461 295 1491 tioni
311 1459 552 1496 consentancum,
569 1467 600 1489 ut
612 1458 685 1488 adeo
705 1465 779 1498 nota.
791 1456 836 1485 fiat
859 1465 961 1497 eorum
982 1456 1108 1493 Veritas,
1126 1456 1204 1493 quod
1225 1458 1292 1490 inde

226 1508 280 1529 nec
295 1498 363 1528 defit
378 1497 505 1528 Pacifici<
519 1506 658 1535 oportuna
672 1495 802 1525 Provilio
812 1517 821 1532 ,
840 1503 893 1524 nec
914 1498 1030 1532 uiquam
1040 1518 1049 1534 ,
1067 1495 1118 1526 sub
1134 1496 1293 1534 ignorantia

225 1537 369 1575 variandi,
386 1536 481 1574 supina
497 1535 611 1566 facultas
627 1534 805 1570 relinquatur.

267 1575 348 1606 Crim
365 1577 458 1612 itaque
477 1575 548 1605 inter
564 1574 676 1603 dic‘tum
695 1571 862 1602 Dominum
882 1569 1028 1608 nostrum,
1046 1571 1079 1601 &
1103 1570 1292 1605 Reverendos

227 1612 340 1651 Patres,
361 1613 511 1649 prelatos,
533 1621 648 1641 necnon
673 1610 810 1649 Egregios
827 1610 859 1639 δε
883 1608 1116 1648 (ἶίι-ςυσιῖρεξὶοε
1135 1610 1293 1643 Ambaffia-

225 1660 301 1682 tores
317 1676 324 1689 ,
343 1651 543 1682 Procuratores
557 1673 565 1687 ,
585 1649 731 1680 Dostores
745 1673 755 1686 ,
771 1650 804 1680 &
833 1647 989 1691 lehgistros
1007 1649 1205 1691 ,caeterosque
1216 1673 1225 1688 ,
1239 1661 1290 1682 ve-

228 1692 383 1720 nerabi'em
412 1689 572 1720 Nationem
609 1688 796 1723 Anglicanam
825 1687 987 1725 generaliter
1018 1697 1047 1717 in
1083 1688 1292 1720 Constanrienfi

226 1728 365 1759 Concilio
392 1728 616 1768 repraesentantes
643 1729 676 1759 &
698 1727 828 1756 facientes
847 1747 857 1762 ,
893 1724 1028 1754 nonnulla
1055 1725 1111 1756 CA
1124 1735 1257 1758 P1TUL
1270 1739 1290 1759 A

227 1767 403 1798 concordata
417 1790 426 1804 ,
453 1767 486 1797 &
509 1766 545 1796 ab
565 1776 682 1803 utraque
708 1764 790 1796 Parte
812 1763 910 1802 sponte
930 1763 1052 1801 suscepta
1066 1789 1075 1802 ,
1104 1775 1237 1805 necnon,
1255 1767 1291 1798 de

225 1805 294 1836 dieti
308 1808 421 1835 Domini
440 1806 458 1825 ³*
476 1804 557 1845 nostri
577 1806 658 1842 Papae
679 1802 818 1835 Mandato
829 1825 839 1840 ,
855 1804 883 1832 in
903 1801 992 1832 Libro
1006 1802 1091 1833 dietae
1108 1802 1293 1837 Cancellariae

225 1845 254 1873 in
271 1854 332 1884 quo
358 1843 560 1874 Romanorum
587 1841 762 1873 Pontificum
787 1841 1014 1872 Constitutiones
1033 1841 1066 1872 &
1091 1841 1294 1876 Ordinationes

224 1882 314 1914 solent
331 1883 484 1919 conscribi)
502 1881 535 1912 ad
552 1881 675 1912 futuram
700 1880 757 1911 Rei
784 1880 1002 1917 certitudinem,
1021 1881 1178 1920 conscripta
1200 1884 1234 1914 &
1248 1893 1293 1914 re-

245 1921 332 1952 istrata
349 1921 471 1959 fuerint,
491 1930 615 1959 quorum
634 1920 786 1950 Tenorem
802 1919 881 1949 idem
898 1921 1029 1947 Dominus
1050 1918 1136 1958 noster
1157 1922 1236 1959 Papa
1258 1922 1294 1954 de

223 1930 318 1992 {ihm
340 1959 398 1997 ipso
421 1960 509 1997 sumi,
528 1959 560 1989 &
585 1959 634 1988 sub
656 1956 908 1988 Vice—Cancellarii
932 1956 1000 1987 dieti
1017 1956 1177 1989 Literarurn
1194 1959 1292 1990 Testi-

229 1999 334 2029 monio
351 1998 539 2036 indigentibus
554 1997 643 2027 voluit
662 1997 799 2028 concedi:

261 2037 342 2068 Hinc
360 2036 401 2067 est
416 2036 494 2075 quod
511 2034 580 2066 Nos
596 2036 656 2073 (qui
673 2034 855 2065 Cmceuariae
872 2033 1016 2070 ,rvr-‹ediste
1033 2033 1141 2065 Curam
1157 2037 1292 2076 gerimus,

225 2085 257 2107 ut
272 2076 429 2114 praefertur)
445 2074 498 2114 ad,
516 2074 678 2105 Reverendi
696 2075 724 2103 in
743 2072 862 2104 Christo
878 2072 965 2103 Patris
986 2072 1109 2103 Domini
1133 2074 1293 2114 Johannis‚

223 2112 419 2154 Lichfbldenfis
442 2112 479 2148 ὅν
503 2112 691 2153 Coventrenfis
717 2112 856 2151 Epiftopi,
878 2121 910 2141 ac
932 2111 1144 2143 Ambaffiatoris
1165 2113 1292 2144 Serenis-

220 2154 284 2184 simi
305 2153 442 2190 Principis
463 2151 583 2182 Domini
602 2154 714 2181 Henrici
729 2154 805 2189 Regis
818 2149 931 2187 Angltoe
948 2149 1122 2180 illustriffimi
1134 2174 1143 2189 ,
1163 2161 1211 2189 per
1222 2162 1289 2184 eum

221 2192 255 2223 ad
271 2192 382 2223 dictum
399 2190 530 2221 nostrum
548 2189 655 2228 Papam
677 2188 769 2227 miffi,
790 2188 970 2224 Instantiam,
995 2187 1165 2219 Capri-u
1177 2198 1228 2220 LA
1257 2192 1291 2222 ὃ(

224 2230 463 2261 ORDINATA
483 2235 727 2266 PRAEDrcTA,
746 2236 780 2257 ex
798 2229 930 2264 integro,
947 2226 1083 2257 deLibro
1099 2228 1236 2268 praefato,
1255 2231 1291 2261 de

224 2268 326 2300 Verbo
347 2268 382 2299 ad
405 2267 559 2305 Verbum,
576 2266 692 2298 fideliter
713 2266 880 2304 transcribi,
897 2266 930 2296 ὃς
955 2264 1143 2297 Praesentibus
1170 2267 1291 2300 fecimus

229 2308 383 2339 Annotari·

265 2331 404 2385 Quoruin
420 2354 504 2376 tenor
518 2343 640 2382 sequitur
658 2344 686 2374 in
701 2342 764 2374 haec
785 2342 889 2374 Verba.

77 1820 172 1849 ⁸1x.

79 1868 143 1897 73¹·

263 2431 320 2462 Co
332 2441 353 2461 N
365 2440 504 2461 coRnA
516 2438 567 2459 ΤΑ
593 2427 631 2464 όν
658 2428 714 2458 Co
730 2438 750 2458 N
763 2437 848 2458 cess
860 2439 876 2458 A
902 2436 950 2466 per
975 2427 1170 2467 Sanc‘iiffimum
1195 2433 1291 2460 Domi-

223 2482 285 2500 num
299 2471 429 2508 nostrum,
447 2472 592 2498 Dominum
608 2467 766 2497 Matrinum
783 2466 887 2506 Papam
905 2468 1067 2504 Qintum,
1082 2475 1131 2504 pro
1146 2467 1291 2508 Reforma-

222 2508 430 2575 tiothcrlqfiae
437 2507 617 2545 Anglicanae,
636 2517 666 2535 ac
678 2509 823 2535 T2³rrarum
838 2505 875 2540 &⁴
891 2508 1078 2535 Domini-'orum
1088 2506 1228 2537 Hiberniae
1246 2507 1286 2544 &⁴

229 2548 282 2575 Wa
305 2551 346 2575 iae.

265 2622 311 2652 IN
330 2631 346 2652 P
358 2631 381 2652 R
395 2631 405 2651 1
419 2629 442 2650 λι
455 2630 465 2651 r
479 2630 490 2651 s
503 2645 512 2659 ,
531 2620 608 2659 quod
625 2620 775 2651 Numerus
789 2619 984 2650 Cardinalium
1005 2620 1119 2653 Sanc'he
1143 2620 1290 2653 Romanae

225 2660 361 2692 Ecclesiae
381 2660 452 2690 adeo
475 2660 505 2689 lit
525 2659 701 2696 moderatus,
721 2659 797 2696 quoi
824 2668 882 2687 non
902 2658 931 2688 iit
957 2661 1046 2696 gravis
1063 2658 1213 2697 Eccleliae,
1233 2671 1286 2691 nec

223 2701 307 2729 nimis
324 2699 537 2729 Numerositate
551 2697 680 2734 vilescats,
701 2699 748 2734 qui
765 2697 952 2727 indifferenter
970 2697 1005 2726 de
1018 2699 1153 2728 omnibus
1176 2697 1288 2736 Regnis

221 2739 254 2768 ὃς
279 2737 436 2768 Provinciis
457 2737 542 2767 totius
559 2734 790 2774 Christianitatis,
808 2745 842 2764 ac
857 2744 926 2764 cum
945 2733 1089 2765 Consensu
1112 2737 1146 2767 &
1170 2736 1288 2768 Affensu

224 2776 346 2815 Collegii
364 2775 561 2806 Dominorum
577 2774 770 2804 Cardinalium
781 2797 790 2812 ,
807 2773 853 2804 vel
872 2774 982 2811 majoris
998 2774 1084 2804 Partis
1099 2773 1288 2815 Eorumdem,

224 2815 360 2853 eligantur
375 2815 408 2845 ὃς
425 2814 605 2844 assumantur.

263 2853 308 2884 I’r
319 2862 337 2883 r:
350 2861 374 2883 ,xi
385 2875 394 2890 ,
414 2852 493 2890 quud
502 2875 512 2890 ‚

260 2891 359 2929 Cum,
373 2891 522 2921 occasione
536 2890 706 2921 diversarum
723 2888 980 2932 Indulgentiarum,
999 2899 1031 2919 ac
1052 2888 1213 2921 Literarum
1232 2890 1286 2921 Fa-

224 2930 360 2961 cultatum
370 2954 379 2965 ,
396 2940 411 2960 a
428 2929 501 2959 Sede
515 2928 681 2967 Apostolica
696 2929 891 2958 conceihrum
901 2950 910 2965 ,
926 2928 958 2957 ad
971 2927 1186 2959 Absolvendutn
1198 2939 1284 2967 quos-

224 2979 339 3006 cunque
358 2967 504 2998 Viiitantes
520 2968 575 2998 sive
590 2966 754 2996 offerentes
770 2968 797 2995 iu
813 2968 894 2996 certis
905 2966 1023 3008 ⁴Locis,
1044 2967 1076 2996 ὃ(
1097 2966 1286 3006 Qiaestorum

225 3007 500 3046 quamplurimorum
520 3028 530 3044 ,
555 3007 604 3044 qui
628 3007 656 3034 in
684 3005 789 3041 Anglii
814 3005 873 3041 plus
896 3005 978 3034 iolito
1006 3015 1083 3035 nunc
1105 3005 1286 3046 habundant,

225 3045 354 3076 nonnulli
379 3044 517 3082 peccandi
539 3044 682 3073 audacIam
702 3044 862 3080 frequenter
887 3043 1040 3080 affirmant,
1059 3045 1092 3074 &
1112 3048 1286 3083 contemptis

224 3085 277 3115 suis
301 3085 422 3122 propriis
445 3082 574 3119 Curatis,
592 3091 625 3112 ac
654 3081 782 3111 Eccleliis
807 3083 857 3111 suis
876 3080 1083 3112 parochialibus
1097 3081 1232 3121 dimitiis,
1248 3085 1283 3115 ad

224 3122 278 3160 ipsa
297 3123 396 3159 Loca,
413 3121 460 3159 spe
472 3120 709 3158 Indulgentiarum
736 3121 767 3149 δε
792 3118 1034 3157 Confeffionum,
1050 3120 1206 3159 accedunt,
1226 3122 1287 3152 De-

226 3162 331 3197 cimas,
350 3160 536 3196 Oblationes,
554 3160 587 3189 δε
606 3158 710 3187 Debita
727 3158 866 3189 dictarum
881 3158 1069 3188 Eccleiiarum
1079 3158 1286 3191 parochialium

227 3198 406 3235 subtrahunt,
424 3198 469 3228 seu
487 3198 592 3227 solvere
606 3195 741 3226 differunt
756 3198 847 3225 minus
858 3196 949 3233 juste,

269 3236 474 3267 Committatur
496 3234 668 3266 Dioecesanis
690 3234 836 3264 Locorum
861 3235 893 3264 ad
909 3234 1107 3272 inquirendum
1125 3233 1203 3275 super
1218 3247 1287 3275 qua-

227 3273 304 3305 litate
318 3284 414 3304 earum
425 3298 434 3312 ,
453 3284 521 3305 cum
538 3272 676 3312 potestate
690 3272 870 3309 suspendendi
890 3274 1011 3302 omnino
1022 3296 1030 3309 ,
1051 3274 1228 3305 Auctoritate
1246 3276 1288 3304 A-

227 3313 386 3352 postolica,
404 3313 458 3342 illas
478 3322 544 3350 quas
562 3314 730 3343 invenerunt
744 3310 937 3348 Scaiidalosas,
955 3312 987 3341 &c
1014 3311 1068 3341 illas
1087 3311 1289 3343 Denunciandi

229 3353 273 3382 Pa
291 3362 314 3381 ae
330 3360 361 3382 ut
379 3350 434 3381 illas
450 3359 574 3381 revocer.

268 3359 380 3420 f’rEM
398 3412 407 3427 ,
434 3390 469 3419 de
487 3398 591 3419 caetero
618 3388 703 3417 nullae
728 3387 793 3418 fiant
820 3387 1071 3424 xxppropriationes
1097 3386 1287 3420 Ecclesiarum

232 3427 445 3458 Parochialiurn
468 3426 554 3456 Motu
576 3428 710 3464 proprio,
736 3426 779 3456 seu
801 3425 1006 3455 Conimittatur
1025 3426 1171 3464 Episcopis
1191 3428 1291 3458 Loco-

231 3477 296 3498 rum
322 3467 357 3497 ad
374 3465 577 3503 Inquirendum
595 3466 630 3494 de
646 3466 760 3496 veritate
779 3464 1002 3503 suggestionum:
1031 3466 1083 3502 ἅ,
1108 3466 1137 3494 in
1155 3475 1290 3497 eventum

231 3514 309 3543 quo,
328 3515 376 3542 per
392 3504 516 3534 debitam
536 3506 567 3533 &
584 3504 734 3541 juridicam
755 3503 938 3540 Notionem,
955 3502 1084 3533 constare
1102 3506 1203 3539 poterit
1213 3506 1290 3543 quod

233 3544 332 3575 Caui‘ae
357 3543 625 3581 Appropriationum
652 3552 726 3571 verae
755 3542 805 3570 sint
832 3544 864 3570 δι’
889 3542 1019 3579 legitimae
1036 3566 1045 3579 ,
1072 3541 1238 3579 procedatur
1256 3545 1289 3574 ad

234 3582 482 3620 Approbationem
502 3589 585 3617 prout
607 3579 687 3609 suerit
701 3580 792 3617 juris:
812 3579 923 3608 lilarum
944 3589 1054 3616 autem,
1070 3590 1134 3617 quae
1156 3581 1213 3616 jam
1234 3581 1291 3611 sor—

234 3622 291 3651 tirae
312 3620 373 3650 sunt
387 3619 536 3650 Effectum
548 3641 557 3656 ,
576 3618 649 3647 nulia
665 3617 711 3647 fiat
730 3619 892 3647 Revocario
903 3640 912 3655 ,
933 3618 948 3647 li
969 3627 1002 3647 ex
1028 3618 1227 3649 Revocatione
1252 3620 1291 3650 se-

235 3661 282 3696 qui
301 3658 382 3695 poss'it
402 3657 571 3688 Scandalum
593 3669 603 3694 ς
632 3655 694 3685 alias
718 3666 787 3685 vcro
812 3655 1018 3686 Committarur
1039 3656 1194 3686 Ordinariis
1213 3658 1291 3695 quod

235 3697 390 3735 inquirant,
411 3697 444 3727 &
463 3706 529 3734 quas
550 3695 708 3725 invenerint
725 3695 828 3724 merito
846 3704 903 3723 non
919 3694 1043 3724 debuiffe
1064 3695 1182 3731 (vocatis
1197 3704 1291 3726 tamen

234 3735 269 3764 ad
287 3736 343 3765 hoc
361 3735 507 3772 vocandis)
528 3732 663 3770 Callent‚
904 3769 909 3774 ·

272 3772 318 3802 ΙΤ
332 3783 349 3803 r:
362 3783 389 3804 M
400 3796 409 3811 ,
433 3784 534 3803 omnes
554 3772 706 3808 Uniones,
733 3769 999 3806 Incorporationes,
1019 3770 1290 3811 Appropriationes,

235 3810 268 3839 &
286 3810 530 3842 Consolidationes
549 3811 574 3839 V
580 3811 723 3840 icariarum
739 3817 933 3846 perpetuarum
950 3809 978 3837 in
993 3807 1123 3838 Ecclesiis
1141 3808 1293 3841 Parochia-

234 3847 324 3886 libus,
342 3859 375 3879 ex
394 3850 618 3888 quibuscumque
637 3848 733 3878 Causis
756 3847 838 3877 fact-,e
858 3847 873 3874 ὶ
891 3855 1019 3887 tempore
1042 3846 1200 3884 Scismatis,
1219 3849 1291 3878 indi-

237 3885 338 3916 stini'te
356 3887 560 3926 Rev-ocentur3
578 3889 609 3918 ὃς
640 3886 740 3917 Vicarii
768 3885 892 3922 perpetui
913 3886 939 3913 iu
958 3884 1076 3921 elidem,
1100 3895 1148 3921 per
1166 3886 1290 3917 Ordina-

235 3925 291 3954 rios
309 3925 474 3963 Locorum,
499 3926 551 3956 hac
571 3925 644 3955 Vice
667 3925 842 3954 Ordinentur
859 3924 892 3953 ἃ
913 3921 1109 3953 instituantur:
1137 3934 1169 3954 ac
1187 3927 1215 3954 in
1235 3926 1289 3956 sin-

235 3963 308 4001 gulis
324 3963 455 3994 Ecclciiis
473 3964 681 3994 parochialibus
698 3962 729 3994 iit
742 3969 815 3994 unus
836 3960 960 3992 Vicinus
977 3969 1140 4001 perpetuus,
1160 3965 1210 4000 qui
1228 3962 1290 3995 Cu·

1330 176 1439 207 ibidem
1455 177 1596 215 tenenda,
1611 177 1644 207 ὃς
1660 177 1794 207 omnibus
1812 176 1926 207 Debitis
1940 175 2132 215 supportandis
2150 174 2252 207 Literis
2270 173 2398 212 Aposto-
2437 183 2523 214 1419.

1333 215 1412 252 licis,
1430 216 1464 246 &
1485 214 1704 246 ordinariorum
1727 215 2012 254 Compositionibus,
2031 215 2162 251 Statum,
2178 216 2212 246 δε
2237 212 2399 245 Consuetu-
2414 218 2477 242 Hen.
2495 223 2524 251 5.

1333 254 1444 284 dinibus
1455 275 1465 291 ,
1478 262 1511 283 ac
1530 253 1606 292 aliis,
1621 255 1651 284 in
1668 255 1843 285 contrarium
1869 254 1965 293 faffls,
1983 263 2045 284 non
2070 251 2258 284 obstantibus
2283 253 2401 291 quibus-

1335 302 1391 323 cun
1414 301 1459 322 ue.

1372 301 1417 360 12
1429 339 1447 360 E
1458 337 1485 359 Μ
1495 352 1505 367 ,
1522 331 1620 360 omnia
1636 330 1806 370 Privilegia,
1823 332 1895 362 citra
1915 331 2041 361 Obitum
2052 352 2062 367 ,
2078 328 2183 360 foelicis
2207 327 2402 360 Recordatio-

1334 369 1377 398 nis
1388 391 1397 405 ,
1415 370 1537 404 Gregorii
1553 370 1636 407 Papae
1654 372 1701 407 xi,
1719 370 1853 401 concessa
1871 369 1995 400 Praelatis
2011 367 2195 398 Inferioribus
2206 391 2216 405 ,
2230 367 2268 398 de
2292 367 2404 398 utendo·

1336 405 1547 437 Pontificalibus
1565 407 1693 444 (scilicet)
1720 407 1834 446 Mitris,
1850 408 2005 446 Sandaliis,
2022 408 2056 439 &
2073 407 2251 444 hujusmodi,
2268 405 2304 436 ad
2324 405 2403 446 Dig-

1335 446 1452 476 nitatem
1470 445 1670 475 Pontificalern
1681 447 1884 483 pertinentibus
1922 446 2132 485 Revocentur·²
2150 454 2215 482 quae
2229 445 2301 476 vero
2311 466 2321 482 ,
2335 452 2402 475 ante

1335 482 1550 553 obiturrgclsffffs
1560 486 1712 552 qGregmi'
1731 484 1862 516 concessa
1881 470 2014 523 fuerunt,
2032 485 2062 515 in
2077 485 2128 514 suo
2148 483 2271 514 Robore
2289 492 2402 521 perma-

1335 530 1419 552 neant
1538 532 1572 552 ek,
1583 533 1612 552 U·

1376 559 1422 590 IT
1436 569 1453 590 E
1465 568 1509 598 M,
1527 561 1593 591 licet
1618 560 1761 591 Pluralitas
1779 560 1988 593 Beneficiorum
2007 561 2174 593 Canonibus
2191 559 2272 592 exosa
2287 559 2402 599 existat,

1337 608 1371 628 ac
1390 598 1418 628 su
1442 608 1470 628 er
1489 598 1522 630 ea
1540 598 1781 637 Dispensationes,
1795 600 1863 638 Jure
1882 600 1941 631 hoc
1959 601 2103 639 dictante,
2125 599 2185 630 fieri
2199 609 2261 630 non
2279 598 2404 630 debeant

1339 637 1401 674 (nifi
1447 637 1550 668 ersonis
1571 637 1731 668 Nobilibus
1749 639 1782 669 &
1803 639 1877 669 Viris
1901 639 2005 669 eximie
2030 639 2173 676 Literatis)
2200 647 2278 669 nunc
2303 646 2405 669 tamen-

1337 676 1366 705 in
1385 675 1479 706 Curiis
1496 675 1696 707 Dominorum
1707 700 1717 714 ,
1732 684 1792 706 tam
1807 676 2005 714 spiritualium,
2021 687 2106 716 quam
2125 677 2342 715 temporalium,
2360 680 2403 706 ta-

1338 714 1376 744 les
1397 713 1622 753 Dispensationes
1640 715 1805 753 irrepserunt
1820 739 1829 752 ,
1849 715 1997 745 Praemifla
2011 737 2022 752 ,
2035 715 2082 746 seu
2103 717 2142 746 eis
2161 715 2346 754 Confimilia,
2363 715 2403 746 de

1339 752 1456 783 Caeteto
1475 763 1534 783 non
1554 753 1644 793 fiant3
1665 754 1710 784 sed
1729 754 1758 783 in
1776 752 1927 784 Praemiffis
1944 753 2062 783 servetur
2082 752 2250 785 Concilium
2270 754 2402 785 Genera—

1337 790 1379 821 le:
1397 790 1456 822 Illae
1475 801 1586 831 tamen,
1605 802 1671 831 quae
1688 793 1749 823 sunt
1765 792 1869 823 sortitae
1887 791 2033 822 Effectum
2049 813 2059 829 ,
2082 792 2111 821 in
2129 792 2178 822 suo
2196 791 2320 824 Robore
2337 802 2401 830 per-

1340 838 1472 860 maneant
1484 853 1493 869 ,
1522 831 1572 861 nisi
1591 831 1663 862 forte
1682 831 1781 869 aliquae
1800 831 1902 861 fuerint
1921 840 1984 868 quae
2002 830 2052 859 sint
2069 829 2256 868 scandalosae3
2284 831 2320 862 de
2338 832 2402 868 qui-

1336 868 1390 898 bus
1409 868 1468 899 fieri
1488 869 1661 901 Mandamus
1679 868 1904 900 concessionem
1925 870 2075 899 Locorum
2094 867 2269 906 Ordinariis,
2291 870 2324 900 ὃς
2340 869 2401 900 Or-

1338 905 1437 975 diparii
1456 908 1634 977 certificeait,
1650 909 1683 940 &
1701 917 1871 940 revocentur
1890 907 2076 939 Scandalosae.

1397 954 1421 975 ’r
1431 954 1449 975 E
1459 953 1503 984 M,
1523 957 1582 984 quo
1611 971 1620 984 ,

1375 983 1526 1015 Modernis
1543 985 1755 1023 Temporibus,
1770 984 1832 1023 plus
1848 984 1947 1024 solito,
1971 994 2040 1016 curn
2057 983 2172 1015 diversis
2187 983 2332 1022 Personis,
2358 984 2402 1014 in'-

1337 1020 1378 1052 fra
1404 1021 1545 1060 Regnum
1571 1025 1604 1055 &
1631 1022 1772 1054 Dominia
1798 1024 1933 1060 praedieta
1956 1023 2096 1054 Beneficia
2123 1022 2228 1053 Curata
2245 1023 2402 1053 obtinenti-

1336 1060 1406 1099 bus,
1430 1071 1480 1099 per
1497 1061 1600 1093 Sedem
1620 1061 1835 1101 Apostolicam,
1861 1072 1959 1093 contra
1971 1062 2039 1101 Jura
2055 1063 2241 1100 communia,
2265 1061 2402 1100 dispensa-

1336 1107 1399 1129 tum
1420 1102 1433 1116 ⁸·
1454 1100 1564 1140 existit,
1588 1108 1618 1131 ut
1637 1110 1685 1138 per
1703 1101 1789 1138 Tres,
1820 1101 1970 1139 Qatuor,
1999 1100 2157 1139 Qiinque,
2180 1101 2252 1139 Sex,
2277 1101 2310 1130 &
2328 1100 2400 1139 Sep-
2419 1106 2438 1127 *⁵
2457 1109 2510 1137 lx,

1337 1145 1396 1168 tem
1418 1138 1537 1177 Annos,
1555 1140 1601 1170 vel
1621 1139 1690 1170 ultra
1707 1148 1754 1170 aut
1772 1139 1986 1178 imperpetuum
2002 1162 2012 1177 ,
2030 1139 2191 1170 Benefician
2209 1140 2335 1178 praedicti
2357 1140 2400 1177 ip·
2419 1155 2482 1185 73²·

1337 1176 1362 1206 sa
1381 1176 1519 1207 Beneficia
1539 1177 1676 1215 poffidere
1694 1179 1727 1209 &
1747 1187 1890 1216 occupare
1908 1178 2031 1215 valeant,
2050 1177 2087 1208 sic
2105 1186 2137 1208 ut
2154 1178 2189 1208 ad
2207 1177 2332 1208 Ordines
2351 1178 2402 1208 de-

1336 1215 1414 1283 ὶέἰῑοῗ
1432 1217 1552 1283 ίξηιοτίιῃ
1579 1215 1702 1248 ordinari
1723 1218 1844 1247 minime
1870 1224 2016 1248 teneantur
2031 1238 2041 1254 ,
2067 1216 2096 1245 in
2121 1225 2206 1256 grave
2229 1215 2403 1248 Scandalum

1368 1264 1402 1284 cc
1413 1265 1429 1284 e
1441 1265 1474 1285 1ae

1376 1278 1493 1323 Omnes⁷
1508 1293 1735 1332 Dispensationes
1751 1293 1911 1333 hujusmodi
1938 1292 2102 1324 indistinete
2127 1291 2316 1324 Revocentur
2367 1294 2402 1333 ὃς

1337 1330 1501 1375 Beneficiati
1528 1332 1686 1371 hujusmodi
1713 1333 1902 1363 Ordinatione
1925 1332 2001 1371 Juris
2019 1333 2183 1362 communis
2202 1332 2230 1362 in
2249 1332 2302 1363 hac
2321 1315 2405 1362 §arte

1337 1379 1461 1400 omnino
1479 1370 1648 1410 subdantur,
1667 1371 1686 1401 fi
1705 1380 1801 1402 tamen
1819 1370 1983 1403 Beneficiati
2002 1370 2131 1409 praedi'ffl
2148 1370 2201 1401 sint
2215 1370 2279 1402 alias
2298 1370 2404 1401 habiles

1337 1408 1553 1476 adIhujusmodi
1572 1410 1696 1479 Odrdincs
1712 1409 1908 1450 suscipiendos.

1403 1456 1492 1478 TEM
1551 1458 1589 1479 uo

1375 1458 1743 1526 Propter'fflisperisationes
1761 1486 1838 1519 Sedis
1857 1486 2037 1525 Apostolicae
2050 1511 2060 1524 ,
2084 1485 2228 1518 nonnullis
2253 1485 2380 1517 Personis
2390 1507 2402 1524 ‚

1338 1523 1408 1554 infra
1428 1525 1564 1564 Regnum
1583 1527 1616 1558 ὃ(
1637 1525 1779 1556 Dominia
1794 1525 1931 1564 praedista
1948 1525 2027 1563 super
2045 1535 2106 1556 non
2124 1524 2287 1556 Residentifi
2301 1549 2310 1563 ,
2335 1535 2404 1555 nec-

1337 1564 1398 1604 non
1425 1564 1642 1595 Archidiaconis
1659 1564 1694 1594 ad
1718 1563 1895 1595 Viiitandum
1916 1573 1964 1601 per
1986 1564 2202 1603 Procuratores,
2220 1564 2324 1602 factas,
2340 1573 2400 1594 non

1337 1600 1429 1631 iolum
1444 1601 1613 1633 Animarum
1633 1602 1711 1633 Cura
1726 1603 1896 1643 negligitur,
1910 1602 1957 1633 sed
1978 1603 2062 1633 etiam
2085 1601 2216 1633 Potestas»
2231 1601 2404 1640 Episcopaiis

1338 1648 1388 1676 per
1406 1641 1586 1678 impetrantes
1600 1640 1827 1681 Dispensationes
1840 1640 2001 1677 hujusmodi
2015 1643 2243 1679 contempnitur,

1375 1677 1476 1708 Nullae
1491 1679 1720 1717 Dispensationes
1733 1680 1799 1710 tales
1814 1678 1947 1716 deinceps
1961 1678 2027 1710 fiant
2042 1679 2147 1717 absque
2169 1678 2260 1710 Causa
2283 1679 2403 1710 rationa4

1339 1716 1387 1745 bili
1403 1717 1435 1747 &
1453 1717 1607 1756 legittima,
1625 1719 1655 1748 in
1671 1718 1770 1748 Literis
1788 1717 2038 1755 Dispensationum
2062 1717 2223 1755 hujusmodi
2242 1718 2404 1755 exprimen-

1338 1754 1390 1792 da,
1409 1754 1565 1786 Conceffae
1578 1764 1672 1787 autern
1686 1756 1788 1795 absque
1802 1754 1897 1786 Causa
1913 1755 2072 1786 rationabili
2085 1755 2131 1786 vel
2146 1755 2287 1793 legittima
2303 1755 2406 1788 Revo-

1339 1802 1457 1833 centur,
1473 1795 1510 1825 de
1522 1795 1625 1833 quibus
1639 1794 1686 1825 fiat
1701 1795 1877 1825 Commiffio
1891 1794 2058 1824 Ordinariis.

1376 1831 1504 1871 ITEM,
1525 1843 1628 1864 omnes
1650 1833 1756 1864 Literae
1777 1832 1952 1864 Facultatum
1967 1855 1977 1871 ,
2001 1831 2144 1864 conceffae
2164 1830 2318 1868 Religiofis
2341 1832 2406 1870 qui-

1339 1870 1505 1908 buscunque
1519 1872 1591 1902 infra
1608 1872 1747 1909 Regnum
1762 1873 1795 1904 δε
1811 1871 1951 1902 Dominia
1967 1871 2119 1909 praedieka,
2138 1870 2174 1900 de
2188 1869 2346 1908 optinendo
2356 1870 2408 1901 Be-

1338 1909 1439 1940 neficia
1452 1909 1646 1941 Ecclesiastica
1656 1933 1665 1949 ,
1684 1909 1788 1941 Curata
1803 1910 1849 1941 vel
1862 1920 1921 1940 non
1931 1910 2051 1948 Curata,
2067 1919 2133 1948 quae
2149 1918 2210 1939 non
2227 1909 2287 1939 sunt
2303 1909 2407 1939 sortitae

1339 1946 1478 1990 effectum
1494 1971 1504 1987 ,
1521 1948 1684 1980 indistinete
1705 1949 1895 1980 Revocentur
1911 1961 1920 1987 3
1945 1950 1978 1980 δε
1997 1948 2166 1979 abstineatur
2188 1947 2224 1977 de
2247 1955 2352 1978 caetero
2370 1948 2407 1978 ab

1339 1985 1378 2017 hu
1388 1986 1500 2018 usmodi
1515 1987 1616 2019 Literis
1630 1988 1810 2019 Facultatum
1825 1987 2015 2018 concedendis
2024 2011 2033 2026 ,

1400 2033 1504 2064 τεΜ,
1525 2026 1604 2064 quod
1617 2026 1718 2066 aliqui,
1737 2027 1785 2064 qui
1800 2026 1862 2056 sunt
1879 2026 1914 2056 de
1930 2026 2061 2056 Natione
2085 2023 2260 2064 Anglicana,
2278 2023 2348 2054 dum
2366 2032 2408 2054 ta-

1339 2072 1406 2094 men
1421 2064 1474 2095 sint
1488 2064 1611 2104 ydonei,
1629 2065 1663 2095 ad
1686 2065 1793 2102 fingUla
1818 2063 1928 2095 Officia
1950 2064 2049 2095 Curiae
2072 2062 2217 2094 Romanae
2237 2062 2409 2094 assumantur

1338 2112 1393 2133 una
1407 2112 1474 2133 cum
1486 2104 1543 2133 aliis
1557 2103 1594 2133 de
1608 2105 1716 2134 caeteris
1731 2102 1766 2133 N
1768 2103 1907 2133 titionibus
1921 2103 2125 2133 indifferenter:

1375 2140 1413 2171 Et
1430 2164 1439 2179 ,
1465 2151 1502 2172 ne
1520 2152 1535 2172 a
1553 2152 1699 2180 quoquam
1721 2141 1802 2179 super
1823 2141 1880 2172 boc
1900 2142 2015 2173 haeiitari
2035 2142 2125 2173 valeat
2141 2165 2151 2179 ,
2182 2140 2231 2170 has
2260 2139 2410 2178 praesentes

1340 2178 1447 2224 Literas
1469 2181 1570 2211 exinde
1589 2180 1649 2211 fieri
1664 2202 1674 2220 ‚
1707 2180 1854 2219 nostrique
1883 2179 1971 2219 Sigilli
1984 2180 2114 2219 jussimus
2137 2179 2298 2210 munimine
2320 2179 2410 2215 robor

1340 2228 1402 2248 rari.

1373 2297 1443 2331 Dat.
1457 2298 1600 2330 Florentiae
1611 2322 1621 2338 ,
1642 2301 1670 2330 in
1688 2299 1794 2332 Domo
1807 2299 1997 2332 Habitationis
2010 2301 2130 2339 nostrae,
2145 2300 2196 2330 sub
2208 2299 2295 2330 Anno
2310 2299 2326 2329 ὲ
2343 2297 2411 2329 Na}

1338 2338 1444 2369 tivitate
1470 2338 1592 2370 Domini
1612 2338 1769 2370 Millesimo
1785 2362 1795 2378 ,
1815 2340 2119 2380 Qadringentesimo,
2139 2338 2270 2369 Decimo
2294 2337 2407 2381 Nono:

1338 2375 1502 2408 Indictione
1522 2376 1730 2408 Duodecima:
1764 2377 1821 2408 Die
1844 2379 1971 2409 Decima
1991 2378 2122 2416 Septima
2145 2377 2252 2408 Mensis
2276 2375 2404 2413 Aprilis,

1338 2414 1526 2485 Pongificatfis
1542 2416 1715 2447 Sanetiffimi
1730 2415 1856 2448 Domini
1871 2420 1995 2447 Martini
2013 2419 2095 2455 Papa
2110 2415 2239 2456 praedicti
2251 2414 2341 2446 Anno
2355 2413 2407 2444 Se-

1338 2463 1395 2485 cun
1417 2465 1446 2485 o.

1338 2591 1529 2636 Confirmatio
1543 2590 1706 2624 TraHatus
1715 2617 1726 2634 ‚
1745 2591 1837 2637 staper
1860 2592 1987 2624 CoNvE
1995 2601 2017 2622 Ν
2024 2601 2141 2624 τιοΝΕ
2168 2593 2192 2625 Ρ
2199 2601 2244 2624 ER
2251 2600 2316 2623 SON
2323 2599 2368 2622 AL
2375 2598 2404 2631 1,

1689 2642 1749 2672 Per
1771 2643 1880 2686 Regem
1899 2641 2040 2672 Franciae.

1338 2733 1496 2796 CHarIes
1515 2743 1564 2772 par
1581 2733 1606 2764 la
1629 2733 1726 2764 Grace
1748 2732 1786 2763 de
1800 2732 1894 2772 Dieu,
1912 2735 1968 2772 Roy
1981 2733 2013 2762 de
2030 2736 2151 2773 Frame,
2166 2731 2195 2764 A
2212 2741 2276 2765 tous
2289 2732 2400 2773 Ceulx,
2420 2737 2495 2770 Ann.
2506 2738 2549 2771 D,

1414 2773 1463 2810 qui
1476 2782 1523 2803 ces
1539 2772 1678 2811 presentes
1692 2772 1801 2802 Lettres
1816 2781 1934 2803 verront
1947 2772 2032 2802 Salui.
2438 2787 2526 2818 1419⁹

1372 2809 1472 2841 Come
1486 2821 1559 2850 pour
1573 2812 1599 2841 le
1614 2811 1684 2841 Bien
1697 2811 1733 2840 de
1749 2810 1818 2842 Paix
1833 2812 1867 2842 ὃς
1886 2810 2062 2849 Concorde,
2080 2812 2115 2842 ὃς
2130 2809 2262 2848 appaifier
2275 2809 2316 2840 les
2329 2809 2398 2842 Dis-
2415 2820 2468 2844 An.
2486 2828 2514 2854 7.

1334 2860 1398 2880 cors
1413 2872 1422 2888 ‚
1447 2848 1571 2880 Guerres
1586 2874 1596 2888 ,
1613 2851 1646 2880 &
1663 2849 1784 2887 Querels
1800 2873 1810 2887 ,
1827 2851 1874 2887 qui
1895 2850 1932 2880 de
1954 2848 2037 2880 Pieca
2059 2858 2112 2879 ont
2132 2848 2188 2879 este
2201 2870 2212 2886 ‚
2237 2848 2256 2878 fi
2280 2858 2399 2880 comme
2416 2859 2450 2882 H.
2467 2865 2496 2891 5.

1333 2898 1452 2919 encores
1466 2888 1530 2919 sont
1541 2889 1578 2918 de
1594 2888 1718 2926 present,
1734 2897 1812 2918 entre
1825 2890 1904 2917 Nous
1917 2889 2002 2919 d'une
2021 2886 2104 2925 Part,
2122 2887 2156 2918 ὅ(
2179 2894 2262 2917 notre
2282 2886 2394 2919 Cousin
2413 2898 2453 2921 Ex
2467 2895 2532 2925 Bihl.

1333 2928 1367 2958 &
1384 2927 1563 2966 Adversaire,
1581 2927 1777 2966 d‘Angleterre
1790 2926 1914 2964 d'autre,
2157 2963 2162 2968 ¹
2409 2935 2549 2963 Confi&-

1370 2964 1409 2996 Et
1420 2967 1589 2996 continuant
1600 2967 1704 2996 certain
1719 2966 1929 3002 Appointment
1941 2962 2018 3000 passe
2031 2971 2067 2992 en
2079 2961 2104 2991 la
2126 2961 2201 2992 Ville
2212 2962 2249 2993 de
2267 2963 2393 3005 Rouen,
2410 2973 2463 2998 rius
2478 2974 2546 3002 B.6.

1333 3014 1397 3042 par,
1414 3004 1508 3034 nostre
1529 3004 1686 3035 Treschere
1709 3004 1743 3034 &
1762 3003 1899 3033 Tresame
1923 3001 2000 3039 Filz,
2019 3001 2046 3031 le
2058 3003 2120 3030 Duc
2133 3000 2165 3044 qle
2177 3003 2342 3043 Bretaigne,
2358 3006 2391 3036 &
2404 3008 2510 3048 f01‚32¹
2515 3015 2546 3041 Β,

1332 3052 1422 3073 autres
1435 3052 1495 3073 noz
1513 3042 1776 3073 Ambaffadours&
1796 3040 1923 3077 Deputes
1935 3049 2075 3077 avecques
2093 3039 2164 3078 Lm,
2182 3050 2221 3071 ou
2243 3041 2332 3072 Nom
2356 3044 2393 3074 de

1333 3081 1436 3119 Nous,
1455 3082 1488 3112 ὅ(
1505 3081 1543 3111 les
1558 3079 1778 3111 Ambaffadours
1793 3079 1826 3109 ὃ(
1848 3078 1977 3117 Deputes
2000 3078 2036 3108 de
2056 3077 2153 3108 nostre
2173 3080 2214 3109 dit
2233 3078 2342 3111 Cousm
2360 3083 2395 3113 &

1334 3120 1517 3157 Adversaire,
1535 3129 1574 3149 ou
1588 3118 1675 3148 Nom
1699 3118 1736 3147 de
1756 3117 1828 3154 Lui,
1848 3127 1933 3157 ayons
1957 3117 2193 3147 darrenierement
2206 3116 2328 3158 Envoye
2343 3119 2395 3151 de·

1333 3159 1408 3189 verse
1423 3157 1519 3187 nostre
1538 3156 1647 3187 Cousin
1669 3156 1702 3186 δε
1723 3155 1908 3195 Adveriaire,
1925 3156 1959 3186 &
1978 3155 2016 3186 ses
2037 3155 2278 3195 Ambassadours,
2304 3167 2362 3189 tant
2379 3169 2395 3190 a

1337 3200 1423 3226 Mant
1449 3205 1568 3226 comme
1590 3204 1605 3224 a
1627 3197 1749 3231 Vernon,
1775 3204 1833 3224 noz
1857 3195 1952 3225 Amez
1974 3195 2007 3225 &
2031 3193 2133 3224 Feaulx
2157 3194 2341 3234 Conseillers,
2359 3197 2395 3228 &

1335 3234 1552 3265 Ambaffadeurs
1568 3243 1603 3262 en
1619 3233 1694 3263 ceste
1709 3233 1801 3262 Partie
1811 3255 1820 3271 ,
1838 3235 1932 3274 Henry
1945 3232 1977 3262 de
1992 3231 2120 3271 Chaffiur
2138 3231 2252 3263 Escuier
2272 3234 2394 3266 Maistre

1334 3275 1393 3341 guy
1415 3271 1533 3315 Geluner
1553 3271 1690 3302 Licencie
1708 3281 1745 3302 en
1770 3271 1865 3310 Loys,
1884 3272 1919 3303 &
1941 3270 2059 3302 Maistre
2081 3270 2181 3310 Johan
2203 3272 2286 3303 Rinel
2297 3274 2394 3305 nostre

1357 3320 1489 3341 ecretaire

1373 3334 1529 3388 Leiquelit,

1374 3388 1466 3425 Apres
1486 3398 1520 3418 ce
1542 3397 1598 3425 que
1620 3396 1672 3418 aux
1692 3387 1911 3418 Ambassadeurs
1931 3387 1967 3418 de
1989 3386 2085 3418 nostre
2101 3385 2199 3428 Cousjn
2217 3385 2256 3421 ῤ’
2274 3386 2393 3417 Adver-

1328 3424 1403 3464 fizire
1421 3436 1503 3456 orent
1519 3426 1636 3464 expose,
1655 3436 1702 3464 par
1718 3436 1815 3457 vertue
1830 3427 1865 3457 de
1878 3427 1902 3457 la
1915 3425 2063 3457 Puiffance
2081 3435 2135 3462 que
2151 3428 2209 3454 leur
2224 3425 2320 3454 avions
2332 3425 2393 3456 bal-

1336 3465 1386 3501 lie,
1405 3465 1502 3494 nostre
1525 3465 1647 3495 Volente
1670 3467 1703 3496 &
1730 3465 1884 3496 Entention
1908 3465 1951 3495 sur
1973 3465 1998 3495 la
2017 3463 2122 3494 Matier
2135 3462 2248 3492 d'icelle
2258 3462 2342 3501 Paix,
2358 3465 2392 3495 ὃς

1335 3503 1383 3533 fait
1407 3505 1562 3533 certainnes
1585 3502 1684 3533 Offres
1703 3503 1738 3533 de
1765 3503 1861 3534 nostre
1885 3502 1992 3539 Coste,
2018 3502 2052 3531 ὃς
2073 3499 2139 3530 auffi
2159 3509 2235 3537 apres
2255 3500 2394 3537 pleuseurs

1336 3540 1444 3608 &boses
1456 3541 1598 3571 Traierees
1610 3564 1619 3580 ,
1635 3541 1900 3580 Communiquees,
1919 3543 1952 3573 δε
1969 3539 2126 3571 Protestees
2148 3538 2233 3569 d'une
2250 3538 2342 3570 Partie
2356 3542 2392 3573 &

1365 3589 1584 3661 alilitrigblement,
1600 3628 1652 3655 pur
1667 3618 1692 3648 le
1706 3619 1767 3656 plus
1783 3617 1931 3661 expedient
1951 3616 1984 3647 &
2004 3614 2188 3658 proufitable,
2203 3615 2236 3646 &
2254 3625 2308 3660 pur
2331 3616 2393 3654 plus

1334 3656 1499 3693 legierment
1521 3659 1649 3694 parvenit
1669 3667 1683 3686 a
1705 3658 1730 3688 la
1756 3657 1806 3687 Fin
1821 3657 1923 3687 deuree
1937 3654 2044 3684 d’icelle
2057 3652 2177 3692 Manet,
2195 3663 2313 3685 certains
2325 3659 2390 3694 Ap-

1332 3698 1479 3732 pointmens
1496 3705 1548 3726 ont
1571 3695 1628 3725 este
1651 3697 1727 3733 prins
1750 3705 1783 3725 au
1809 3695 1868 3725 Leu
1891 3694 1932 3723 dit
1947 3693 1978 3722 de
1991 3695 2113 3730 Vernem,
2133 3701 2192 3722 tant
2206 3703 2255 3730 par
2272 3702 2331 3724 noz
2341 3696 2390 3725 diz

1337 3733 1568 3769 Amballadeurs,
1587 3743 1672 3763 come
1685 3744 1733 3771 par
1749 3733 1830 3764 ceulx
1849 3733 1883 3763 de
1898 3731 1993 3762 nostre
2006 3730 2048 3773 dit
2061 3729 2170 3760 Coufin
2187 3732 2219 3762 &
2242 3732 2390 3763 Adveriai-

1335 3781 1380 3808 re,
1397 3772 1472 3814 ainii¹
1484 3780 1601 3817 comme
1624 3783 1669 3809 par
1687 3775 1725 3802 les
1751 3772 1858 3802 Lettres
1878 3770 1914 3801 de
1928 3777 1986 3799 noz
1998 3769 2045 3799 diz
2062 3768 2292 3810 Ambassadeurs,
2311 3771 2390 3803 faites

1335 3810 1378 3840 sur
1393 3809 1435 3839 les
1446 3809 1494 3839 diz
1508 3814 1704 3849 Appomtmens
1713 3833 1723 3848 ,
1741 3810 1828 3841 Nous
1842 3808 1882 3839 est
1895 3808 2046 3840 deuemenc
2057 3817 2176 3847 apparu,

1372 3885 1432 3917 Des
1448 3886 1551 3925 quenes
1569 3886 1594 3917 la
1608 3886 1728 3919 Tenuer
1744 3886 1866 3924 sensuit,

2291 3996 2392 4031 Nos
