2562 4274
708 156 818 196 ET
899 153 1164 196 ACTA

1248 148 1719 201 PUBLICA.
2226 177 2302 217 115

0 236 74 267 Ann·
87 234 129 266 D·
187 240 239 271 Ob
254 241 434 271 reverentiam
449 238 508 271 Dei
522 241 554 271 &
570 241 655 271 totius
663 238 1156 280 Christianitatis,Promittimus‚&
1172 239 1201 269 in
1239 243 1337 279 putatis
1350 242 1543 280 confimguinei
1557 240 1594 276 ὠ
1610 243 1781 283 Adverfhrii
1794 244 1874 284 nostri
1892 247 2030 284 Franciae,
2047 245 2157 285 plenam
2170 247 2203 279 &
2218 246 2292 278 suffi-
2311 246 2387 277 Ann-
2398 243 2443 276 D..

20 285 31 304 1
60 283 102 312 19.

0 284 80 350 H·45·
152 328 202 347 nus
225 328 259 346 no
281 327 311 346 er
331 320 391 346 Rex
415 318 503 355 ipsos,
526 316 750 355 Confiznguineum
772 316 810 352 ό
831 315 1034 356 Adversarium
1050 316 1147 356 fitam,
1173 325 1206 346 ac

151 356 258 386 Serenii
272 364 359 385 imam
377 356 411 386 &c
437 354 640 387 Inclitisiimarn
665 354 863 394 Principiffam
887 355 1039 394 consortem
1070 353 1184 393 ejusdem
1200 376 1209 390 ,

152 396 298 424 Dominam
322 394 505 431 Katerinam,
530 404 563 425 ac
586 397 687 423 Ducem
711 394 890 432 Burgundiae,
913 393 1095 431 supradictos,
1114 392 1208 429 quoad

153 430 324 470 Personalem
338 434 567 471 Conventionem,
585 431 674 462 modo
699 441 758 469 quo
781 433 979 469 praemittitur,
997 432 1073 461 distis
1097 433 1150 460 Die
1170 428 1209 464 ῤ’

153 471 224 499 Loco
226 467 401 537 ἐξαεέςηᾶανη,
420 470 505 509 usque
519 471 553 501 ad
565 469 745 500 Penultimum
759 472 840 500 Diem
857 468 984 510 instantis
1011 468 1113 508 Menfis
1138 471 1211 497 Maii

154 516 189 537 ex
210 516 225 536 e
256 517 270 537 a
293 516 313 537 tt

189 517 274 575 {jum
288 529 363 583 heic,
377 546 454 583 quod
471 545 575 583 iidem,
594 545 806 584 consanguineus
820 545 858 580 ὠ·
875 546 1064 585 Adversarius
1086 544 1211 574 Domini

154 583 245 614 nostri
267 583 413 620 supradict-i
436 585 467 613 in
487 584 577 615 verbo
597 583 709 623 Regio,
725 585 796 614 didla
817 585 982 624 Sereniffima
1005 583 1159 621 Principiffiz
1183 584 1212 611 in

156 622 247 653 verbo
263 622 453 661 Principiffae,
470 623 648 660 promittant,
666 623 699 653 &
713 623 822 653 illustris
837 622 971 660 Princeps
993 625 1060 651 Dux
1087 624 1213 657 Burgun—

158 661 211 690 diae
225 660 411 698 supradidlus,
427 661 506 690 tactis
520 669 569 697 per
582 670 647 691 eum
666 661 851 691 Sacrosancftis
875 661 932 691 Dei
952 660 1126 699 Evangeliis,
1139 662 1214 697 juret

159 700 193 730 &
208 700 369 736 promittat,
386 699 479 736 quod,
497 699 566 728 didio
574 699 719 737 penultimo
741 703 796 729 Die
821 699 922 739 Menfis
943 702 1033 735 Maii,
1054 698 1136 727 Loco
1155 706 1214 735 quo

159 737 321 775 praefertur,
334 736 511 775 personaliter
527 742 703 775 convenient,
721 748 753 769 ac
766 739 863 768 omnia
886 740 919 769 &
940 737 1046 774 fingula
1057 759 1066 772 ,
1084 736 1112 764 in
1135 734 1216 765 dietis

162 775 263 805 Literis
277 773 488 805 Conventionis
509 785 662 813 contenta,
683 779 810 813 quatinus
831 776 952 815 singulos
971 784 1073 805 eorum
1095 782 1216 803 concer-

161 821 249 851 nunt,
266 812 453 844 observabunt
467 815 500 844 &
515 814 616 845 facient
631 814 745 845 fideliter
759 815 916 851 observari,

198 850 245 881 Ac
260 854 376 889 Treugas
390 852 572 892 supradictas,
591 851 688 883 Modo
703 853 735 883 &
748 853 843 882 forma
859 854 958 890 quibus
971 850 1083 880 fuerunt
1096 850 1170 879 initae
1183 848 1217 879 &

162 889 346 921 concordatae
355 912 365 928 ,
383 889 419 920 de
435 891 578 928 quibusin
593 890 691 921 Literis
706 890 973 921 Commissariorum
989 888 1145 925 supradictis
1159 887 1218 925 ple-

162 928 226 958 nius
248 928 426 966 continetur,
451 930 525 965 juxta
544 938 662 958 omnem
684 928 772 966 Vim,
790 929 931 966 formam,
950 928 983 958 &
1004 926 1152 958 Effectum
1175 935 1221 955 ea-

163 966 314 1004 rumdem,
332 966 411 1007 usque
432 966 531 996 dilium
554 967 734 996 Penulttmum
754 967 840 1004 diem,
859 965 896 1000 (ᾤ’
920 973 1005 995 totum
1026 972 1125 1003 tempus
1150 967 1220 993 Con-

164 1004 487 1044 ventionisficpradid‘t'ae,
504 1015 536 1034 ac
550 1006 617 1034 Οὲἶο
634 1008 701 1035 Dies
713 1005 771 1044 post
793 1005 904 1035 eandem
926 1007 1135 1035 conventionem
1148 1002 1220 1043 fini-

165 1051 226 1073 tam
241 1041 278 1077 ώ-
297 1047 487 1080 terminatam,
505 1043 669 1074 auCtoritate
684 1043 740 1082 qua
754 1043 846 1082 supra,
865 1043 1056 1080 Prorogamus
1077 1051 1129 1071 una
1149 1050 1217 1070 cum

164 1081 246 1112 dictis
262 1080 514 1112 Ambaffiatoribus
529 1082 578 1119 qui
592 1083 675 1112 etiam
690 1082 838 1112 nobiscum
853 1081 959 1112 easdem
976 1080 1183 1116 prorogarunt,

204 1120 250 1150 Ac
275 1120 343 1157 ipsas
365 1120 492 1158 Treugas
505 1143 514 1156 ,
539 1130 587 1157 per
612 1130 664 1151 nos
682 1120 849 1157 Prorogatas
862 1144 871 1157 ,
897 1129 1001 1150 tantam
1020 1120 1081 1149 vim
1101 1118 1134 1148 &
1151 1116 1221 1160 effe-

166 1158 248 1189 &um
276 1158 304 1187 in
324 1158 458 1188 omnibus
475 1158 526 1188 suis
544 1158 675 1190 Articulis
691 1160 821 1190 obtinere
838 1159 978 1189 Volumus
990 1180 1000 1194 ,
1027 1167 1059 1187 ac
1079 1156 1098 1186 sl
1116 1155 1223 1185 Praedi-

165 1196 217 1227 ἃο
241 1195 298 1225 Die
323 1195 450 1233 Septimo
474 1196 580 1228 Mensis
608 1197 709 1234 Aprilis
724 1206 812 1235 captae
834 1197 946 1227 fuissent
964 1196 997 1226 &
1014 1193 1195 1238 concordatae
1212 1215 1222 1230 ,

165 1235 200 1303 «ἔτ.
218 1234 319 1264 Tenor
336 1234 498 1265 earumdem
519 1234 702 1267 Praesentibus
720 1235 757 1266 de
775 1236 865 1267 verbo
884 1236 913 1265 in
933 1235 1053 1265 verbum
1071 1231 1163 1263 fuisset
1178 1241 1224 1261 in-

179 1280 270 1310 ertuS,

206 1311 244 1342 Et
259 1311 453 1343 Promittimus
474 1323 540 1352 nos,
560 1313 752 1345 Commiffarii
772 1312 920 1350 antedic'ti,
938 1310 1012 1341 Vice
1034 1311 1066 1341 δε
1088 1309 1223 1352 Nomine

168 1349 393 1381 Metuendiffimi
414 1351 538 1382 Domini
559 1352 664 1391 nostri,
678 1353 832 1383 secundum
852 1359 971 1381 omnem
994 1348 1062 1379 Vim
1077 1347 1223 1391 Potestatrs

167 1388 267 1419 Nobis
289 1390 441 1428 attributae,
458 1391 535 1428 quod
558 1392 634 1421 idem
657 1394 786 1421 Dominus
806 1389 892 1429 noster
908 1387 1052 1418 Praemiffa
1071 1396 1169 1431 omnia
1188 1386 1222 1415 &

168 1427 291 1465 singula,
309 1437 444 1465 quatenus
466 1429 554 1466 ipsum
574 1430 606 1460 δε
630 1429 742 1460 Partem
761 1429 834 1459 suam
856 1425 1167 1469 concernuntnplene,
1189 1424 1222 1454 ὅ(

169 1465 302 1504 fideliter,
320 1475 352 1496 ac
367 1466 441 1497 bona
456 1467 510 1498 fide
521 1467 662 1499 custodiet
677 1468 710 1499 δε
725 1467 899 1505 observabit,
916 1475 949 1495 ac
963 1473 994 1494 ea
1008 1464 1092 1494 factet
1113 1465 1150 1493 nc
1173 1472 1224 1492 cu-

169 1504 267 1534 stodiri
278 1505 311 1535 &
328 1504 483 1543 observari,

205 1542 352 1580 Quodque
365 1544 418 1581 ipse
428 1543 620 1575 Sereniffimus
633 1544 765 1583 Princeps
779 1544 813 1574 &
827 1542 972 1572 Dominus
985 1540 1079 1570 noster
1093 1548 1222 1570 metuen-

167 1579 293 1610 diffimus
307 1582 337 1610 in
350 1582 442 1611 verbo
460 1582 573 1621 Regio,
592 1592 722 1620 necnon,
741 1582 834 1612 incliti
853 1580 998 1617 Principes
1020 1578 1135 1608 Thomas
1145 1580 1223 1620 'Dux

166 1617 313 1648 clarenciae
323 1641 332 1656 ,
348 1619 381 1649 &
394 1618 556 1658 Humfridur
570 1624 638 1650 Dux
651 1620 817 1661 Gloucestriae
826 1642 836 1658 ,
853 1618 891 1649 sui
905 1619 997 1649 Fratre
1013 1617 1225 1659 German1,·ta-

166 1657 221 1687 ens
246 1666 295 1695 per
317 1667 366 1687 eos
387 1657 574 1688 Sacrosane‘tis
593 1659 768 1698 Evangeliis,
785 1666 919 1696 quatenus
941 1656 1010 1693 ipsos
1023 1657 1056 1687 &
1070 1654 1225 1693 quemlibet

166 1695 291 1733 ipsorum
306 1705 501 1734 concernunt,
520 1696 629 1736 facere,
644 1697 805 1735 complere,
823 1698 855 1727 &
879 1693 1075 1725 inviolabiliter
1095 1692 1224 1724 observa-

166 1733 552 1804 ‘essasstbffidfidee'nl'ssssl'ss
560 1734 921 1804 'ngnidcffiioe‘sfflffd‘iiiff’
933 1734 1128 1801 333³&ss
1141 1768 1210 1799 Prin

703 1783 719 1803 ἓ
753 1785 769 1804 U
791 1785 801 1803 l'
995 1784 998 1788 ¹
1211 1786 1224 1792 ”

168 1811 269 1849 cipales
284 1783 332 1853 pgr
345 1783 465 1848 Se’,pvel
479 1821 528 1849 per
542 1812 622 1850 suos,
639 1784 700 1842 npon
714 1783 918 1850 attanptabun’t
929 1833 938 1847 ,
956 1818 1003 1840 aut
1018 1808 1136 1853 facient,
1151 1818 1225 1846 quo-

168 1851 211 1882 vis
223 1851 339 1887 quaelito
355 1847 482 1886 Colore,
500 1849 608 1880 directe
629 1850 674 1880 vel
698 1851 853 1887 indirecte,
871 1847 1088 1887 quomodolibet
1105 1855 1224 1882 attemp-

168 1888 237 1924 tari,
256 1887 332 1925 quod
347 1886 438 1924 posset
450 1887 532 1918 dietis
545 1897 652 1918 mutuae
670 1892 847 1919 conventioni
860 1889 893 1919 &
908 1889 1014 1923 Treugis
1037 1885 1156 1923 praefatis
1176 1885 1226 1914 ali-

170 1936 231 1964 quo
247 1925 338 1956 modo
354 1925 550 1964 praejudicare,
568 1926 613 1957 seu
629 1927 746 1957 eandem
762 1929 969 1957 Conventionem
993 1924 1027 1954 &
1048 1926 1165 1960 Treugar
1183 1923 1227 1953 su-

192 1963 306 1994 radietas
327 1964 546 2000 quomodolibet
567 1965 705 2002 impedire
725 1965 771 1996 seu
791 1965 912 2001 diserte,
939 1962 1106 1993 cessantibus
1128 1961 1228 1999 Dolo,

198 2001 297 2040 raude,
313 2001 521 2041 Dilationibus,
539 2004 572 2034 &
587 2004 662 2034 malo
680 2003 798 2043 Ingenio
812 2002 1052 2042 quibuscumque,

211 2039 249 2070 Et
270 2041 349 2078 super
369 2040 437 2078 hiis,
462 2041 569 2078 praefati
589 2041 710 2072 Illustres
732 2042 893 2078 Principes,
919 2043 1009 2069 Duces
1028 2039 1173 2068 Clarenciae
1189 2036 1227 2072 &-

172 2077 340 2118 Gloucestriae
351 2099 359 2115 ,
374 2079 430 2109 suas
444 2079 550 2110 dabunt
566 2079 687 2118 Literas,
704 2079 780 2119 infra
800 2078 953 2119 Vicesimum
974 2088 1070 2108 nonum
1091 2077 1160 2106 diem
1185 2079 1228 2105 in-

164 2117 269 2158 flantis
283 2115 384 2185 Mensss
400 2121 491 2155 Maii,

208 2155 269 2194 Et,
295 2163 326 2185 ut
369 2155 487 2186 raemiffa
506 2157 604 2195 majori
626 2157 755 2189 firmitate
773 2158 895 2188 nitantur
912 2180 922 2193 ,
949 2155 1145 2185 concordatum
1163 2152 1202 2183 est
1217 2177 1227 2191 ,

171 2194 253 2262 guod
275 2193 360 2223 dicius
383 2193 594 2234 Confhnguineus
621 2195 658 2231 ὠ
682 2195 871 2235 ΑΔνενῘᾶνίιις
890 2194 1012 2225 Domini
1031 2192 1119 2223 nostri
1137 2192 1228 2229 supra-

197 2233 261 2270 ίέὶί,
277 2232 347 2263 citra
363 2232 448 2263 finem
463 2234 568 2273 'Qinti
588 2233 679 2264 decimi
693 2235 745 2264 diei
761 2234 887 2273 instantis
907 2232 1007 2273 Mensis·
1027 2234 1116 2267 Maii,
1141 2239 1229 2260 trans-

174 2271 269 2301 mittet
294 2270 327 2300 &
352 2270 422 2300 tradi
439 2273 522 2302 faciet
539 2273 655 2309 praefato
674 2272 910 2303 Metuendiffimo
928 2274 1044 2304 Domino
1060 2269 1146 2309 nostro
1165 2291 1174 2306 ,
1200 2278 1229 2298 e-

172 2308 252 2348 jusve
272 2307 434 2348 Deputato,
461 2309 568 2340 Literas
586 2310 641 2341 suas
657 2309 803 2349 Patentes,
828 2309 932 2348 Majori
950 2308 1047 2348 Sigillo
1066 2308 1115 2338 suo
1133 2306 1231 2344 sigilla-

176 2355 239 2385 tas,
272 2357 386 2377 necnon
415 2347 520 2378 Literas
544 2348 671 2380 Patentes
698 2349 818 2387 praefatae
844 2348 1032 2379 Sereniffimae
1056 2344 1231 2385 Principiffae

176 2385 311 2426 consortis
329 2384 459 2425 ejulilem,
477 2396 511 2418 ac
534 2388 616 2417 etiam
636 2389 740 2426 praefati
762 2391 845 2417 Ducis
866 2386 1047 2424 Bnrguna'iae,
1066 2384 1232 2415 Ratificato-

177 2425 231 2455 rias
245 2425 278 2455 &
293 2423 523 2455 Confirmatorias
537 2426 670 2456 omnium
685 2427 718 2458 &
732 2426 904 2464 singulorum
919 2423 1132 2455 Praemissorum
1145 2445 1155 2462 ,

215 2461 250 2491 In
265 2462 365 2499 qulbus
378 2463 480 2500 etiam,
494 2464 565 2494 inter
579 2473 697 2503 caetera,
716 2465 925 2501 continebitur,
941 2462 1090 2499 videlicet,

216 2500 250 2530 In
271 2500 373 2530 Literis
394 2501 474 2538 ipsius
496 2503 687 2540 consanguinei
707 2501 745 2538 &
770 2502 939 2541 Adversarii
965 2501 1091 2531 Domini
1122 2498 1209 2530 nostri
1225 2519 1235 2536 ‚

180 2538 259 2577 quod
276 2538 331 2575 ipse
346 2540 374 2568 in
391 2540 481 2569 verbo
496 2539 591 2578 Regio
601 2563 611 2578 ,
1193 2575 1198 2579 ,

201 2577 365 2645 ,Ιρίΐβίῑεῐίε
377 2577 457 2615 ipfius
470 2577 642 2617 Inclitiffimae
659 2577 837 2619 Princspiffie,
852 2577 931 2617 quod
945 2577 999 2618 ipsa
1011 2577 1040 2607 in
1053 2575 1143 2607 verbo
1152 2574 1235 2604 Prin-

179 2625 235 2653 ctpi
261 2625 301 2654 ae,

217 2654 365 2692 Promisit,
1217 2689 1222 2694 ¹

216 2692 254 2722 Et
276 2693 305 2722 in
327 2693 426 2723 Literis
442 2693 521 2732 ipfius
537 2693 660 2724 Domini
673 2697 757 2725 Ducis
773 2693 955 2731 Burgundiae,
974 2691 1051 2732 quod
1065 2689 1140 2729 ipse,
1158 2688 1236 2720 taetrs

182 2729 368 2761 Sacroianffls
384 2730 555 2770 Evangeliis,
572 2733 673 2770 juravit
688 2734 721 2764 &
741 2732 884 2770 promisit,

219 2768 328 2799 Omnia
341 2770 375 2799 &
390 2770 493 2809 singula
508 2771 661 2808 supradicta
675 2771 749 2802 bene
765 2772 798 2802 &
812 2770 928 2801 fideliter
951 2768 1067 2806 implere
1087 2768 1120 2798 &
1142 2765 1237 2796 obser—

182 2817 263 2845 vare,
282 2817 314 2837 ac
336 2807 427 2838 facere
450 2808 557 2847 impleri
577 2811 611 2840 &
635 2810 788 2840 observari·
809 2808 976 2839 cessantibus
995 2805 1119 2844 Fraude,
1138 2804 1237 2842 Dolo,

183 2845 391 2883 Dilationibus‚
406 2847 440 2878 &
453 2845 535 2877 Malo
551 2846 669 2886 Ingenio
684 2833 917 2885 quibuscumque.

222 2883 277 2921 Et,
294 2884 314 2914 fi
334 2886 478 2923 contingat
491 2885 614 2921 praefatas
630 2886 735 2916 Literas
752 2885 954 2916 Ratificatorias
975 2885 1020 2914 seu
1044 2881 1239 2913 confirmato-

186 2921 252 2960 rias,
269 2921 344 2961 infra
355 2920 502 2961 praefatum
516 2926 654 2953 Decimum
667 2927 789 2963 quintum
804 2923 871 2953 diem
880 2946 890 2961 ,
905 2922 938 2952 ad
953 2922 1011 2954 hoc
1029 2921 1175 2951 limitatum
1186 2942 1195 2956 ,
1204 2917 1238 2948 ad

187 2960 221 2990 &
236 2961 263 2990 in
278 2961 361 2992 Villas
373 2961 409 2992 de
425 2960 564 2991 Medunta
577 2962 621 2992 seu
636 2961 787 2999 Vernona,
806 2962 842 2991 sic
857 2970 887 2991 ut
900 2960 1063 2998 praefertur,
1082 2968 1140 2988 non
1154 2967 1240 2988 trans-

188 2998 261 3028 mitti
276 3006 358 3036 atque
371 2998 457 3037 tradi,
473 3009 576 3030 exrunc
592 3000 717 3038 praefatus
733 2999 981 3030 Metuendifflmus
1006 3001 1136 3028 Dominus
1156 2994 1241 3034 noster

187 3035 276 3065 Liber
290 3036 403 3075 existat,
421 3047 476 3068 nec
491 3046 617 3069 teneatur
630 3038 663 3069 ad
679 3038 823 3078 praedictas
836 3041 1053 3073 ,Conventionem
1074 3033 1241 3074 Persbnalem

187 3075 221 3106 &
235 3076 351 3111 Treugas
364 3075 556 3106 observandas.

226 3110 259 3141 In
274 3121 398 3150 quorum
412 3115 543 3144 omnium
557 3115 590 3146 &
605 3115 777 3153 singulorum
792 3113 876 3145 fidem
891 3113 924 3144 &
937 3112 1153 3143 Testimonium
1162 3109 1242 3147 Nos,

191 3150 347 3188 Wzlterus,
365 3150 517 3188 wlbertus,
535 3153 568 3183 &
582 3152 746 3190 Johannes‚
764 3152 958 3183 Commiffarii
970 3153 1002 3183 &
1019 3150 1153 3188 Deputati
1169 3158 1241 3187 prze-

189 3189 277 3226 didti,
295 3188 391 3226 sigilla
406 3188 499 3219 nostra
516 3188 700 3222 Praesentibus
714 3191 900 3229 apposuimus.

15 1776 33 1794 ⁸
51 1777 103 1804 lx.

21 1824 86 1850 749·

232 3263 302 3296 Dat.
319 3264 392 3303 apud
408 3267 555 3295 Vernonam
567 3265 645 3303 super
659 3267 810 3305 Secanam,
828 3267 944 3298 octavo
965 3266 1023 3297 Die
1036 3264 1142 3296 Menfis
1159 3263 1248 3302 Maii,

190 3303 280 3334 Anno
302 3303 443 3341 Domini,
468 3303 639 3342 Millesimo,
665 3305 968 3344 Quadringentesimo,
994 3305 1121 3334 Decimo
1144 3315 1243 3343 nono,

192 3342 226 3373 &
243 3341 341 3380 Regni
354 3341 577 3373 Metuendisfimi
590 3342 713 3373 Domini
727 3343 816 3374 nostri
830 3343 977 3381 supradiffl
989 3343 1127 3380 Septimo.

199 3480 247 3512 De
266 3476 456 3522 potestatibus
474 3476 518 3510 ad
533 3477 738 3511 Tratlana'um
758 3490 827 3511 cum
838 3476 1051 3524 Commiffizriis
1063 3476 1248 3521 Adverfizrii

646 3528 778 3560 Franciae
791 3552 802 3568 ‚

354 3615 447 3660 Super
465 3615 542 3646 Loco
561 3613 591 3646 C
607 3623 629 3645 ο
642 3624 665 3645 N
679 3623 702 3646 v
715 3624 733 3646 E
746 3624 803 3646 NT
820 3624 832 3646 1
847 3623 870 3645 o
888 3623 912 3646 N
927 3624 940 3645 1
960 3624 1095 3659 congruo.
1130 3646 1134 3649 ,

6 3722 7 3725 ¹
51 3699 126 3730 Ann.
138 3696 180 3728 D.
207 3697 322 3753 REX
337 3699 489 3736 omnibus,
505 3698 539 3728 ad
553 3707 645 3736 quos,
661 3698 722 3730 &cx
739 3696 872 3729 Salutem.

2 3756 5 3762 ι
50 3746 159 3805 Αιιμ9.
301 3736 398 3767 Sciatis
412 3738 490 3774 quod
506 3736 593 3775 Nos,

79 3787 104 3804 n.
120 3786 146 3811 7.

7 3875 9 3877 .
53 3819 137 3880 ξαιῗ
205 3849 319 3889 gersord
330 3848 476 3881 senescalli
493 3850 618 3890 Hospitii
634 3851 740 3888 nostri,
758 3850 874 3880 Gilberti
889 3847 1070 3887 Umframvile
1100 3849 1134 3880 &
1150 3848 1263 3887 Johan-

3 3904 5 3911 ν
55 3895 146 3920 Norm.
163 3898 189 3924 7.
212 3892 252 3919 nir
267 3886 388 3930 Tipasa,
407 3887 552 3927 Militum,
570 3900 602 3921 ac
621 3888 773 3926 Magistri,
791 3887 899 3919 Ricardi
923 3887 1046 3927 coudray
1061 3873 1167 3918 Clerici
1180 3886 1264 3918 Con-

58 3934 93 3957 H.
103 3935 192 3965 5.p.r.
215 3926 271 3958 cilii
283 3923 390 3963 nostri,
409 3926 520 3962 plenam
533 3936 660 3964 gerentes
674 3927 822 3965 fiduciam,

60 3977 97 3996 m·
112 3976 159 4004 43·
217 4004 278 4035 liter
290 4000 546 4039 Concludendum,

300 4081 371 4109 Tam.
386 4080 433 4110 IV.
451 4080 485 4108 P.
502 4080 563 4109 ΙΙΙ.

150 280 210 310 vim
225 278 374 309 Potestatis
389 279 471 309 nobis
484 279 623 309 attributae
639 278 875 316 Concordamus,
895 278 972 316 quod
996 279 1087 309 dici-us
1107 281 1202 307 Domi·
1241 282 1363 310 cientem
1378 280 1549 311 Potestatem
1564 282 1592 310 in
1607 281 1659 311 hac
1674 293 1750 319 parte
1765 284 1929 315 habentibus
1943 285 1978 315 ab
1995 285 2118 323 eodem,

254 3963 301 3994 Ad
315 3962 574 4004 Conveniendum,
591 3966 787 3997 Traiiandum
797 3988 806 4004 ,
822 3962 1128 4002 Communicandum,
1143 3966 1178 3997 &
1200 3963 1269 3996 fina-

258 4039 339 4072 Cum
358 4039 626 4079 Ambaffiatoribus‚
640 4041 894 4081 Procuratoribus,
910 4039 1137 4079 Commissariis,
1154 4040 1189 4073 ὃς
1210 4040 1276 4072 De-
1305 4037 1473 4075 eorumdem
1487 4061 1497 4077 ,
1520 4047 1589 4070 curn
1609 4034 1860 4069 Ambaffiatoribus
1877 4057 1886 4071 ,
1912 4031 2039 4064 Nunciis
2052 4054 2063 4070 ‚
2086 4031 2133 4064 seu

2332 293 2417 322 14¹9·

1281 318 1329 348 De
1345 321 1376 349 δε
1389 320 1467 356 super
1482 319 1568 348 Loco
1584 323 1777 358 competenti,
2310 328 2373 351 Heu.
2391 331 2419 357 5.

1283 355 1389 387 Mutuo
1401 367 1436 387 ex
1450 356 1584 386 consensu
1599 358 1721 393 ipsorum
1737 362 1864 397 Henrici,
1884 359 2015 398 Walteri‚
2032 360 2166 399 Gilberti,
2182 361 2297 400 Johan-

1245 396 1304 431 nis,
1321 394 1359 428 ὠ·
1376 395 1501 431 Ricardi,
1519 404 1552 424 ac
1565 395 1635 436 diffi
1652 395 1806 426 Adversarii
1820 398 1907 428 nostri
1924 398 2213 438 Commiffariorum,
2224 402 2295 431 inter

1246 432 1418 462 Medontam
1434 434 1466 463 &
1480 432 1652 462 Pontilaram
1667 434 1797 472 eligendo
1813 437 1845 465 ὃς
1860 436 2039 475 assignando,

1284 470 1316 500 In
1331 481 1390 506 quo
1406 473 1480 508 Nor,
1499 472 1531 501 &
1547 471 1630 500 didius
1643 472 1853 511 Confimguineus
1872 473 1908 507 (ῤ’
1932 475 2119 515 Adverstzrius
2141 475 2245 515 noster,
2263 485 2295 506 ac

1247 512 1264 537 Ι
1276 508 1363 538 abella
1380 512 1515 546 Franciae,
1532 510 1563 539 &
1590 511 1726 539 Katerina
1745 510 1814 540 Filia
1833 513 1979 542 eorumdem
1999 513 2110 543 Consan
2153 516 2221 544 inex
2246 524 2299 544 no-

1276 557 1312 576 rae
1326 546 1487 585 cariffimae,
1506 547 1538 578 &
1552 546 1696 585 Johannes
1712 552 1779 578 Dux
1802 551 1965 586 Burgundiae
1976 574 1985 588 ,
1996 522 2171 589 perfhrzaffir
2193 552 2297 582 debere-

1250 597 1306 614 mus
1318 589 1459 615 convenire
1467 608 1476 623 ,

1285 623 1411 661 ibidem,
1433 623 1501 654 Deo
1517 623 1619 661 Duce,
1634 624 1712 661 super
1726 626 1794 653 Pace
1797 623 1885 664 finali
1898 626 1969 655 inter
1991 626 2115 657 Franciae
2137 629 2170 659 ὃς
2191 628 2302 668 Angliae

1250 661 1353 696 Regna
1368 661 1463 691 inclita
1476 661 1616 692 traciaturi
1625 685 1635 699 ,

1287 700 1324 730 Et
1339 699 1375 729 de
1387 700 1520 730 omnibus
1535 700 1567 730 ὃς
1582 700 1694 736 singulis
1714 700 1920 738 Incidentibus,
1938 699 2169 742 Emergentibus,
2188 704 2220 734 &
2242 704 2304 734 An-

1251 740 1341 774 nexis,
1359 738 1387 766 in
1403 738 1455 768 hac
1474 745 1548 775 parte
1562 738 1715 768 necessariis
1729 738 1771 768 seu
1786 739 2005 775 quomodolibet
2017 743 2179 779 oportunis,
2321 762 2340 782 ,κ

1289 777 1307 795 *
1328 774 1478 813 Praefatos,
1498 777 1659 814 Henricum,
1683 776 1848 814 Walterum,
1876 777 2043 816 Gilbertum,
2065 778 2221 816 Johannem
2234 802 2243 816 ,
2269 780 2301 810 ὅτ.
2346 762 2413 815 ,IX'

1251 813 1409 851 Ricardum,
1428 813 1539 843 nostros
1554 812 1683 845 Fecimus
1698 815 1731 844 ὅτ,
1755 814 1980 853 Deputavimus,
1998 826 2048 853 ac,
2065 826 2113 854 per
2135 817 2305 855 Praesentes,
2322 810 2388 838 7³⁰¹

1252 852 1385 920 Facismus
1397 854 1430 919 l&
1447 851 1623 889 Deputamus
1639 852 1874 891 Commissarios,
1894 853 2094 884 Procuratores
2104 877 2114 892 ,
2129 856 2162 886 δε
2178 854 2307 894 Deputa-

1252 899 1298 924 tos
1322 900 1399 928 pecia
1410 900 1457 928 es,

1293 928 1492 968 Promittentes
1505 927 1573 958 Nos
1589 928 1713 965 Ratum,
1723 927 1863 965 Gratum,
1882 929 1915 959 &
1931 929 2059 960 Firmum
2074 930 2214 960 habituros
2228 932 2308 968 quic-

1254 967 1321 1006 quid
1343 967 1583 1005 per'praedic'tos,
1606 970 1767 1005 Henricum,
1794 967 1943 996 vualterum
1963 991 1973 1006 ,
1997 968 2146 998 Gilbertum
2162 992 2171 1006 ,
2195 968 2310 1007 Johan-

1255 1018 1332 1043 nem,
1352 1005 1385 1036 ὃς
1399 1005 1559 1042 Ricardum,
1579 1005 1662 1044 Qin
1685 1015 1735 1043 ue,
1755 1005 1901 1044 Qatuor,
1917 1007 2003 1044 Tres,
2023 1007 2067 1038 vel
2086 1006 2170 1037 Duos
2191 1017 2310 1046 eorum,

1255 1055 1309 1083 pro
1326 1043 1421 1074 Nobis
1435 1045 1468 1074 ὃς
1482 1044 1615 1074 Nomine
1629 1054 1668 1073 no
1696 1054 1727 1073 ro
1744 1044 1866 1081 Actum,
1887 1044 2027 1082 Gestum,
2046 1044 2252 1084 Procuratum,
2266 1045 2311 1076 seu

1257 1082 1432 1150 Conqlusum
1443 1082 1524 1150 fuersit
1540 1083 1568 1111 in
1583 1081 1747 1120 Praemissis,
1768 1082 1812 1113 vel
1826 1083 1920 1121 aliquo
1934 1082 2155 1114 Praemifforum.

1345 1130 1364 1150 n
1378 1130 1455 1155 culus
1466 1144 1475 1157 ,
1516 1129 1553 1150 'c.

1259 1157 1386 1226 M'Feste
1407 1157 1491 1196 Rege
1511 1158 1584 1195 apud
1607 1158 1727 1197 castrum
1735 1157 1814 1197 suum
1827 1159 1858 1189 de
1873 1162 1976 1190 Vernon
1991 1159 2069 1197 super
2083 1160 2173 1199 Sayne
2189 1161 2247 1192 viii.
2266 1159 2310 1192 die

1298 1206 1339 1226 au.

1884 1276 1936 1303 Per
1953 1273 2035 1312 ipficm
2053 1277 2156 1312 Regem.

1625 1397 1718 1441 Super
1743 1397 1958 1428 Matrimonia.

1264 1481 1381 1540 REX
1391 1505 1404 1526 ,ι
1418 1481 1569 1525 omnibus,
1587 1479 1621 1511 ad
1630 1489 1722 1522 qum,
1741 1480 1803 1525 &ct
1822 1480 1956 1526 Salutem:
2340 1475 2415 1506 Ann.
2426 1474 2469 1507 D.

1360 1520 1475 1558 Selatls,
1492 1519 1553 1554 ὠς.
1567 1526 1598 1549 ut
1605 1518 1640 1558 su
1656 1530 1688 1548 ra
1703 1518 1781 1558 ustque
1794 1517 1846 1556 ibi,
1867 1517 2052 1550 Conndentes
2062 1542 2072 1558 ,
2090 1517 2127 1554 ὠ
2141 1520 2269 1560 tumffi,
2365 1523 2450 1553 1419.

1299 1558 1346 1588 Ad
1360 1558 1557 1589 Tractandum
1571 1558 1604 1588 &
1649 1557 1923 1595 ommunicandum,
2333 1556 2387 1581 An.
2407 1563 2434 1589 7.

1298 1596 1377 1627 Cum
1399 1596 1632 1627 Procuratoribus
1647 1618 1658 1634 ,
1684 1595 1846 1625 Parentibus
1861 1618 1870 1634 ‚
1895 1597 1928 1627 ὃς
1952 1596 2059 1626 Amicis
2080 1595 2190 1627 Inclitae
2215 1596 2319 1627 Puellae

1262 1639 1385 1666 Dominae
1403 1637 1545 1665 Katerinae
1562 1633 1640 1663 Filiae
1659 1633 1851 1673 Confiznguinei
1869 1632 1907 1668 (ὧν
1930 1633 2098 1674 Adversbrii
2123 1634 2206 1674 nostri
2232 1638 2320 1665 Fran-

1261 1678 1307 1704 ciae
1317 1697 1327 1712 ,
1343 1673 1429 1704 suisve
1444 1672 1708 1710 AmbaffiatoribuS,
1728 1672 1868 1709 Nunciis,
1882 1673 1915 1703 ὃς
1930 1673 2178 1711 Procuratoribus,
2194 1672 2322 1704 Potesta-

1262 1722 1322 1744 tem
1341 1713 1377 1742 ab
1391 1712 1495 1743 eodem
1509 1711 1676 1742 Adversario
1691 1709 1789 1741 nostro
1801 1710 1987 1742 sufficientem
2007 1712 2036 1741 in
2051 1721 2083 1741 ea
2098 1720 2176 1749 parte
2193 1712 2322 1743 habenti-

1260 1752 1313 1782 bus

1300 1773 1348 1820 D'e
1364 1789 1397 1820 &
1413 1789 1491 1826 super
1510 1787 1685 1825 Sponsalibus
1696 1794 1742 1817 aut
1761 1786 1971 1826 Matrimonio,
1988 1789 2060 1818 inter
2082 1788 2142 1818 Nor
2168 1789 2201 1820 &
2221 1788 2322 1818 ditium

1264 1831 1411 1858 Dominam
1430 1830 1596 1857 Katerinam
1609 1824 1815 1856 Contrahendis
1823 1848 1833 1862 ,

1300 1866 1433 1897 Necnon
1457 1865 1492 1896 de
1515 1864 1614 1902 Dote,
1635 1864 1793 1902 Dotalitio,
1808 1863 1975 1895 Donatione
1998 1873 2111 1903 propter
2128 1864 2268 1904 Nuptias,
2286 1876 2321 1896 ac

1263 1904 1342 1935 Arris
1357 1905 1384 1934 in
1401 1904 1452 1934 hac
1466 1912 1540 1942 parte
1552 1902 1648 1933 dandis
1671 1904 1704 1934 &
1724 1902 1944 1941 constituendis,
1963 1903 1996 1933 &
2022 1913 2123 1933 eorum
2148 1904 2322 1943 singulorum

1265 1943 1394 1981 qualitate
1409 1944 1442 1974 ὃς
1459 1942 1626 1980 quantitate,

1304 1982 1349 2011 Ac
1364 1982 1448 2011 etiam
1461 1982 1498 2011 de
1512 1980 1676 2017 Terminis,
1694 1978 1812 2017 Modis,
1828 1979 1861 2010 δε
1880 1978 1966 2010 Locis
1985 1978 2168 2012 Solutionum
2183 1980 2216 2010 &
2239 1979 2324 2011 Satis-

1266 2019 1425 2050 factionum
1441 2017 1477 2049 de
1493 2018 1595 2048 eisdem
1605 2041 1614 2057 ,

1266 2096 1290 2127 st
1302 2058 1339 2089 Et
1355 2066 1460 2095 quanto
1473 2065 1603 2094 ternpore
1619 2055 1750 2094 Expenfis
1766 2055 1920 2086 Parentum
1937 2056 1969 2087 δε
1986 2055 2157 2087 Amicorum
2166 2056 2265 2087 debeat
2278 2057 2322 2088 su-

1291 2105 1378 2127 entart

1303 2135 1338 2166 N
1341 2119 1434 2165 ecn’on
1450 2134 1483 2165 ad
1499 2144 1585 2172 quem
1602 2133 1718 2164 Locum
1731 2133 1862 2171 praediela
1876 2135 2009 2171 Domina,
2027 2142 2060 2163 ac
2071 2133 2203 2171 quando,
2221 2135 2255 2165 &
2271 2143 2323 2164 cu-

1261 2175 1305 2214 jus
1324 2173 1474 2212 Expensis,
1491 2175 1524 2204 &
1541 2172 1591 2203 sub
1607 2182 1662 2210 qua
1679 2171 1791 2209 forma,
1809 2181 1856 2209 per
1873 2171 2004 2202 Parentes
2022 2172 2055 2202 ὃς
2075 2172 2197 2202 Amicos
2220 2171 2320 2204 debeat

1267 2212 1431 2249 transmitti,

1304 2249 1506 2281 Conveniendi
1521 2249 1554 2279 &
1568 2247 1773 2279 Concordandi
1782 2270 1792 2285 ,

1304 2288 1342 2319 Et
1365 2298 1413 2326 ea,
1440 2297 1503 2326 quae
1523 2287 1561 2317 sic
1578 2287 1728 2323 Tractata,
1755 2285 1924 2324 Conventa,
1942 2287 1975 2318 &
2001 2285 2184 2317 Concordata
2202 2285 2326 2326 fuerint}

1268 2336 1401 2365 quatenus
1419 2326 1453 2356 ad
1470 2325 1536 2355 Nos
1553 2326 1668 2361 attinet,
1686 2323 1855 2354 omnimoda
1872 2325 2042 2362 Securitate,
2060 2324 2180 2355 honesta
2195 2327 2228 2356 &
2253 2326 2325 2364 legi-

1269 2366 1355 2403 tima,
1374 2364 1509 2395 Nomine
1525 2363 1625 2393 nostro
1644 2362 1804 2399 Firmandi,

1307 2403 1491 2440 Similemque
1512 2401 1696 2432 Securitatem
1721 2400 1855 2431 Nomine
1880 2400 1978 2431 nostro
2000 2400 2135 2440 Petendi,
2153 2400 2329 2439 Stipulandi,

1271 2443 1303 2474 &
1322 2441 1509 2480 Recipiendi,

1308 2479 1475 2518 Caeteraque
1490 2479 1587 2509 omnia
1599 2478 1632 2508 &
1649 2477 1751 2517 singula
1767 2476 2098 2515 FaciendiAExercendi,
2116 2478 2149 2508 &
2167 2477 2328 2516 Expedien-

1271 2519 1299 2549 di
1315 2529 1379 2557 quae
1392 2520 1420 2548 in
1438 2516 1586 2548 Praemiffis
1599 2517 1631 2547 &
1647 2518 1720 2546 circa
1737 2526 1767 2546 ea
1782 2515 1931 2546 necessaria
1945 2515 2048 2546 fuerint
2064 2516 2109 2546 vel
2125 2525 2280 2554 oportuna,
2291 2517 2326 2546 &

1271 2568 1335 2596 qua:
1350 2558 1461 2595 qualitas
1477 2555 1634 2593 hujusmodi
1652 2554 1777 2592 Negotii
1791 2556 1823 2585 &
1842 2553 1952 2584 Natura
1974 2555 2090 2592 exigunt
2114 2555 2147 2585 &
2167 2556 2330 2593 requirunt,

1272 2597 1305 2627 ὃς
1322 2605 1385 2634 quae
1400 2605 1452 2626 nos
1466 2594 1641 2629 faceremus,
1658 2593 1702 2622 seu
1714 2593 1807 2622 facere
1821 2592 1981 2630 possemus,
2001 2593 2020 2621 fi
2030 2593 2208 2630 personaliter
2223 2593 2330 2623 ibidem

1271 2635 1420 2673 praesentes
1440 2633 1578 2670 essemus,
1593 2633 1676 2662 etiam
1701 2631 1721 2661 si
1746 2631 1918 2662 Mandatum
1938 2632 2048 2669 exigant
2069 2640 2331 2670 quantumcumque

1272 2674 1289 2705 s
1303 2673 1387 2703 eciale

1283 2684 1464 2742 pPra².di'‹stos
1480 2734 1489 2748 ,
1513 2708 1662 2740 Comitem
1676 2731 1685 2746 ,
1712 2707 1774 2739 ὅτε.
1799 2707 1869 2746 Sex,
1895 2707 2028 2745 Quatuor
2048 2715 2094 2737 aut
2116 2707 2190 2738 Tres
2213 2717 2331 2746 eorum,

1273 2750 1385 2781 nostros
1399 2759 1481 2781 veros
1491 2772 1500 2785 ,
1517 2748 1654 2787 legitimos
1663 2769 1672 2784 ,
1683 2747 1716 2777 δε
1731 2745 1901 2777 indubitatos
1908 2746 2123 2783 Procuratores,
2132 2746 2329 2782 Negotiorum

1273 2789 1425 2825 Gestores,
1443 2788 1475 2819 &
1493 2785 1630 2817 Nuncios
1647 2784 1774 2822 speciales
1798 2784 1945 2822 Facimus,
1964 2784 2156 2822 Ordinamus,
2176 2784 2332 2823 creamus,

1274 2830 1308 2860 &
1324 2826 1533 2857 Constituimus
1550 2834 1598 2862 per
1617 2823 1777 2862 praesentes,

1310 2865 1528 2901 promittentes,
1544 2865 1572 2893 in
1587 2862 1679 2892 verbo
1696 2861 1805 2899 Regio,
1824 2859 1893 2891 Nos
1909 2860 2014 2890 Ratum
2028 2860 2062 2891 &
2079 2860 2219 2899 Gratum,
2230 2871 2329 2899 perpe-

1272 2905 1325 2936 tuis
1338 2903 1531 2940 temporibus,
1547 2901 1689 2931 habituros
1723 2898 1836 2937 uicquid
1852 2908 1901 2936 per
1913 2897 2110 2929 Procuratores
2133 2898 2244 2930 nostros
2280 2909 2331 2929 rae-

1274 2943 1365 2974 diCtos
1380 2941 1448 2978 Sex,
1468 2941 1529 2971 δερ.
1549 2939 1674 2975 Acium,
1692 2910 1834 2975 gestum,
1855 2937 1900 2967 seu
1915 2935 2104 2968 Procuratum
2118 2937 2202 2968 fuerit
2215 2939 2244 2968 in
2279 2947 2332 2968 rae-

1275 2980 1376 3017 mistis,
1392 2980 1425 3010 ὃ(
1441 2978 1552 3016 singulis
1568 2976 1796 3012 Praemifforum,

1311 3018 1441 3056 Ipsosque
1461 3016 1661 3046 Procuratores
1683 3015 1715 3045 &
1736 3014 1872 3044 Nuncios
1893 3012 2022 3051 nostros,
2041 3013 2074 3044 &
2097 3022 2196 3044 eorum
2210 3013 2331 3052 quemli-

1276 3058 1341 3095 bet,
1358 3057 1394 3086 ab
1409 3056 1491 3086 omni
1507 3053 1607 3084 Onere
1622 3052 1762 3084 satisdandi
1777 3052 1916 3090 expresse,
1928 3051 2044 3083 Tenore
2059 3051 2241 3083 Praesentium
2250 3074 2260 3090 ,
2270 3051 2331 3081 Re-

1277 3097 1413 3127 levamus.

1301 3133 1348 3163 vIn
1361 3133 1457 3170 cujus,
1475 3132 1536 3162 &c.
2269 3166 2284 3171 υ

1313 3170 1402 3202 Teste
1419 3169 1504 3207 Rege
1519 3167 1591 3206 apud
1603 3165 1835 3206 civitatemfitam
1852 3170 2008 3197 Devereux.
2022 3168 2115 3198 xxviii.
2128 3166 2173 3197 die
2188 3165 2296 3196 Martii.

2339 1597 2372 1620 H.
2393 1601 2421 1627 5.

2344 1632 2446 1659 Ibidem.

2341 1680 2376 1697 m.
2394 1668 2440 1695 80-

1916 3246 1970 3273 Per
1979 3242 2060 3282 ipsum
2072 3246 2175 3280 Regem.

1701 3381 1794 3425 Super
1820 3381 1907 3411 Pace.

1284 3465 1400 3524 REX
1414 3466 1566 3502 omnibus,
1582 3464 1616 3494 ad
1630 3472 1718 3502 quos,
1736 3463 1796 3493 &c.
1815 3462 1948 3493 Salutem.
2354 3459 2428 3490 Ann.
2440 3459 2482 3490 D.·

1381 3505 1492 3542 Sciatis,
1515 3505 1574 3539 &a
1599 3510 1630 3532 ut
1643 3501 1728 3541 supra
1747 3500 1824 3541 usque
1846 3500 1899 3538 ibi,
1918 3500 1954 3530 ab
1977 3499 2080 3530 eodem
2102 3498 2282 3535 habentibus,
2297 3494 2336 3531 ό
2374 3506 2460 3536 1419.

1283 3544 1425 3611 tmssgc&
1446 3580 1523 3618 super
1545 3578 1620 3608 Pace
1644 3576 1735 3621 finali,
1754 3586 1787 3607 ac
1808 3577 1943 3607 omnibus
1956 3576 1990 3607 δε
2003 3575 2115 3613 fingulis
2131 3573 2338 3610 Incidentibus,
2352 3541 2451 3609 2⁶57

1285 3619 1517 3658 Emergentibus,
1537 3615 1787 3654 DependentibuS,
1806 3616 1839 3646 &
1853 3613 1998 3645 Connexis
2012 3615 2049 3645 ab
2063 3613 2176 3649 eadem,
2270 3649 2275 3654 ²
2289 3649 2295 3655 ‘
2352 3613 2416 3641 [bid.

1322 3657 1359 3687 Et
1373 3656 1533 3695 generaliter
1549 3654 1627 3692 super
1642 3654 1775 3684 omnibus
1787 3655 1819 3685 &
1834 3653 1961 3692 lingulis,
1979 3652 2131 3691 Qietem,
2148 3648 2339 3687 Tranqutlita-

1288 3706 1347 3729 tem
1358 3719 1367 3734 ,
1384 3696 1417 3726 δε
1434 3694 1537 3724 Pacem
1550 3692 1692 3730 utriusque
1706 3691 1806 3729 Regni
1817 3690 2081 3727 Concernentibus,

1326 3735 1345 3753 ²*
1370 3732 1403 3763 In
1427 3732 1559 3763 omnibus
1581 3731 1614 3762 &
1635 3731 1745 3769 singulis
1769 3730 1870 3767 Locis,
1887 3740 1920 3760 ac
1943 3737 2044 3759 totiens
2060 3727 2188 3765 quotiens
2208 3726 2247 3755 eis
2269 3724 2342 3763 Sex,
2359 3719 2379 3739 ¹¹³
2398 3719 2454 3752 IX·

244 3772 294 3803 De
314 3773 475 3814 Fidelitate,
495 3774 777 3813 Circumspestione,
803 3774 837 3804 &
860 3771 1016 3810 Industria,
1033 3771 1202 3802 dilectorum
1222 3769 1255 3801 &
1292 3773 1429 3811 Quinque
1441 3795 1450 3809 ,
1476 3771 1609 3809 Quatuor
1625 3792 1635 3806 ‚
1656 3769 1701 3813 vel
1723 3769 1830 3813 Tribus
1849 3767 2018 3809 eorumdem
2038 3765 2176 3797 videbitur
2199 3763 2345 3802 expedire,
2357 3768 2392 3796 75
2398 3767 2421 3785 ¹·

207 3810 345 3841 Fidelium
358 3812 538 3851 nostrorum,
555 3816 667 3844 Henrici
678 3815 743 3842 Fitz
756 3811 839 3847 Hugh
854 3810 1026 3848 Camerarii,
1046 3810 1162 3840 Walteri
1177 3813 1258 3841 Hun-
1294 3809 1512 3847 Conveniendi,
1531 3806 1792 3844 Commumcandi,
1808 3808 1841 3838 δε
1857 3804 2027 3841 Τῑαᾶαηάι,

1330 3849 1426 3886 Atque
1448 3847 1545 3878 omnia
1566 3847 1598 3877 ὅ(
1619 3845 1741 3885 fingula,
1765 3855 1816 3882 pro
1839 3852 1916 3886 parte
1937 3841 2049 3878 nostra,
2067 3840 2108 3884 ¹ad
2129 3847 2291 3884 perpetuam
2311 3840 2352 3870 rei

1298 3887 1465 3931 memoriam
1474 3909 1485 3923 ,
1505 3887 1539 3917 &
1549 3885 1628 3915 Pacis
1640 3893 1783 3927 perpetuae
1795 3882 1956 3912 firmitatem
1970 3879 2121 3917 plenariam
2129 3900 2140 3917 ,
2156 3877 2354 3910 finaliterTer-

1301 3923 1533 3994 m¹1QaL¹gdorffig
1530 3921 1804 4003 gencslilpctiessngrlnnibus
1816 3957 1849 3988 &
1865 3955 1991 4000 singulis,
2300 3994 2305 3999 ¹

1342 4001 1390 4031 Ab
1411 4000 1514 4031 eisdem
1533 3997 1780 4029 Ambaffiatonbus
1800 3993 1901 4025 nostris
1921 3993 1995 4031 Sex,
2009 3993 2234 4062 -Quatuordkaut
2252 3992 2360 4037 Tribus

1805 4070 1829 4102 P
1848 4079 1867 4101 2
2204 4030 2363 4107 mmtssj’avrgs
