2562 4274
74 250 153 284 Ann.
163 250 207 282 D.
220 251 325 293 Populi
344 246 466 291 ejusdem
488 248 577 283 Patris
591 252 610 273 *²
625 249 713 284 nostri
733 261 781 285 aut
794 254 958 286 nostrorum
972 254 1161 293 Dampnum‚
1179 263 1280 286 attem-

94 294 181 330 ‘1422.
219 300 314 330 ptam,
330 291 375 322 vel
392 291 484 321 facere
497 293 655 332 attemptari
664 315 673 331 ‚
680 302 728 330 per
742 293 800 323 hoc
814 293 933 331 praesens
948 293 1042 324 noster
1054 295 1141 325 salvus
1156 293 1280 324 Condu⁴

72 334 136 357 Hm·
163 338 193 363 5·
220 331 282 361 <stus
295 340 355 360 non
369 330 488 360 irritetur
501 339 548 361 aut
561 329 763 369 frusterur3sed
771 331 863 362 nlefic
874 331 1111 371 Attemptans,seu
1120 333 1279 369 Attempta—

71 366 94 400 .*
102 367 206 404 X-207-
217 371 240 399 ri
255 369 368 405 faciens,
375 367 467 398 subeat
480 369 657 407 &subjaceat
664 369 762 400 Poenis
776 369 805 400 in
819 379 850 399 ea
856 378 933 410 parte
939 369 1036 401 debitis
1049 372 1083 402 &
1096 371 1258 409 condignis:

255 406 375 438 Proviso
396 407 480 437 etiam
499 407 579 447 quod
595 405 730 451 praefatus
752 408 852 437 Frater
870 406 957 452 noster
975 411 1126 449 praemittat
1145 409 1279 448 quosdam

214 444 252 476 de
264 445 407 476 Gentibus
419 444 486 482 suis,
498 446 532 475 ad
548 444 800 476 Praemumendum
817 446 986 484 Capitaneos
1000 448 1045 478 seu
1062 446 1203 478 Custodes
1220 447 1281 477 Lo-
1329 487 1338 489 ‚

215 493 338 520 corum,
356 482 389 513 ad
409 493 474 521 quae
493 484 584 522 ipsum
605 485 700 514 venire
721 484 755 514 &
769 484 910 517 declinare
924 487 1076 525 contigerit
1090 509 1100 524 ,
1119 486 1164 518 vel
1179 495 1278 517 eorum

215 522 443 560 Locaoenenoes,
457 521 493 552 de
507 522 642 553 Adventu
657 522 707 552 suo
722 520 756 552 ad
770 523 879 554 eadem.

255 559 290 589 In
309 561 404 599 cujus,
419 562 481 592 &a
494 560 578 599 usque
591 560 887 600 Qintumdecimum
898 562 975 593 diem
986 562 1065 602 Junii
1081 564 1217 601 proximo
1234 564 1280 594 fu—

215 605 313 629 turum
328 598 463 629 inclusive
478 598 627 629 duraturas.

210 674 241 705 ἀ,
252 636 450 706 TgsteTRege
475 637 548 675 apud
567 637 690 677 Castrum
700 636 781 676 ficum
798 638 958 677 Rothomagi
975 662 985 678 ,
1011 639 1158 670 Vicesimo
1179 645 1276 678 quarto

234 685 260 707 ie
327 685 348 705 ri
360 685 390 705 isi

306 684 326 714 p
880 719 936 747 Per
953 714 1035 756 ipfitm
1053 718 1158 754 Regem.

256 789 407 830 Confimiles
425 789 537 820 Literas
555 793 632 830 Regis
650 792 682 821 de
693 791 778 831 fizlvo
804 793 942 823 Condutlu
958 816 967 830 ,
986 792 1040 832 fit&
1060 794 1151 823 eadem
1171 797 1252 824 Data
1263 818 1273 832 ,

212 828 294 858 habet
323 829 400 858 idern
425 829 494 859 Dux
511 830 590 870 ustae
609 830 712 869 Festum
730 832 906 862 Nativitatis
926 833 1019 862 Sandli
1037 831 1177 871 Johannis
1196 835 1272 871 Bap-

210 867 280 908 tistae
295 866 417 905 proximo
429 866 558 906 futurum
576 869 732 898 duraturas.

208 990 260 1022 De
273 989 365 1034 fhlvo
395 991 547 1025 condutta
569 1002 625 1038 pro
649 993 782 1025 Praelrttis
798 996 833 1032 <3⁴
857 991 1024 1026 Baronibus
1044 993 1080 1027 de
1097 996 1268 1028 Britannia.

61 1045 196 1126 “infif‘
211 1074 332 1129 REX
347 1076 470 1115 eisdem,
487 1076 547 1107 εις.
566 1076 700 1109 Salutem.

59 1129 114 1155 An·
133 1136 175 1152 10,
318 1113 417 1146 Sciatis
433 1115 530 1154 quod,

62 1169 98 1194 H·
113 1174 139 1199 5·
247 1150 343 1191 Cum,
361 1155 517 1184 carissimus
531 1154 626 1185 Frater
638 1154 748 1193 noster,
765 1153 910 1192 Johannes
924 1158 994 1186 Dux
1014 1159 1189 1195 Britanniae,

59 1207 199 1231 Normuo.
245 1189 307 1230 Qii
321 1214 331 1229 ,
354 1193 436 1223 certis
455 1193 488 1223 &
506 1194 671 1230 urgentibus
688 1194 724 1224 de
740 1193 824 1224 causis
839 1218 850 1232 ,
874 1193 910 1225 de
925 1195 1073 1235 praesenti,
1099 1206 1159 1225 non
1183 1194 1272 1233 valet,

59 1245 94 1269 H.
114 1249 142 1275 5·
209 1235 241 1258 ut
259 1230 361 1273 dicitur
374 1254 384 1270 ,
409 1231 493 1272 usque
511 1231 692 1264 Praesentiam
711 1232 855 1272 nostram,
875 1234 905 1264 in
930 1234 1053 1265 Persona
1077 1234 1125 1265 sua
1142 1234 1273 1272 propria,

206 1276 304 1298 venire

77 1287 172 1315 ηιμ
243 1291 378 1345 Qua'tuor
400 1307 534 1340 Praelatos
555 1311 590 1341 &
613 1309 667 1341 Sex
689 1308 830 1349 Batones,
856 1310 893 1340 de
916 1310 1032 1341 Ducatu
1053 1311 1086 1341 &
1112 1309 1201 1341 Patria
1221 1309 1273 1340 suis

203 1343 370 1384 Britanniae,
392 1357 460 1378 cum
483 1347 622 1379 Potestate
642 1348 759 1386 plenaria
783 1349 816 1379 &
839 1348 1007 1387 sufficienti,
1034 1349 1168 1379 Nomine
1189 1349 1272 1388 ipsius

205 1384 313 1414 Fratris
327 1385 411 1425 nostri
428 1397 462 1418 ac
481 1386 586 1417 Trium
600 1387 727 1418 Statuum
744 1386 877 1418 Ducatfis
891 1388 925 1418 &
939 1387 1039 1418 Patriae
1055 1387 1270 1425 praedffiorum,

203 1421 290 1461 usque
309 1422 488 1456 Praesentiam
509 1426 634 1456 nostram
657 1425 838 1464 praedkstam,
854 1436 907 1464 pro
931 1425 1016 1457 Bono
1038 1426 1135 1465 Pacis,
1160 1427 1270 1456 mittere

203 1469 344 1499 proponat
358 1470 389 1493 ut
403 1464 582 1503 accepimus,
665 1476 670 1483 ·

241 1499 328 1539 Nos,
346 1502 419 1539 ipsos
466 1511 564 1533 uatuor
587 1502 719 1533 Praelatos
734 1503 767 1533 δε
783 1502 836 1533 Sex
849 1502 971 1534 Barones
990 1505 1000 1539 (
1030 1513 1079 1534 uos
1093 1502 1128 1533 ad
1143 1502 1200 1532 hoc
1219 1501 1272 1533 du-

208 1539 269 1568 xeri
287 1538 461 1579 deputandos
503 1542 585 1579 usque
600 1541 782 1572 Praesentiam
792 1541 916 1571 nostram
926 1552 1009 1580 ,cum
1056 1541 1157 1572 ilitibus
1170 1541 1203 1571 &
1216 1540 1274 1570 aliis

203 1575 347 1608 Gentibus
361 1579 412 1609 suis
427 1581 457 1609 in
474 1579 623 1611 Comitiva
638 1580 699 1618 sua,
718 1579 801 1618 usque
816 1580 849 1610 ad
862 1580 1033 1611 Numerum
1049 1579 1269 1610 Trescentarum

200 1613 385 1647 Personarum
399 1617 446 1648 vel
461 1619 548 1657 infra,
568 1619 772 1657 cujuscumque
786 1617 896 1656 Statfis,
913 1617 1046 1657 Gradus,
1064 1617 1124 1653 &a
1141 1624 1174 1646 ut
1186 1616 1272 1656 supra

203 1651 245 1692 us
253 1664 285 1683 ue
305 1654 352 1693 ibi,
367 1655 461 1687 debite
475 1658 637 1695 reformari,
657 1656 695 1690 ὠ
714 1663 777 1685 tunc
788 1655 847 1696 fic,

265 1694 357 1725 roviso
376 1695 484 1734 semper
505 1696 585 1734 quod
602 1695 692 1725 nullus
706 1703 775 1724 cum
792 1694 914 1732 praefatis
928 1694 1054 1725 Praelatis
1069 1695 1102 1726 &
1115 1693 1270 1724 Baronibus

199 1733 376 1804 ἐξῃίεηῑίυῐη
390 1735 558 1772 quicquam,
572 1732 633 1768 &a
646 1740 677 1762 ut
683 1732 768 1772 ficpra
786 1731 863 1772 astque
879 1733 917 1765 ibi
927 1756 936 1771 ,
952 1733 1052 1765 debitis
1065 1734 1098 1764 δε
1111 1733 1271 1772 condignis,

258 1776 322 1800 tunc
345 1781 368 1799 lt?

238 1770 358 1840 Provisso
374 1795 464 1840 ’etiam
483 1810 563 1848 quod
585 1810 615 1840 in
640 1809 740 1840 Literis
757 1808 919 1848 Potestatis,
945 1810 1066 1848 praefatis
1089 1809 1212 1841 Praelatis
1233 1810 1268 1840 ὃς

198 1846 373 1886 Batonibus,
389 1857 420 1878 ut
439 1848 604 1886 prnzsermr,
622 1848 735 1885 dandis,
753 1849 931 1880 contineatur
953 1849 1032 1887 quod
1056 1848 1141 1879 iidem
1157 1847 1268 1878 Praelati

199 1888 235 1918 &
258 1885 397 1925 Ramnes,
418 1887 455 1917 sic
469 1887 615 1925 mittendi,
636 1886 736 1916 Nobis
751 1885 855 1924 poffint
871 1888 904 1918 ὃς
918 1886 1038 1918 debeant
1051 1888 1216 1925 promittere
1234 1886 1268 1917 δε

200 1925 271 1955 Nos
291 1924 443 1955 assecurare
457 1925 536 1963 quod
545 1948 555 1963 ‚
572 1924 776 1964 quodcumque
786 1924 987 1963 Juramentum
1005 1926 1091 1956 iidem
1106 1925 1218 1955 Praelati
1233 1925 1267 1955 &

200 1962 340 2002 Barones,
358 1965 478 1994 nomine
488 1963 566 2004 ipsius
584 1966 681 1994 Fratri
696 1963 778 2002 nostri
797 1974 830 1994 ac
846 1964 952 1995 Trium
970 1964 1099 1996 Statuum
1115 1963 1268 2004 praeditsto-

200 2011 282 2039 rum,
299 2001 504 2042 praestiterunt,

236 2040 280 2071 Sit
295 2041 330 2070 de
346 2040 451 2071 PACE
469 2061 480 2078 ,
507 2042 580 2072 inter
606 2040 839 2079 praecariffimum
866 2044 979 2071 Patrem
1004 2040 1119 2082 nostrum
1134 2039 1268 2071 Karolum

199 2082 297 2118 Regem
313 2081 435 2109 Franciae
454 2079 487 2110 &
503 2081 564 2109 Nos
582 2089 615 2110 ac
634 2080 761 2110 Franciae
778 2081 811 2111 &
830 2080 945 2118 Angliae
963 2080 1069 2117 Regna
1087 2088 1176 2118 nuper
1194 2089 1268 2109 con-

200 2118 277 2149 clusa
296 2119 329 2149 &
344 2117 542 2157 concordata,
566 2117 883 2149 CUSTODIENDA
903 2119 936 2150 &
956 2118 1268 2156 OsssnRvANDA,

198 2156 245 2188 seu
263 2156 338 2187 aliud
358 2156 578 2195 quodcumque,

236 2195 312 2225 Idem
329 2197 429 2225 Frater
448 2195 534 2236 noster
552 2193 755 2227 nichilominus
771 2196 801 2226 in
818 2195 940 2227 Persona
958 2195 1003 2227 sua
1020 2195 1097 2226 idem
1110 2193 1260 2235 Juramen-

196 2241 261 2266 tum
279 2235 387 2264 iterabit
403 2234 437 2265 ὃς
450 2233 608 2274 praestabit,

222 2298 224 2300 .
238 2272 276 2304 Et
290 2273 369 2311 super
382 2273 739 2312 hujusmodijuramento,
756 2272 829 2304 dum
845 2273 930 2304 fuerit
944 2282 993 2313 per
1007 2282 1074 2303 eum
1089 2272 1265 2311 praestitum,

199 2313 258 2342 suas
277 2310 398 2350 Lsteras,
417 2311 466 2341 suo
489 2311 601 2350 Magno
624 2312 723 2349 Sigillo
740 2311 876 2351 Sigillatas
890 2312 923 2342 &
939 2321 1022 2342 manu
1037 2311 1083 2343 sua
1098 2311 1211 2349 propria
1227 2311 1263 2341 si-

195 2358 313 2389 gnatas,
329 2349 416 2380 tradet
437 2357 483 2381 aut
505 2351 598 2382 mittet
618 2350 732 2387 Nobis,
758 2360 826 2380 cum
841 2350 965 2389 effectu,
984 2351 1056 2381 infra
1070 2350 1177 2389 Viginti
1193 2348 1264 2381 Dies

198 2399 215 2420 a
238 2397 366 2429 ternpore
383 2388 515 2428 praediCti
529 2389 686 2428 Juramenti
707 2388 820 2428 praestiti
839 2397 894 2427 *per
918 2390 1048 2428 praefatos
1074 2388 1211 2419 Praelatos
1229 2389 1264 2420 &

199 2427 394 2466 Barones,sub
407 2427 559 2465 Ypotheca
575 2429 609 2460 ὃς
624 2427 812 2467 Obligatione
825 2429 959 2459 omnium
973 2427 1122 2459 Bonorum
1137 2428 1263 2467 suorum,

197 2466 352 2497 mobilium
365 2467 400 2498 &
414 2466 624 2505 immobilium;

234 2504 352 2536 Proviso
376 2504 488 2542 insuper
512 2505 593 2542 quod
615 2504 724 2545 praefati
745 2504 856 2536 Praelati
885 2507 918 2538 ὃς
941 2505 1063 2536 Batones
1084 2505 1260 2543 praemittant

196 2544 334 2584 quosdam
352 2565 362 2582 ,
373 2541 434 2578 &c.
457 2549 488 2573 ut
504 2543 593 2583 fhpra
612 2543 690 2584 usque
706 2544 745 2574 ibi
755 2567 765 2582 ,
787 2544 823 2575 de
837 2545 960 2576 adventu
975 2544 1025 2575 suo
1038 2544 1073 2576 ad
1088 2544 1204 2582 eadem,
1219 2541 1258 2578 ό·

193 2592 259 2614 tunc
287 2591 311 2612 ιι

234 2582 392 2661 Iustinus,
425 2623 488 2654 &c.
513 2620 599 2661 usque
622 2621 916 2661 Quintumdecimum
937 2621 1016 2653 diem
1033 2621 1103 2661 Julii
1126 2621 1261 2660 proximo

196 2660 325 2692 futurum
340 2660 490 2692 duraturas.

194 2735 223 2767 d·
237 2698 434 2768 Tgstquege
454 2698 529 2738 apud
548 2698 670 2738 Castrum
681 2698 761 2738 fiaeum
776 2699 934 2739 Rothomagi
950 2722 960 2738 ,
991 2698 1140 2731 Vicefimo
1164 2706 1264 2738 quarto

215 2746 242 2767 ie
288 2747 371 2775 prus.

247 2866 296 2902 De
314 2864 405 2913 flzlvo
432 2868 585 2902 Condnflu
601 2880 657 2916 pro
673 2870 816 2918 Triginta
836 2870 970 2917 Perfimis
990 2869 1026 2904 de
1043 2872 1214 2905 Britannia.

43 2937 126 2969 Arm.
140 2936 182 2968 D.

70 2985 157 3014 1422.

48 3018 102 3042 An.
123 3025 165 3042 ω.
279 3003 413 3031 proxrmo
425 2992 554 3024 futurum
567 2994 727 3032 duraturas,
744 2993 860 3031 suscepit
874 2996 903 3024 in
915 2994 1039 3033 salvum,
1057 2996 1118 3026 &c.
1138 2995 1262 3032 Trigin-

198 3035 226 3072 t32
249 3030 384 3062 Personas
401 3032 622 3070 (cujuscumque
643 3028 753 3070 Status,
769 3030 903 3070 Gradus,
921 3041 968 3063 aut
991 3032 1176 3064 Conditionis
1198 3035 1259 3064 fue-

199 3068 274 3105 rint)
293 3069 422 3101 Armatas
435 3070 480 3100 vel
493 3081 552 3101 non
565 3071 709 3108 Armatas,
726 3081 791 3108 quas
803 3070 958 3101 carissimus
972 3070 1065 3101 Frater
1079 3071 1186 3110 Regis,
1203 3072 1258 3111 Jo-

198 3104 303 3174 halnnesj
320 3111 390 3137 Dux
411 3109 569 3141 Britanniae
591 3119 678 3148 penes
697 3110 828 3148 Regem,
846 3118 899 3147 pro
920 3108 1003 3140 Bono
1025 3105 1123 3149 Pacis,
1147 3112 1259 3143 mittere

195 3153 336 3222 νοῦῗὲιξὲ
355 3182 539 3215 Praefientiam
560 3185 668 3225 Regis,
690 3188 870 3225 ubicumque
892 3187 983 3225 ipsum
1005 3186 1066 3217 fore
1088 3188 1258 3228 contigerit,

196 3220 348 3260 Pedestre,
368 3222 412 3253 vel
430 3221 588 3262 Equestre,
605 3226 662 3255 una
677 3234 746 3257 cum
761 3226 873 3264 Libris,
892 3225 1009 3263 Locris,
1028 3225 1181 3265 Manticis,
1199 3227 1255 3257 Bo-

194 3261 268 3300 geis,
288 3261 391 3305 Bonis,
404 3260 524 3305 Rebus,
542 3260 692 3301 Cariagiis‚
716 3265 749 3295 &
774 3264 916 3295 Hernefiis
943 3264 994 3294 suis
1019 3265 1257 3305 quibuscumque,

193 3299 351 3369 vegeielnltciicg,
370 3299 479 3330 ibidem
500 3299 657 3339 morando,
675 3303 708 3333 &
728 3303 830 3334 exinde
848 3303 922 3335 salvo
940 3304 973 3335 &
987 3303 1082 3334 secure
1097 3303 1131 3334 ad
1145 3306 1260 3344 propria

194 3347 381 3421 re³¹¹Provis0
403 3373 510 3421 semper
530 3376 610 3415 quod
630 3375 763 3408 Personae
784 3378 929 3416 praedietae
948 3381 1119 3420 quicquam,
1135 3380 1213 3421 quod
1228 3382 1258 3413 in

192 3414 446 3493 praguitdssggilgsi
457 3417 570 3485 &lilium
586 3453 755 3486 Castrorum
764 3477 774 3494 ,
789 3455 850 3487 &c.

231 3491 324 3524 Teste
342 3501 372 3524 ut
389 3491 476 3531 supra.

77 3075 148 3120 ibib.

47 3368 179 3401 ¹'‘Xaoss.

845 3532 901 3562 Per
917 3529 1000 3572 {osiam
1018 3535 1124 3571 Regem.

418 3667 477 3698 Pro
507 3667 610 3699 Priore
627 3667 664 3703 ὠ·
684 3666 837 3698 Conventa
854 3664 890 3698 dc
908 3668 1033 3716 Bernay.

45 3718 177 3798 ἫΖῙΞ)
194 3747 331 3805 REX,
347 3750 455 3824 (12εᾶὶὲ
468 3749 644 3821 ὅεὸἒῑΙάξΙίῢιιε
658 3749 726 3789 suis,
739 3747 916 3790 Thesaurario
930 3751 1018 3790 για-[ἔνο
1032 3750 1162 3783 Generali
1178 3754 1256 3783 Nor-

46 3800 100 3825 An.
120 3808 161 3827 10·
267 3798 360 3817 manna
390 3810 400 3826 ‚
456 3800 476 3820 c.
537 3800 554 3820 u
568 3799 624 3820 em.
670 3825 681 3836 Α
777 3827 782 3833 ·
797 3826 802 3833 ⁴
1178 3831 1182 3836 ,

45 3840 134 3903 §¹221
142 3886 183 3907 ,0,
196 3823 1254 3912 frffisgsff‘tiettffasisinat&bssssssofzssussifsszssnffiss‘fflt:

77 3934 84 3940 ,
131 3935 137 3942 ,
193 3904 276 3933 batiae
298 3901 385 3931 beatae
406 3905 509 3946 Mqriae
524 3906 556 3935 de
571 3908 681 3945 Bernay
698 3904 868 3936 omnimoda
885 3905 1015 3943 Fructus,
1035 3905 1251 3949 Obventiones,

47 3958 82 3980 m,
97 3960 111 3978 2
135 3940 321 3981 ·d‚Proficua
335 3962 345 3978 ,
378 3939 641 3985 &¹1:5molumenta
664 3953 852 3982 quaecumque
877 3942 1095 3982 Temporalium
1121 3945 1252 3976 Abbatiae

116 3960 130 3989 3
191 3979 353 4018 praedi&ae‚
371 3978 438 4023 sibi,
451 3979 523 4010 infra
543 3981 694 4013 Ducatum
715 3981 845 4012 nostrum
860 3980 1071 4020 Normanniae,
1088 3984 1253 4021 pertinentia

192 4020 227 4050 &
249 4017 415 4061 speetanua,
433 4016 519 4056 usque
539 4018 655 4051 Festum
677 4020 780 4065 Saneti,
794 4019 1095 4068 Michaelis-proximo
1108 4020 1252 4060 fututum,

192 4057 317 4096 Levaoe,
334 4054 501 4096 Percipere,
519 4055 554 4089 &
565 4056 691 4098 Habere,
708 4069 741 4092 ac
756 4058 859 4092 eisdem
874 4067 985 4091 interim
999 4059 1087 4091 libere
1102 4061 1136 4092 &
1151 4060 1254 4099 absque

261 2953 420 2998 EXQper
444 2953 550 2985 Literas
575 2954 632 2986 suas
656 2955 788 2986 Patentes
800 2978 811 2994 ,
836 2956 922 2994 usque
944 2955 1060 2987 Festum
1079 2955 1279 2987 Pentecostes·

1330 164 1801 215 PUBLICA.
2336 185 2404 234 ⁶3⁴

1318 253 1533 293 impedimento
1550 257 1646 295 aliquo
1667 260 1708 301 uti
1731 261 1765 291 ὃς
1779 260 1899 299 gaudere
1919 263 2109 300 permittati33
2132 263 2224 302 aliquo
2243 263 2382 296 Mandato
2400 266 2475 296 Ann.
2490 267 2541 301 D.

1319 294 1435 332 nostro,
1462 296 1561 334 vobis,
1585 297 1631 327 seu
1648 297 1729 327 alicui
1748 298 1891 338 vestrum,
1917 302 1947 330 in
1973 302 2147 331 contrarium
2172 302 2296 340 directo,
2321 314 2382 334 non
2420 313 2505 343 1422.

1320 332 1461 363 obstante.
1668 372 1673 376 ι
2400 347 2464 371 Hm.
2477 352 2505 379 5.

1320 370 1550 447 digggguffege
1570 372 1642 409 apud
1664 373 1788 412 Castrum
1804 373 1886 414 ficum
1910 376 2085 415 Rothomagi,
2104 377 2238 408 vicesimo
2261 377 2382 416 septimo

1318 534 1427 566 Litera
1442 534 1533 580 fhper
1557 534 1687 582 Negotia
1712 535 1901 581 Ambaffiatae
1915 552 1983 572 cum
2001 542 2201 586 Imperatore,
2227 553 2304 574 nunc
2322 544 2381 573 Bo-

1363 579 1462 615 hemiae
1480 587 1576 630 Rege,
1600 583 1652 617 ubi
1670 588 1834 631 lmagnatcs
1851 590 1882 618 in
1900 589 1943 620 Re
1965 588 2124 635 Religionis
2145 594 2261 622 omnino
2276 590 2379 622 nolunt

1364 631 1417 676 ipsi
1434 633 1630 677 complacere,
1655 633 1733 666 unde
1754 634 1919 680 [mpeditus
1942 637 2111 669 nullatenus
2135 638 2256 680 valeat,
2277 639 2379 683 juxta

1364 679 1552 725 Alligantias
1568 683 1604 719 (ῤ’
1624 682 1739 724 Passa,
1763 685 1839 729 Regi
1857 683 1906 728 effi>
1923 685 2064 718 Auxilio.

1335 763 1393 814 711
1398 763 1657 804 osTWorfhspfid
1670 767 1730 796 and
1747 764 1893 797 Reverend
1904 768 1997 806 Lord,
2015 767 2029 798 Ι
2046 770 2216 802 recomande
2240 780 2288 802 me
2303 780 2374 804 unto
2392 740 2438 810 A?
2431 739 2527 820 5221)

1408 809 1481 832 zour
1496 805 1640 842 graciouse
1656 804 1842 845 Lordschipp,
2391 823 2434 846 An
2463 830 2494 847 10

1349 836 1418 868 And
1441 840 1477 870 of
1493 841 1634 881 touching
1653 843 1797 874 Lebarde's
1819 843 1966 883 Meflage,
1985 845 2074 876 whilk
2094 846 2130 877 he
2151 847 2254 878 brohte
2276 857 2307 879 to
2324 850 2373 880 the
2391 861 2427 884 H.
2439 842 2473 893 ⁸5,
2499 843 2506 849 ⁴

1310 872 1368 904 Em
1390 878 1498 916 eror,I
1522 881 1593 912 have
1615 881 1678 920 sped
1702 883 1762 912 him
1785 883 1813 912 in
1836 883 1870 912 all
1885 883 1931 913 the
1945 883 2021 914 haste
2036 884 2094 914 that
2111 885 2123 914 I
2142 886 2251 924 might,
2269 887 2298 917 so
2312 887 2372 919 that
2388 900 2429 923 Ex
2446 900 2506 923 Au-

1310 909 1357 942 the
1401 925 1515 961 mperor
1526 919 1576 961 has
1590 919 1697 950 fultilde
1707 920 1741 964 all
1755 930 1826 951 zour
1839 921 1924 951 desire
1940 921 1977 965 of
1985 923 2044 952 that
2058 921 2194 962 Message.
2387 941 2452 970 203„

1347 952 1415 984 And
1438 956 1466 985 if
1479 965 1500 987 it
1514 956 1569 987 like
1582 966 1653 988 zour
1666 960 1802 996 gratiouse
1816 959 1974 997 Lordschip
1989 961 2034 990 for
2048 968 2080 990 to
2096 962 2180 991 knaw
2193 962 2229 991 of
2241 971 2289 1001 my
2304 964 2369 995 Go-
2387 979 2443 1001 pen.
2454 973 2522 1002 clerd

1307 999 1484 1032 vernaunce,
1503 995 1549 1025 sen
1563 1005 1640 1034 tyme
1652 996 1735 1028 thatI
1750 997 1809 1028 sent
1822 1007 1891 1028 zow
1904 998 1954 1028 last
1970 999 2068 1036 word,
2088 1000 2125 1029 be
2142 999 2251 1030 Master
2267 1002 2366 1039 Johan
2385 1011 2448 1039 pell,

1307 1030 1417 1075 Stoker,
1437 1033 1472 1062 be
1496 1032 1619 1072 Muthe,
1637 1034 1693 1065 and
1714 1036 1802 1067 nohte
1824 1037 1860 1073 by
1885 1036 1999 1075 Letter,
2018 1038 2071 1067 and
2089 1038 2146 1067 also
2159 1039 2255 1078 afore,
2274 1042 2309 1071 be
2322 1042 2370 1072 the

1311 1065 1491 1102 Provinciale
1503 1075 1627 1110 Diprant
1644 1073 1698 1103 and
1714 1074 1809 1113 Hanfi²
1827 1073 1863 1114 of
1868 1079 1886 1104 S
1902 1075 1990 1115 ruse,
2008 1077 2043 1106 be
2060 1075 2158 1107 Letter
2170 1077 2244 1113 also,

1347 1106 1433 1145 And,
1450 1111 1520 1140 after
1535 1112 1594 1142 that
1611 1111 1719 1143 Mastet
1733 1113 1832 1151 Johan
1849 1114 1939 1143 Stokes
1954 1114 2038 1144 wasse
2055 1124 2147 1152 gone,
2168 1116 2216 1146 the
2231 1116 2373 1156 Emperor

1311 1142 1391 1183 sayde
1413 1156 1443 1176 to
1463 1158 1510 1178 me
1531 1150 1640 1189 planly,
1656 1150 1715 1182 that
1736 1151 1749 1181 Ι
1770 1152 1826 1182 suld
1841 1153 1913 1182 noht
1926 1161 2002 1190 gone
2016 1153 2110 1183 frome
2126 1153 2193 1193 hym
2208 1164 2279 1185 unto
2293 1165 2370 1194 tyme

1311 1183 1396 1214 thatl
1414 1185 1489 1216 sulde
1509 1197 1584 1227 wyte
1605 1189 1719 1220 wheder
1743 1190 1779 1220 he
1801 1190 1891 1228 might
1914 1200 2000 1221 corne
2024 1197 2055 1222 to
2069 1200 2136 1222 zow
2150 1193 2203 1222 this
2219 1193 2322 1224 Somer
2337 1205 2372 1225 or

1311 1222 1402 1261 nolit,
1416 1224 1470 1254 and
1485 1225 1641 1264 thereopon
1658 1228 1693 1258 he
1708 1223 1770 1258 hase
1784 1229 1886 1259 holden
1905 1238 1952 1259 me
1964 1230 1997 1259 all
2011 1240 2073 1270 way
2089 1240 2161 1260 unto
2177 1232 2231 1261 this
2248 1233 2327 1262 time.

1350 1260 1417 1292 And
1439 1273 1508 1294 now
1530 1263 1545 1293 Ι
1566 1265 1649 1296 knaw
1668 1267 1733 1296 well
1755 1267 1790 1297 he
1811 1277 1875 1307 may
1890 1269 1962 1298 noht
1976 1278 2061 1299 come
2075 1269 2120 1298 sor
2134 1270 2188 1316 this
2202 1271 2295 1309 cause,
2312 1271 2371 1302 that

1309 1300 1461 1382 ἒὲἓζῑὲἷῗ,
1472 1301 1522 1370 2¹23
1541 1303 1804 1373 {gsiffhffisdsffthssf
1820 1305 2137 1382 ῗῗὲἓῗὲἧᾶᾕὲἒὲἳξί
2148 1310 2373 1385 δῇἵῧὲῗέῗιῖὲῦξ

1308 1376 1436 1443 ζὲςυιτεᾰ
1460 1378 1528 1419 hym
1542 1380 1588 1410 for
1602 1389 1633 1411 to
1647 1380 1701 1412 late
1717 1381 1786 1412 hem
1802 1380 1881 1412 balde
1895 1383 1943 1413 the
1956 1383 2031 1414 same
2045 1383 2147 1416 Beleve
2163 1386 2222 1416 that
2240 1386 2298 1416 thei
2312 1388 2368 1418 ben

1307 1424 1316 1443 1
1357 1424 1363 1443 :

1342 1452 1410 1498 The
1423 1456 1533 1494 qwhilk
1541 1455 1660 1489 Articles
1673 1455 1728 1490 and
1741 1468 1813 1497 your
1828 1458 1925 1490 Letter
1938 1458 1951 1489 Ι
1964 1459 2035 1491 have
2051 1461 2142 1491 closed
2156 1463 2185 1493 in
2198 1462 2250 1493 this
2260 1462 2367 1504 Letter,

1307 1492 1431 1530 qwhrlke
1450 1496 1506 1526 thei
1522 1497 1593 1527 have
1608 1497 1666 1527 sent
1682 1507 1713 1529 to
1728 1498 1776 1529 the
1793 1497 1936 1536 Emptor,

1346 1530 1413 1562 And
1428 1533 1586 1571 thereopon
1600 1535 1637 1566 he
1650 1536 1709 1567 sent
1722 1536 1788 1567 hem
1802 1536 1966 1574 word,that
1979 1535 2057 1566 rader
2071 1535 2107 1567 he
2122 1537 2217 1569 wolde
2232 1539 2268 1570 be
2283 1539 2368 1572 Dede

1308 1577 1342 1597 or
1355 1570 1392 1600 he
1406 1572 1484 1602 wold
1499 1573 1607 1605 sustene
1621 1575 1688 1604 hem
1702 1576 1731 1605 in
1747 1574 1823 1605 thare
1841 1574 1969 1605 Maleffe-

1348 1604 1415 1638 And
1433 1611 1498 1649 they
1520 1612 1591 1643 have
1611 1612 1719 1644 anfferd
1741 1611 1800 1643 him
1816 1622 1936 1653 agayne,
1952 1612 2012 1644 that
2034 1613 2090 1644 thei
2111 1613 2169 1645 will
2189 1615 2279 1646 rather
2297 1616 2365 1656 Dye

1308 1644 1373 1675 than
1390 1656 1444 1686 goe
1459 1649 1551 1680 frome
1565 1651 1640 1681 thare
1657 1651 1765 1682 Beleve.

1345 1686 1420 1715 And
1435 1686 1487 1716 like
1503 1699 1572 1727 your
1596 1689 1741 1729 Graciouse
1763 1689 1910 1729 Lordfihip
1924 1689 1969 1720 for
1982 1698 2014 1720 to
2027 1689 2129 1728 knaw,
2147 1690 2208 1722 that
2222 1691 2298 1723 there
2313 1694 2336 1723 is
2350 1704 2366 1724 a

1304 1730 1382 1759 grete
1404 1724 1506 1756 Power
1526 1728 1564 1757 of
1581 1728 1663 1765 hem,
1682 1729 1769 1759 bothe
1789 1729 1826 1758 of
1847 1728 1975 1766 Lordys,
1994 1727 2144 1768 Knyghts,
2161 1730 2216 1759 and
2237 1730 2368 1770 Squiers,

1306 1761 1357 1791 bor
1371 1762 1417 1792 the
1428 1764 1552 1802 grettiste
1565 1765 1668 1797 Power
1684 1767 1704 1797 is
1718 1767 1755 1797 of
1766 1764 1961 1797 Communers
1983 1777 1988 1796 :
2012 1767 2066 1798 and
2081 1767 2221 1798 therefore
2235 1769 2283 1799 the
2296 1769 2368 1800 Em·-

1305 1808 1374 1836 pror
1388 1801 1506 1833 Gedirse
1519 1804 1553 1834 all
1568 1805 1617 1835 the
1629 1803 1734 1836 Power
1750 1806 1806 1836 that
1821 1805 1856 1835 he
1869 1815 1950 1845 may,
1967 1805 2013 1835 for
2029 1814 2060 1835 to
2076 1807 2227 1850 gonelinto
2240 1807 2369 1852 Boheme

1305 1840 2142 1922 sssssssshssssssse'12‘iikssf‘ssgwffssv‘2202'3ssss¹1}2¹3512‘21ilr¹1³¹i¹2etff1¹1³5
2153 1840 2366 1916 ‘ississtgstgifflt

1304 1914 1351 1958 the
1371 1915 1496 1961 Empror
1514 1918 1578 1950 hase
1595 1919 1719 1958 charged
1741 1931 1789 1952 me
1803 1920 1925 1961 habyde‚
1944 1921 1999 1951 and
2014 1921 2056 1950 see
2069 1931 2103 1951 an
2117 1921 2191 1951 ende
2203 1922 2266 1962 lyke
2282 1924 2320 1954 of
2328 1924 2365 1955 he

1303 1952 1353 1984 did
1370 1965 1454 1992 qwen
1470 1957 1507 1987 he
1519 1966 1598 1988 went
1612 1968 1664 1989 out
1678 1959 1714 1989 of
1723 1959 1863 1996 Hungare
1875 1968 1992 1999 agaynes
2005 1959 2053 1989 the
2066 1959 2180 2000 Turkys
2188 1983 2198 1998 ‚

1341 1992 1410 2024 And
1429 1995 1571 2028 therefore
1582 1996 1596 2027 I
1608 1997 1710 2028 beseke
1724 2007 1828 2036 zowe,
1845 1998 1882 2028 of
1889 2007 1962 2028 zour
1973 1997 2117 2037 graciouse
2131 1998 2307 2039 Lordschip,
2324 2001 2364 2033 als

1303 2030 1392 2071 lauley
1413 2035 1468 2064 and
1487 2035 1526 2065 als
1548 2035 1659 2073 mekely
1677 2036 1714 2067 of
1728 2046 1782 2075 any
1804 2046 1893 2074 poure
1912 2036 2050 2067 Servaunt
2073 2045 2137 2076 may
2150 2037 2227 2068 done
2238 2048 2309 2070 unto
2322 2041 2365 2071 his·

1304 2069 1401 2111 Lord,
1419 2072 1479 2103 that
1497 2082 1533 2103 ze
1553 2075 1589 2104 be
1606 2075 1681 2105 noht
1694 2074 1821 2113 displefid
1836 2075 1873 2105 of
1886 2084 1934 2114 my
1949 2075 2016 2112 lang
2028 2075 2172 2115 habyding
2188 2077 2262 2107 from
2275 2086 2361 2117 zow;

1304 2108 1385 2140 for.I
1406 2111 1488 2141 think
1503 2111 1550 2142 for
1563 2121 1594 2143 to
1608 2122 1694 2143 come
1707 2122 1778 2144 unto
1791 2122 1860 2144 zow
1874 2113 1903 2142 in
1918 2124 1933 2144 a
1946 2113 2024 2144 short
2038 2121 2115 2153 tyme
2124 2137 2133 2152 ,
2147 2114 2184 2144 be
2199 2116 2248 2146 the
2265 2115 2362 2148 Grace

1303 2147 1340 2176 of
1357 2147 1427 2179 God
1436 2172 1446 2188 ,
1463 2150 1517 2181 and
1541 2151 1642 2191 bringe
1654 2160 1738 2183 zowe
1753 2152 1822 2191 redy
1836 2151 1933 2183 worde
1947 2152 1983 2181 of
1989 2152 2041 2182 alle
2053 2161 2167 2183 manere
2181 2154 2262 2193 thing
2274 2156 2363 2194 qwilk

1302 2183 1315 2215 Ι
1329 2186 1401 2219 have
1413 2189 1486 2219 noht
1499 2198 1589 2228 wryte
1603 2198 1676 2220 unto
1690 2200 1763 2230 your
1775 2191 1918 2230 graciouse
1931 2190 2088 2231 Lordschip
2101 2199 2128 2222 at
2144 2192 2197 2222 this
2211 2201 2288 2231 tyme

1338 2224 1363 2254 F
1363 2236 1396 2255 or
1408 2225 1422 2256 Ι
1439 2227 1513 2259 wold
1529 2229 1601 2259 noht
1616 2229 1689 2268 byde
1702 2229 1750 2260 soe
1761 2229 1845 2269 longe
1858 2230 1951 2260 frome
1963 2238 2048 2260 zowe
2060 2252 2070 2268 ‚
2094 2230 2198 2270 savyng
2213 2232 2272 2262 that
2286 2217 2363 2264 she-⁴

1300 2272 1330 2292 re
1351 2263 1421 2295 such
1444 2265 1575 2305 T'ydings
1596 2266 1633 2297 of
1653 2275 1754 2306 zowe,
1773 2268 1831 2299 that
1853 2267 1888 2298 all
1910 2276 1983 2298 zour
1997 2268 2110 2299 Frendis
2127 2269 2164 2298 be
2178 2269 2241 2308 glad
2255 2271 2315 2302 ther
2328 2273 2367 2302 of

1298 2309 1370 2371 zovlyl
1377 2303 1432 2334 and
1449 2312 1537 2336 mure
1552 2305 1791 2345 Werres‚wh0m
1805 2305 1877 2338 God
1892 2306 1954 2338 save
1968 2306 2024 2338 and
2039 2307 2111 2345 kepe
2124 2307 2175 2338 alle
2190 2318 2253 2349 wey
2268 2309 2363 2341 frome

1298 2349 1351 2372 eve
1374 2363 1380 2371 .

1336 2418 1453 2451 Writen
1465 2429 1499 2464 'at
1517 2425 1650 2462 Swyner,
1665 2430 1693 2454 at
1714 2423 1860 2469 departing
1879 2423 1917 2454 of
1927 2423 1946 2443 ⁴¹²
1961 2420 2010 2454 the
2029 2421 2172 2462 Emperor
2194 2427 2285 2466 going
2298 2425 2362 2459 into
2378 2405 2517 2445 *³9²⁹*

1297 2455 1444 2497 Boheme,
1461 2469 1492 2490 in
1506 2462 1554 2492 the
1568 2461 1633 2493 Fest
1646 2462 1683 2492 of
1693 2461 1768 2502 Sayn
1786 2462 1877 2493 Vitale
1890 2462 2012 2502 Martyr.

1619 2541 1660 2569 Be
1678 2550 1747 2570 zour
1760 2549 1844 2578 poure
1860 2543 2019 2579 Servaunt,

1775 2593 2021 2625 HERETONG
2055 2592 2181 2625 Crux.

1334 2668 1493 2708 Sereniffi'mi
1509 2672 1628 2709 Principi
1645 2668 1782 2709 Henrico,
1799 2672 1922 2701 Franciae
1940 2670 2105 2712 Angliaeque
2123 2674 2206 2710 Regi,
2224 2684 2255 2703 ac
2267 2673 2364 2705 Domi}

1295 2715 1330 2735 no
1345 2707 1506 2747 Hiberniae,
1523 2712 1639 2740 Domino
1655 2721 1711 2740 meo
1729 2709 1951 2750 Metuendilfimo.

1297 2831 1409 2863 Contra
1425 2829 1635 2875 Ecclesiasticos
1651 2830 1718 2865 hinc
1737 2831 1804 2865 inde
1820 2842 1965 2880 vagantes
1976 2860 1986 2874 ,
2014 2830 2059 2865 ad
2078 2835 2161 2866 Loca
2184 2835 2316 2867 Inimica
2324 2836 2361 2880 fe

1340 2878 1565 2922 transferentes,
1591 2884 1628 2919 ὠ·
1657 2881 1782 2913 Ρνκὲἶψις
1807 2881 2018 2926 Beneficiorum
2041 2885 2248 2927 percipientes,
2287 2895 2357 2916 cum

1332 2931 1451 2973 penitus
1466 2928 1594 2973 nt’fiitur
1609 2927 1728 2976 Jurati
1737 2930 1800 2973 sint
1816 2941 1923 2971 necne,
1947 2941 1988 2961 an
2009 2929 2236 2976 Non-Jurati.

1295 3006 1415 3069 REX
1441 3011 1559 3044 Vicariis
1587 3017 1617 3044 in
1638 3013 1825 3052 spiritualibus
1845 3012 2096 3054 Archiepiftopatds
2119 3013 2354 3057 Rothomagenfis,
2374 3026 2453 3059 Am,-
2467 3026 2510 3060 D,

1367 3050 1500 3082 Salutem.
2395 3078 2408 3097 Ι
2412 3075 2482 3105 422.

1330 3087 1411 3119 Cum
1435 3091 1580 3122 nonnullae
1611 3090 1743 3121 Personae
1769 3089 1970 3122 Ecclesiasticae
1998 3090 2132 3122 Ducatns
2155 3093 2243 3123 nostri
2270 3092 2356 3123 Nor-
2373 3110 2412 3133 An
2446 3116 2489 3134 ιο,

1293 3128 1432 3166 manniae,
1448 3130 1481 3160 &
1500 3131 1624 3160 maxime
1642 3129 1800 3167 seculares,
1816 3129 2020 3168 praetendentes
2030 3131 2056 3160 se
2073 3129 2181 3161 Fideles
2196 3133 2229 3162 ὅτ,
2248 3130 2355 3170 Subdi-
2372 3129 2458 3179 11¹5.

1293 3173 1337 3195 tos
1359 3166 1470 3197 nostros
1501 3170 1535 3199 &
1553 3168 1717 3207 Juramenta
1739 3166 1888 3199 Fidelitatis
1903 3177 1950 3199 aut
1966 3169 2138 3207 Ligeantiae,
2154 3179 2268 3200 necnon
2285 3169 2352 3200 ΡΑ-
2368 3187 2508 3211 Norm.10,

1291 3213 1308 3234 c
1318 3213 1329 3234 1
1341 3213 1353 3234 s
1362 3228 1373 3243 ,
1390 3206 1461 3236 inter
1503 3207 1713 3238 raecariffimum
1729 3208 1841 3235 Patrem
1856 3206 1973 3245 nostrum
1986 3210 2110 3236 Franciae
2125 3209 2159 3239 δε
2175 3208 2241 3238 Nos
2254 3218 2354 3248 nuper,
2372 3226 2400 3248 H
2423 3230 2451 3256 5,

1291 3243 1409 3275 andtore
1424 3244 1511 3284 Deo,
1528 3245 1662 3283 firmatae,
1678 3244 1852 3284 praestitisse,
1870 3247 1900 3276 in
1914 3245 2037 3276 eundem
2049 3244 2196 3276 Ducatum
2211 3246 2354 3286 nostrum,
2371 3269 2407 3287 m
2424 3267 2470 3287 η.

1292 3282 1326 3312 &
1351 3293 1399 3322 per
1416 3293 1501 3323 eum,
1518 3285 1552 3316 ὃς
1575 3285 1677 3315 abinde
1695 3284 1731 3314 de
1751 3282 1860 3323 Regno
1880 3284 1915 3314 ad
1934 3283 2090 3323 Regnum,
2105 3283 2142 3314 de
2155 3284 2305 3316 Provincia
2317 3287 2352 3317 ad
2371 3298 2423 3326 dor.

1292 3320 1493 3361 Provinciam,
1511 3320 1627 3354 ubilibet
1647 3319 1732 3353 libere
1757 3322 1784 3351 se
1804 3322 1986 3360 transferant,
2004 3323 2088 3353 etiam
2102 3322 2136 3352 ad
2152 3323 2232 3354 Loca
2247 3333 2355 3362 praeca-

1293 3359 1402 3391 riffimo
1416 3359 1492 3391 Patri
1506 3362 1604 3392 nostro
1618 3361 1744 3392 Franciae
1759 3360 1793 3391 &
1806 3360 1905 3391 Nobis
1920 3360 2047 3391 Rebellia
2059 3361 2093 3390 ὅ(
2105 3360 2224 3392 Inimica
2232 3361 2356 3400 ,Causas

1291 3399 1326 3429 &
1347 3398 1521 3431 Occafiones
1539 3400 1697 3438 hujusmodi
1719 3399 1895 3430 Accessuum
1920 3400 1953 3430 δε
1975 3397 2150 3430 Recessuum
2171 3400 2287 3432 suorum
2301 3413 2356 3441 pro

1291 3437 1347 3467 suae
1362 3438 1442 3468 libito
1457 3439 1607 3471 volunt-atis
1621 3437 1833 3477 confingentes,
2319 3475 2322 3476 ⁷

1330 3475 1469 3516 Quorum
1493 3478 1654 3509 nesciuntur
1677 3476 1810 3507 Nomina
1832 3476 1865 3507 &
1887 3475 2089 3515 Cognomina,
2108 3474 2142 3508 &
2158 3486 2193 3508 an
2209 3476 2296 3509 nostri
2310 3478 2356 3509 Fi-

1292 3513 1366 3545 deles
1389 3517 1421 3547 &
1442 3517 1544 3549 subditi
1563 3516 1680 3554 fuerint,
1699 3524 1745 3546 aut
1761 3515 1925 3554 juramenta
1940 3515 2094 3553 supradicta
2107 3515 2205 3547 Nobis
2219 3517 2357 3554 praestite-

1291 3554 1361 3592 rint,
1378 3555 1538 3594 ignoratur,

1330 3593 1517 3635 Fructusque,
1534 3593 1686 3630 Redditus,
1703 3592 1737 3622 &
1758 3590 1916 3622 proventus
1935 3590 2141 3623 Beneficiorum
2156 3592 2285 3632 suorum,
2301 3601 2351 3631 per‘

1292 3633 1334 3670 se,
1353 3631 1386 3662 &
1406 3631 1482 3671 suos,
1501 3634 1530 3662 in
1549 3632 1584 3662 ea
1597 3640 1689 3670 parte,
1709 3630 1857 3668 Fautores,
1876 3629 2095 3668 Procuratores,
2114 3630 2259 3672 Parentes,
2277 3631 2355 3663 Affi÷

1292 3681 1356 3707 nes,
1375 3670 1407 3700 δε
1431 3672 1626 3707 Adhaerentes‚
1645 3679 1679 3699 ex
1698 3669 1810 3707 integro
1831 3669 2006 3708 percipiunt,
2030 3670 2064 3700 &
2082 3670 2195 3699 eosdem
2218 3680 2354 3701 nonnun÷

1291 3718 1377 3750 quarn
1400 3718 1414 3738 a
1435 3710 1517 3740 dictis
1540 3708 1655 3739 Ducatu
1678 3708 1712 3738 δε
1734 3706 1862 3738 Partibus
1875 3707 2035 3744 extrahunt,
2053 3707 2106 3737 diri
2129 3708 2251 3749 iuutz&
2265 3709 2352 3739 trans-

1292 3755 1404 3788 portant
1425 3748 1460 3779 ad
1483 3748 1564 3778 Loca
1582 3746 1752 3784 supradicfta,
1771 3746 1801 3776 in
1824 3745 1925 3776 Divini
1939 3745 2043 3776 Cultus
2057 3746 2090 3776 &
2132 3745 2294 3777 eclesiarum
2308 3747 2351 3777 di⁴

1291 3785 1480 3817 minutionem
1502 3788 1535 3818 &
1555 3785 1778 3822 detrimentum,
1800 3794 1833 3815 ac
1853 3783 1957 3814 Nostri
1973 3783 2132 3821 nostraeque
2154 3783 2210 3813 Rei
2231 3785 2352 3824 publicae

1288 3825 1469 3864 dispendium
1485 3834 1545 3854 non
1560 3823 1710 3854 modicum
1726 3824 1760 3855 &
1796 3832 1942 3859 ravamen,
1959 3830 1989 3852 ut
2005 3822 2207 3860 informamur,

1324 3863 1391 3894 Nos
1410 3864 1572 3902 (cupientes
1588 3863 1616 3892 in
1632 3862 1665 3892 ea
1680 3870 1756 3900 parte
1787 3871 1803 3891 e
1819 3858 1962 3891 Remedio
1973 3869 2109 3903 congruo
2118 3860 2275 3897 provideri)
2294 3869 2349 3893 vo-·

1286 3903 1345 3939 bis,
1362 3902 1481 3933 Tenore
1502 3901 1705 3938 Praesentium,
1722 3899 1910 3937 significamus
1931 3897 2010 3941 quod
2030 3907 2162 3927 omnium
2177 3899 2210 3929 δε
2222 3900 2345 3939 smguto..

1285 3950 1350 3972 rum
1369 3939 1507 3971 Virorum
1527 3939 1806 3974 Ecclesiasticorum,
1825 3936 2007 3975 Regularium
2028 3936 2062 3965 &
2076 3935 2268 3979 Soeukzrium,
2285 3938 2345 3969 Ex÷

1286 3986 1450 4018 emptorum
1469 3980 1502 4010 ὃς
1525 3988 1584 4011 non
1608 3978 1831 4014 Exemptorum,
1856 3976 1883 4004 in
1900 3973 1998 4017 vestris
2017 3973 2141 4005 Civitate
2162 3975 2196 4005 &
2214 3975 2350 4009 Dioecese

1288 4017 1526 4050 Beneficiatorum
1544 4039 1554 4056 ‚
1580 4018 1614 4049 &
1636 4014 1824 4053 imposterum
1846 4012 2107 4044 Beneficiandorum
2122 4033 2134 4052 ‚
2156 4013 2293 4047 Nomina
2318 4018 2353 4049 ὃς

1290 4056 1477 4096 Cognomina
1499 4057 1529 4087 in
1549 4055 1666 4093 Scriptis
1681 4053 1825 4091 redigatis,
2284 4088 2359 4123 Affi·
