2562 4274
25 216 101 247 Ann.
113 216 151 247 D.

46 266 129 291 1421.

23 298 87 322 ΗΜ.
105 305 133 331 5.

48 1579 64 1595 ο
85 1577 124 1608 X·

28 1625 75 1653 44·

176 137 252 182 198

632 133 1435 189 CONVENTIONES‚
1489 133 1912 187 LITERAE,

176 220 348 251 Mandatum
369 219 534 251 admittendi
548 219 744 258 quoscumque
754 245 762 258 ,
779 221 814 252 de
829 220 980 253 Domibus
992 223 1026 254 &
1040 221 1178 259 Hospitiis
1194 218 1238 252 di-
1276 230 1327 252 cus
1342 223 1378 253 de
1394 222 1508 260 Farina,
1526 231 1656 255 tenentur
1670 234 1686 255 a
1700 224 1856 256 Senescallo
1873 221 2070 263 Aquitanniae,
2088 223 2284 263 competentia
2301 221 2345 256 di-
2363 223 2439 258 Ann.
2449 223 2491 260 D.

175 259 291 290 <storum
316 259 533 297 Dominorum,
558 258 765 296 infrascriptos,
793 261 825 290 δε
848 261 932 296 alios,
957 261 991 291 ὃς
1014 270 1114 290 eorum
1137 259 1241 291 Subdi-

176 307 238 336 tOS,
256 299 290 329 ad
313 297 515 327 Obedientiam
537 297 643 334 praefati
667 297 791 328 Domini
811 299 899 329 nostri
915 299 1002 337 Regis
1018 300 1116 329 venire
1135 299 1240 331 volen-

174 344 216 367 tes

213 361 259 406 Ac
271 374 342 412 ipsos
356 375 389 405 ἅ
403 383 504 403 eorum
518 373 696 412 Homagium
711 375 744 405 &
758 375 781 404 F
783 374 932 406 idelitatem
950 374 1136 412 Recipiendi,

216 413 260 443 Ac
278 413 340 449 ipsis
357 412 444 449 (salvo
458 412 565 448 semper
579 413 648 451 Jure
665 412 759 443 Tertii
773 414 865 451 quoad
882 414 984 444 Terras
1000 412 1186 443 Poffessiones
1205 413 1240 444 &

177 451 315 482 Dominia
330 450 478 481 commissa
493 461 685 489 quaecumque
700 452 769 482 citra
783 460 896 490 tempus
911 451 1112 490 Appellationis
1134 451 1241 482 antedi-

176 491 243 521 &ael
265 489 441 518 Reinittendi
456 491 488 520 δε
507 489 665 528 Abolendi‚

216 527 340 567 ipsasque
357 527 456 558 Terras
467 551 475 566 ,
490 526 677 558 Poffessiones
687 552 696 565 ,
711 537 796 565 atque
809 527 948 558 Dominia
964 539 1028 567 quae
1041 528 1164 566 ipsorum
1180 528 1242 558 fue-

176 575 256 603 rant,
275 567 342 596 citra
367 575 477 603 tempus
502 566 704 604 Appellationis
725 567 898 605 saepedirstae,
924 567 953 596 in
980 568 1110 597 manibus
1133 570 1243 596 Domini

178 605 260 646 nostri
285 607 362 642 Regis
385 603 545 642 existentia,
563 606 597 635 &
620 605 687 635 nulli
708 605 785 635 alteri
805 604 950 636 Concessa
965 605 1010 636 vel
1025 605 1160 642 Donata,
1177 614 1241 643 quae

178 642 293 711 degum
305 643 409 673 habere
424 643 546 682 debent,
565 643 712 674 Tradendi
729 644 762 674 ad
779 653 962 681 perpetuum,

251 691 398 712 utntamen
415 682 447 711 ad
462 682 520 711 hoc
537 684 663 712 venerint
679 683 747 712 citra
767 681 884 712 Festum
901 681 1064 713 Nativitatis
1080 681 1176 712 Sancti
1190 682 1243 721 Jo-

177 720 276 751 hinnis
293 720 421 758 Baptistae
439 722 574 758 proximo
588 722 728 751 futurum:

216 758 282 789 Hiis
299 762 370 790 vero
385 760 433 797 qui
451 759 544 789 adhuc
559 758 713 796 superstites
728 759 778 788 sub
796 758 967 789 Obedientia
979 762 1091 789 Domini
1103 762 1180 797 Regis
1196 767 1242 789 aut

175 797 290 829 suorum
305 797 551 828 Praedecefforum
564 797 693 836 fuerunt,
704 798 747 829 vel
761 798 975 828 Sacramentum
987 797 1135 828 Fidelitatis
1148 797 1243 828 eidem

178 837 225 867 seu
239 837 340 868 eisdem
360 836 564 874 praestiterunt,
583 837 646 875 post
661 846 771 873 tempus
799 835 1004 874 Appellationis
1027 836 1173 875 praedic'tae
1209 837 1243 866 ὃς

177 875 274 915 postea
289 875 456 920 rebellarunt
472 877 556 914 (quos
569 875 623 905 suae
636 875 743 905 Gratiae
757 874 874 906 reservat
889 874 980 914 Regia
995 873 1154 912 Cellitudo)
1190 884 1243 904 un-

177 923 252 944 taxat
267 923 335 944 exce
357 924 398 944 tis.

178 960 180 962 ’
215 925 422 991 ITEM,{1uod
437 952 544 988 praefati
559 955 670 982 Domini
683 951 714 980 de
730 950 754 979 le
770 953 872 987 Ereto,
891 951 923 980 ὃ(
942 951 975 979 de
995 952 1097 980 SanC't'a
1117 950 1222 990 Bafilia
1232 975 1242 988 ,

178 990 287 1021 Omnia
310 991 408 1028 Loca,
426 990 545 1028 Terras,
573 989 778 1027 Posseffiones,
803 991 836 1020 ὃς
860 989 1001 1020 Dominia
1022 989 1092 1020 dieti
1118 989 1243 1019 Domini

177 1029 268 1059 nostri
291 1029 377 1061 Regis
400 1029 497 1066 (sitiuae
521 1028 568 1063 ipsi
580 1053 589 1065 ,
607 1038 653 1058 aut
668 1027 798 1057 Personae
812 1027 847 1056 de
863 1038 964 1058 eorum
983 1028 1148 1065 Domibus,
1164 1027 1245 1057 Hos-

177 1070 266 1106 pitiis,
285 1069 318 1099 δε
333 1068 482 1107 Alligantiis
497 1067 648 1104 fiiscriptis,
666 1075 713 1096 aut
727 1075 826 1096 eorum
843 1066 956 1097 Subditi
968 1075 1082 1098 teneant
1097 1067 1143 1097 vel
1157 1066 1244 1105 poffi-

179 1107 274 1143 deant)
294 1104 411 1146 prefato
435 1108 546 1136 Domini
570 1106 657 1145 nostro
679 1108 744 1141 Regi
764 1104 926 1143 restituant,
943 1107 976 1136 δε
1004 1105 1109 1136 restitui
1124 1105 1245 1144 faciant,

180 1144 356 1215 i'nfme'uoii
364 1144 477 1175 Menses
488 1167 498 1182 ,
515 1155 530 1174 a
542 1153 671 1183 tempore
686 1143 903 1183 Requisitionis,
919 1145 1097 1183 conjunctim
1112 1144 1156 1175 vel
1169 1144 1243 1176 divi-

192 1193 232 1214 im
260 1193 337 1214 acien
359 1194 383 1214 ιε

217 1221 307 1253 ITEM
319 1247 327 1260 ,
347 1208 426 1260 quod
441 1222 526 1251 dicius
544 1224 675 1252 Dominus
689 1220 775 1261 noster
789 1223 848 1251 Rex
865 1222 893 1251 in
909 1220 1046 1252 Traftatu
1069 1222 1118 1252 suo
1129 1244 1138 1260 ‚
1157 1231 1244 1260 quem

180 1260 264 1292 habet
284 1261 320 1291 de
342 1261 468 1299 praesenti
489 1270 558 1291 cum
583 1262 658 1289 Duce
678 1260 838 1297 Burboniae,
852 1261 935 1290 faciet
950 1261 1062 1290 diCtum
1080 1260 1244 1291 Dominum

180 1299 212 1328 de
225 1299 249 1330 le
264 1302 347 1329 Bri-to
362 1299 488 1336 includi,
506 1299 540 1329 ad
554 1298 641 1328 finem
658 1298 739 1337 quod
751 1296 849 1328 Castra
862 1299 895 1330 &
912 1297 1052 1329 Dominia
1063 1299 1246 1338 ipsa,absque

181 1339 392 1376 impedimento
404 1339 471 1367 dicii
487 1341 569 1368 Ducis
582 1338 615 1368 &
631 1337 762 1374 suorum,
779 1346 871 1368 teneat
886 1338 918 1368 &
935 1338 1052 1376 gaudeat
1069 1338 1173 1368 eisdem
1197 1348 1246 1376 pa-

180 1377 283 1414 cifice,
299 1386 384 1414 prout
398 1376 498 1416 gaudet
512 1377 547 1407 de
559 1375 699 1413 praesenti:
720 1375 775 1413 Et,
794 1376 812 1405 si
827 1377 972 1414 contingat
991 1376 1103 1406 dictum
1126 1377 1247 1407 Tracta·

181 1423 245 1446 tum
262 1416 370 1446 nullum
390 1415 479 1454 (quod
494 1415 575 1451 absit)
591 1414 680 1444 sortiri
695 1413 830 1444 effeeturn
841 1437 849 1452 ,
866 1414 946 1452 quod
961 1417 1092 1444 Dominus
1106 1418 1167 1445 Rex
1179 1426 1248 1454 erga

182 1455 307 1524 ffundgm
320 1458 465 1524 {ominum
479 1454 511 1483 de
525 1453 549 1483 le
566 1456 652 1483 Breto
666 1453 779 1484 habebit
796 1453 954 1491 respecstum
967 1462 1021 1493 pro
1043 1452 1247 1493 Recompensa

195 1495 232 1524 ibi
275 1495 338 1525 cieri
361 1493 385 1524 2.
1182 1509 1184 1511 ·

221 1532 308 1563 ITEM
318 1557 328 1573 ,
348 1532 428 1571 quod
444 1531 542 1562 Castra
554 1533 587 1563 δε
604 1530 743 1561 Dominia
756 1541 947 1570 quaecumque
958 1531 1041 1568 ipfius
1052 1535 1165 1562 Domini
1177 1532 1208 1562 de
1221 1532 1246 1563 le

186 1575 288 1610 Breto,
307 1582 356 1608 per
372 1574 517 1601 Dominum
531 1570 648 1609 nostrum
658 1572 769 1607 Regem,
781 1570 816 1600 ad
832 1570 913 1600 usum
927 1573 941 1588 *
958 1570 1048 1601 Patris
1061 1570 1100 1601 sui
1114 1571 1149 1602 de
1161 1571 1247 1601 Fran-

186 1610 230 1641 cia
245 1611 287 1641 vel
303 1610 381 1641 suum
397 1609 620 1647 conquaereiida,
634 1610 663 1638 in
678 1608 796 1638 Ducatu
817 1608 948 1648 Bituriae‚
965 1610 1043 1640 idem
1058 1612 1190 1639 Dominus
1199 1621 1249 1639 no-

176 1650 236 1691 ster
253 1652 312 1679 Rex
324 1649 403 1679 dieto
419 1648 552 1678 Domino
566 1646 688 1677 Restitui
703 1647 802 1685 faciet,
819 1649 850 1679 &
863 1671 872 1686 ,
882 1647 902 1677 si
913 1648 1045 1686 acquisita
1060 1658 1119 1679 non
1132 1649 1247 1688 fuerint,

183 1699 238 1727 pro
255 1689 293 1718 eis
310 1687 566 1724 Recompensabit:
587 1685 726 1723 Expensas
736 1695 848 1724 tamen,
861 1688 936 1718 circa
949 1697 1050 1717 eorum
1066 1686 1248 1725 Custodiam,

184 1728 296 1758 interim
314 1736 362 1763 per
377 1729 520 1756 Dominum
535 1724 652 1764 nostrum
666 1728 762 1763 Regem
780 1725 896 1756 forsitan
917 1725 1058 1757 faciendas
1078 1726 1163 1756 didius
1186 1730 1245 1757 Do-

185 1770 270 1796 minus
286 1765 318 1794 de
332 1764 355 1794 le
371 1768 455 1794 Breto
469 1764 651 1802 supportabit.

223 1804 267 1835 Ιτ
278 1811 349 1842 ΕΜ,
366 1803 444 1842 quod
468 1802 572 1833 Petitio
597 1802 633 1832 de
648 1801 788 1842 Summa,
807 1802 863 1835 five
879 1804 985 1835 Annuo
1000 1804 1145 1841 Redditu,
1162 1803 1246 1836 Mille

184 1843 335 1874 Librarum
354 1842 559 1881 sterlingorum
570 1864 580 1879 ,
598 1840 670 1872 facta
693 1851 727 1872 ex
749 1851 826 1880 parte
845 1845 958 1872 Domini
979 1843 1012 1872 de
1028 1843 1053 1873 le
1068 1846 1170 1881 Ereto,
1186 1853 1246 1874 ma-

183 1891 247 1912 neat
264 1882 297 1912 &
313 1881 345 1912 fit
362 1882 390 1910 iri
405 1880 528 1918 suspenso
541 1879 688 1918 quousque
703 1883 835 1910 Dominus
855 1881 943 1921 noster
963 1885 1042 1920 Rex,
1057 1890 1104 1913 aut
1127 1882 1193 1912 alius
1211 1883 1247 1913 de

183 1920 327 1956 Sanguine
343 1919 411 1957 sio,
428 1920 520 1949 veniat
533 1919 566 1949 ad
581 1919 672 1950 Partes
687 1919 884 1958 Aquitanniae3
901 1921 935 1951 &
957 1921 1038 1958 quod
1061 1929 1129 1952 tunc
1153 1924 1250 1952 Domi·

182 1971 232 1989 nus
248 1957 334 2028 nglier
348 1962 423 1996 Rex,
440 1966 486 1988 aut
503 1957 548 1987 ille
563 1957 628 1988 alius
643 1957 679 1987 de
695 1958 826 1998 sanguine
839 1959 888 1989 suo
902 1960 1059 1998 praediCto,
1077 1960 1113 1991 de
1128 1960 1248 1993 Summa

184 1999 244 2037 ipsi
281 1999 355 2028 ebite
371 1997 512 2027 ordinabit
524 1997 556 2027 &
572 1996 646 2026 dicet
658 1996 739 2027 suum
752 1999 903 2028 intentum.

222 2036 264 2067 Ιτ
277 2045 295 2066 E
309 2045 352 2073 M,
369 2036 449 2073 qu‘od
470 2035 547 2073 super
566 2034 715 2072 Captalatu
731 2035 766 2066 de
782 2035 880 2066 Buchz
891 2059 901 2074 ,
917 2037 949 2067 &
961 2036 997 2067 de
1015 2037 1102 2069 Loco
1116 2037 1152 2068 de
1175 2038 1246 2078 Bay-

184 2083 233 2106 rez
249 2077 340 2113 petitis
358 2084 407 2112 per
426 2074 535 2104 dictum
556 2077 700 2103 Dominum
718 2074 750 2103 de
767 2073 791 2103 le
811 2076 910 2113 Ereto,
930 2078 1062 2106 Dominus
1081 2076 1167 2117 noster
1187 2081 1248 2108 Rex

198 2115 242 2144 .eri
264 2113 348 2143 faciet
362 2112 481 2151 Justitte
500 2113 763 2150 complementum,
783 2113 944 2143 Summari'e
968 2115 1002 2145 ὅ(
1023 2115 1059 2145 de
1083 2117 1188 2155 plano,
1207 2118 1247 2147 se-

182 2153 312 2183 cundum
336 2152 427 2190 Leges
449 2152 481 2184 &
506 2149 731 2182 Consuetudines
760 2152 859 2183 Patriae
887 2151 1018 2184 Ducatfis
1042 2154 1081 2184 sui
1108 2155 1247 2194 Aquitan-

183 2201 248 2222 niae.

221 2267 329 2308 ITEM,
346 2269 424 2307 quod
438 2269 518 2308 super
537 2268 698 2305 Dominio,
716 2269 829 2306 Terris,
851 2269 883 2300 &
898 2268 1068 2300 Redditibus
1081 2270 1117 2301 de
1133 2271 1249 2311 Logue-

184 2317 269 2347 ryan,
286 2309 378 2346 petitis
401 2318 451 2346 per
471 2308 594 2338 eundem
617 2311 762 2338 Dominum
783 2308 814 2337 de
835 2307 859 2337 le
882 2311 987 2346 Ereto,
1011 2312 1144 2339 Dominus
1162 2311 1249 2350 noster

185 2349 244 2376 Rex
254 2370 263 2385 ,
280 2346 371 2377 modo
386 2348 519 2384 proximo
532 2346 694 2384 articulato,
712 2356 827 2377 necnon
844 2346 939 2384 quoad
955 2347 1065 2378 Omnia
1078 2350 1111 2379 &
1125 2349 1250 2388 Singula,

206 2396 237 2415 er
253 2386 366 2416 eosdem
386 2385 531 2416 Dominos
550 2385 655 2422 Petita,
673 2387 705 2416 ὃ(
719 2395 767 2422 per
792 2385 956 2415 Dominum
976 2386 1105 2417 nostrum
1134 2388 1248 2427 Regem

221 2433 303 2454 onata
318 2425 362 2455 vel
376 2434 434 2454 non
449 2423 580 2461 Donata,
598 2424 682 2455 faciet
696 2425 728 2454 &
743 2423 801 2453 fieri
817 2424 899 2454 faciet
912 2424 1015 2454 eisdem
1025 2425 1146 2462 justitire
1164 2437 1248 2457 com-

186 2462 555 2531 {lenienttqusecundum
578 2463 668 2502 Leges
691 2464 723 2494 δε
745 2462 970 2493 Consuetudines
991 2463 1094 2495 Patriae
1117 2464 1249 2497 Ducatcis

199 2511 236 2543 ui·
271 2510 431 2540 quitanniae.

225 2576 272 2607 Isti
285 2576 346 2607 sunt
359 2578 467 2613 proprii
484 2577 616 2609 Parentes
631 2578 663 2608 &
681 2578 772 2608 Alliati
789 2576 908 2608 Domus
922 2578 954 2607 de
965 2577 990 2607 le
1004 2581 1105 2620 Ereto,
1118 2591 1172 2620 pro
1185 2583 1250 2621 qui-

188 2616 238 2646 bus
254 2616 369 2652 praecise
384 2615 420 2644 de
436 2616 562 2652 praesenti
576 2617 677 2654 petitur
695 2616 868 2654 Restitutio,

229 2657 357 2683 Dominus
374 2653 406 2682 de
423 2656 531 2690 Tonex,

227 2691 374 2722 Dominus
393 2692 551 2722 Bernardus
568 2695 690 2730 Fairan,

224 2730 345 2800 gambas
361 2733 485 2767 Farran,

258 2771 370 2800 ominus
389 2772 550 2798 Amanenus
567 2768 599 2798 de
618 2771 713 2805 Lane,

228 2808 314 2839 Filius
329 2808 362 2838 δε
382 2807 456 2837 Filiae
473 2810 622 2845 Agnotinae
637 2808 669 2837 de
688 2806 712 2836 le
730 2809 830 2845 Breto,

225 2846 373 2878 Dominus
391 2846 422 2874 de
438 2846 519 2875 Podio
537 2846 673 2883 Pardino,

227 2884 372 2924 Johannes
387 2884 418 2913 de
437 2883 461 2913 le
478 2887 561 2914 Breto
580 2884 726 2915 Dominus
744 2883 780 2914 de
798 2884 822 2913 la
842 2883 918 2913 Mon
931 2884 1022 2924 Joye,

228 2923 374 2994 {ohannes
392 2923 423 2952 de
442 2926 542 2952 Monta
562 2922 706 2953 Dominus
723 2922 760 2952 de
777 2922 962 2953 Castronovo
980 2925 1016 2954 de
1033 2924 1159 2966 Maines,

262 2964 376 2992 ominus
392 2961 537 3000 Johannes
555 2961 586 2991 de
604 2966 676 2992 Guto
696 2961 867 2993 Licentiatus
884 2963 913 2992 in
934 2961 1083 3002 Decretis,

229 3003 352 3038 Hugotus
369 3000 400 3029 de
416 2999 439 3028 le
457 3002 546 3029 Barre
556 3022 566 3038 ,

228 3043 389 3070 Amanenus
406 3038 438 3067 de
456 3039 550 3074 Podio,

229 3078 390 3108 Guillermus
409 3077 479 3107 Aid.
498 3077 530 3106 de
548 3079 681 3115 Lopiaco,

229 3116 387 3146 Galhardus
403 3116 434 3145 de
453 3115 552 3151 Podto,

228 3154 385 3184 Galhardus
401 3153 432 3182 do
448 3153 596 3191 Braſjemc,

229 3193 380 3222 Arnardus
399 3196 431 3221 de
446 3191 472 3221 le
492 3191 622 3229 Loberie,

229 3234 364 3266 Augerius
380 3230 412 3259 de
430 3231 527 3265 Podio,

231 3270 385 3298 Ludovicus
403 3269 435 3297 de
449 3267 582 3298 Noalhan
593 3291 602 3306 ,
621 3266 742 3297 Domin.
763 3268 794 3298 de
813 3268 906 3307 Lffz,

231 3309 329 3337 Petrus
346 3307 378 3335 de
396 3305 519 3344 LesJgori‘o
529 3330 539 3346 ,

231 3345 292 3385 Juo
310 3345 342 3374 de
363 3345 452 3374 Podio.

233 3420 395 3459 Sequuntur
416 3430 447 3451 ea
470 3431 533 3458 quae
557 3423 616 3450 Rex
639 3428 715 3450 tenet
727 3419 761 3449 ad
775 3429 890 3451 manum
906 3421 981 3451 suam
996 3430 1060 3459 quse
1074 3421 1197 3460 spectant
1216 3423 1250 3454 ad

196 3459 362 3491 Dominum
377 3459 409 3489 de
425 3458 449 3488 Ie
462 3462 546 3488 Breto
561 3468 592 3489 ut
606 3459 746 3496 assentur,

232 3498 335 3529 Primo
345 3523 354 3536 ,
372 3497 441 3527 locus
454 3498 485 3526 de
498 3497 656 3535 Gamardd,
677 3508 732 3527 <um
748 3497 880 3526 Parorhia*
897 3498 928 3527 de
943 3498 1091 3526 Poartino:

220 3537 350 3581 ssrclefia
371 3537 408 3567 de
429 3535 596 3573 Nunbaste,
615 3535 739 3567 Ecclesia
761 3536 796 3565 de
812 3537 992 3574 Lesperonm
1013 3545 1081 3566 cum
1098 3535 1250 3569 Parochia-

197 3585 257 3605 nis:

235 3617 322 3644 Locus
339 3613 371 3643 de
390 3615 485 3644 Ritus:

233 3655 320 3682 Locus
334 3654 366 3681 de
386 3653 468 3681 Podio
484 3650 658 3680 Normando:

235 3693 320 3720 Locus
338 3691 369 3720 de
384 3693 556 3730 Hoyergane:

231 3732 332 3758 Omnia
360 3740 418 3769 quae
440 3731 578 3766 pertinent
597 3730 624 3757 V
625 3729 797 3755 icecomitatui
820 3726 850 3754 de
873 3725 996 3765 Tartafio
1015 3730 1043 3756 in
1065 3730 1190 3757 civitate
1212 3725 1250 3762 &-

198 3768 310 3804 Dioecese
326 3766 514 3805 Burdegaliae‚·

236 3807 335 3834 Locum
349 3809 432 3835 etiam
449 3806 481 3835 de
497 3803 618 3834 Bertulli
630 3809 735 3833 tenetur
760 3801 824 3831 Rex
844 3801 991 3841 Restituere
1014 3802 1148 3834 Domino
1167 3803 1203 3834 de
1225 3804 1252 3834 le

199 3841 284 3872 Breto
296 3854 351 3872 cum
361 3845 417 3883 suis
426 3846 607 3882 pertinentiis.

232 3916 321 3948 ITEM
330 3941 338 3955 ,
356 3920 434 3956 quod
450 3923 581 3950 Dominus
594 3922 653 3949 Rex
664 3941 673 3956 ,
689 3916 770 3947 dictis
784 3919 924 3957 Dominis,
937 3915 1040 3945 Karolo
1055 3917 1088 3946 &
1103 3916 1251 3957 Francifio‚

196 3956 254 3985 hoc
272 3958 443 3995 petentibus,
461 3959 558 3994 dabit,
576 3967 621 3987 aut
636 3957 693 3986 dari
717 3955 876 3990 mandabit,
894 3956 950 3984 luas
974 3954 1086 3984 Litteras
1106 3955 1253 3993 Parentes,

196 3993 414 4025 Testimoniales
433 3997 469 4025 de
491 3998 523 4026 ὃ(
549 3996 627 4032 super
651 3994 832 4024 Obedientiae
852 3994 885 4022 &
902 3992 1041 4029 Homagii
1060 3993 1252 4032 Receptione,

195 4031 382 4071 Abolitione,
396 4034 429 4065 &
452 4033 645 4066 Restitutione
665 4032 822 4073 praedietis,
841 4030 987 4062 Maritima
1013 4030 1173 4070 Marenfin,
1191 4032 1252 4063 Lo-

1279 261 1330 291 ἂο
1350 264 1463 291 Domino
1478 260 1510 290 de
1522 261 1548 291 le
1560 265 1654 293 Breto.

1316 337 1478 375 Sequuntur
1491 347 1521 367 ea
1541 347 1606 376 quae
1620 340 1758 376 pertinent
1771 339 1888 370 Domino
1901 339 1933 369 le
1945 339 2049 369 Sana‘la·
2070 339 2194 380 Bafilid,
2213 350 2277 380 quae
2299 350 2351 372 te*

1280 385 1329 406 net
1340 377 1425 405 etiam
1440 375 1609 407 Senescallus
1623 377 1821 417 Aquitanniae,

1319 414 1440 453 Guioffi’‚

1316 451 1446 481 Senhaux
1455 475 1465 490 ‚

1320 493 1460 528 Larcina,
1478 490 1510 519 de
1525 493 1601 520 Born
1614 491 1737 520 Baronia
1752 490 1791 526 ῤ’
1805 492 1837 522 de
1852 490 1981 531 Braffimt
1990 515 2000 530 ,

1319 530 1362 557 Et
1378 529 1557 568 Praepofitura
1572 528 1605 558 de
1617 529 1767 568 Munisc'zno
1775 553 1786 568 ,

1318 569 1407 596 Locus
1419 567 1607 604 Derbefavere
1615 589 1626 604 ,

1320 607 1443 634 Barom'a
1457 606 1600 635 D'auribec
1612 608 1641 634 in
1649 612 1746 643 parte,

1320 646 1444 674 Baronia
1459 644 1491 673 de
1508 646 1644 674 Pontoux.

1320 720 1399 760 Qiae
1415 723 1515 751 omnia
1530 723 1563 753 ὃς
1578 720 1682 761 singula
1699 721 1799 750 ditium
1812 724 1958 751 Dominum
1980 722 2096 762 nostrum
2118 726 2230 764 Regem,
2248 731 2346 764 quates

1282 768 1334 787 nus
1357 759 1445 795 ipsum
1459 770 1656 797 concernunt,
1676 761 1760 799 piene
1785 760 1818 790 ὃ(
1843 760 1959 791 fideliter
1978 761 2209 802 observaturum,
2226 765 2259 796 ὃς
2282 775 2344 796 non

1284 805 1436 828 venturum
1462 799 1491 828 in
1513 800 1704 837 contrarium,
1721 797 1921 830 promittimus
1936 798 2023 837 Nos,
2040 800 2199 839 Johannes,
2216 803 2249 833 ὃς
2271 803 2346 834 Wil-

1281 835 1383 865 lielmus
1399 859 1408 874 ,
1441 836 1638 867 Coi-amissarii
1660 837 1808 875 supradicti
1822 861 1831 874 ,
1859 838 1908 867 sub
1929 837 2083 875 Ypotheca
2104 840 2138 870 ὃ(
2163 839 2346 879 obligatione

1283 874 1429 905 Omnium
1443 877 1477 907 &
1491 876 1666 912 singulorum
1686 878 1830 906 bonorum
1849 877 1981 912 suorum,
1999 886 2032 906 ac
2050 876 2207 907 secundum
2225 888 2346 910 omnem

1284 912 1351 978 Vigi
1369 913 1403 943 &
1417 913 1565 945 Effedmm
1582 913 1732 945 Potestatis
1747 914 1929 953 supradiCtae,
1947 914 2066 954 Nobis,
2085 924 2114 946 ut
2127 915 2289 955 praefertur,
2305 927 2348 948 at-

1283 959 1318 980 tri
1341 959 1406 980 utae.

1319 988 1352 1018 In
1369 999 1493 1026 quorum
1507 990 1652 1021 Omnium
1666 991 1699 1022 &
1714 990 1903 1027 Singulorum
1917 991 2135 1023 Testimonium
2151 991 2346 1032 Praesentibus,

1282 1027 1361 1065 super
1377 1028 1435 1059 hoc
1449 1029 1588 1060 confeciis
1606 1029 1735 1068 Litteris,
1753 1029 1849 1069 sigilla
1863 1030 1957 1061 nostra
1972 1030 2158 1069 apposuimus.

1325 1103 1432 1135 Datum
1446 1106 1480 1136 ὃ(
1497 1105 1606 1137 Actum
1620 1105 1780 1144 Rothomagi
1794 1106 1998 1137 Sextodecimo
2013 1106 2059 1137 die
2083 1107 2191 1138 Mensis
2206 1108 2347 1147 Januarii,

1284 1141 1372 1173 Antio
1390 1143 1513 1174 Domini
1529 1144 1704 1183 Millefimo,
1722 1144 2027 1184 Qiadringentesim0‚
2045 1144 2199 1177 Vicesimo.

1323 1226 1338 1240 ³*
1358 1224 1449 1263 Qiod
1471 1224 1585 1262 quidem
1609 1225 1929 1265 Appunctuamentum,
1947 1236 1980 1258 ac
1999 1228 2097 1258 omnia
2116 1229 2151 1260 &
2173 1228 2211 1259 fin
2233 1228 2295 1267 ula,
2320 1230 2349 1259 in

1284 1262 1365 1293 dic'tis
1386 1264 1486 1293 Literis
1509 1273 1644 1295 contenta
1660 1287 1669 1302 ,
1698 1264 1860 1296 Laudamus
1875 1287 1885 1303 ,
1913 1267 2133 1305 Approbamus,
2158 1267 2192 1298 ὃς
2213 1236 2349 1299 {antica-

1286 1311 1365 1337 mus,

1324 1339 1542 1377 Promittimus,
1559 1341 1588 1370 in
1605 1341 1694 1371 verbo
1707 1341 1802 1379 regio,
1821 1351 1854 1372 ac
1866 1341 1916 1372 sub
1933 1342 2087 1380 Ypotheca
2107 1344 2140 1374 &
2165 1342 2353 1382 obligatione

1287 1377 1431 1409 Omnium
1446 1380 1479 1409 &
1494 1379 1677 1417 Singulorum
1694 1378 1841 1410 Bonorum
1864 1379 2045 1418 nostrorum,
2062 1381 2215 1412 mobilium
2237 1384 2271 1414 &
2295 1385 2352 1414 im-

1287 1417 1458 1455 mobilium,
1477 1417 1560 1453 Nos,
1579 1417 1733 1457 Haeredes,
1752 1419 1786 1449 &
1811 1418 1990 1450 Succeflores
2013 1420 2125 1450 nostros
2143 1421 2243 1460 plene,
2262 1421 2352 1452 fideli-

1285 1464 1347 1493 ter,
1362 1457 1394 1487 &
1421 1456 1498 1487 bona
1524 1457 1596 1494 fide,
1614 1457 1717 1495 absque
1737 1457 1821 1495 dolo,
1840 1457 1952 1495 fraude,
1970 1458 2015 1489 seu
2040 1459 2117 1490 malo
2130 1459 2262 1498 ingenio,
2279 1471 2350 1498 qua-

1286 1502 1366 1524 tenus
1384 1494 1452 1525 Nos
1466 1495 1499 1526 &
1514 1495 1627 1526 Partem
1643 1495 1770 1526 nostram
1792 1505 1989 1534 concernunt,
2007 1496 2147 1535 facturos,
2166 1499 2349 1538 impleturos,

1287 1534 1321 1563 &
1345 1534 1543 1565 observaturos
1558 1557 1569 1572 ,
1591 1544 1624 1564 ac
1645 1534 1785 1573 impleri,
1812 1534 1870 1565 fieri
1884 1559 1894 1572 ,
1920 1537 1953 1566 ὅ(
1977 1536 2118 1567 observari
2144 1536 2284 1575 sansturos,
2314 1540 2349 1570 &

1287 1571 1366 1609 quod
1382 1595 1391 1609 ,
1415 1573 1494 1602 nullo
1517 1582 1642 1610 unquam
1662 1581 1793 1609 tempore
1814 1573 1842 1602 in
1859 1573 1994 1612 judicio,
2016 1583 2062 1604 aut
2084 1583 2161 1605 extra
2181 1574 2350 1615 Judiciurn,

1285 1610 1393 1640 diredt'c
1415 1620 1462 1641 aut
1485 1611 1625 1641 indirecte
1640 1634 1650 1649 ,
1676 1612 1791 1649 publice
1814 1611 1858 1642 vel
1879 1612 2018 1649 occulte,
2044 1613 2088 1643 seu
2109 1615 2210 1650 quovis
2233 1615 2351 1652 exquisia

1285 1658 1318 1717 ‘tio
1340 1650 1455 1687 colore,
1478 1652 1622 1681 veniemus
1643 1651 1672 1681 in
1692 1650 1864 1680 contrarium
1885 1660 2006 1689 eorum,
2032 1660 2078 1682 aut
2096 1652 2210 1690 alicujus
2234 1662 2351 1684 eorum-

1306 1697 1361 1717 em.

1325 1725 1358 1756 In
1373 1726 1470 1764 cujus,
1489 1727 1550 1757 ἃς.

1321 1764 1412 1808 Teste
1435 1764 1517 1805 Rege
1538 1764 1610 1804 apud
1631 1763 1757 1805 Castrum
1779 1763 1856 1803 ficum
1879 1764 2056 1804 Rothomagi,
2080 1766 2282 1798 Sextodecimo
2303 1767 2348 1798 die

1282 1803 1415 1843 Januarii.

1925 1844 1979 1872 Per
1991 1841 2074 1882 ipsimi
2087 1845 2190 1881 Regem.

1476 1986 1526 2018 De
1546 1982 1715 2027 Remiffione
1732 1996 1788 2032 pro
1813 1986 1949 2018 Dominis
1965 1984 2162 2031 siipradiffis.

1287 2069 1400 2126 REX
1414 2069 1577 2108 Omnibus,
1596 2070 1630 2101 ad
1648 2080 1737 2109 quos,
1755 2071 1815 2102 &c.
1834 2070 1968 2101 Salutem.

1328 2146 1333 2151 ι
1379 2109 1479 2148 Cum,
1499 2111 1571 2140 inter
1593 2119 1713 2147 caetera,
1740 2119 1822 2147 quae,
1842 2119 1894 2147 pro
1915 2119 2010 2149 parte,
2026 2109 2199 2140 dilec'torum
2222 2108 2351 2140 Consan-

1287 2154 1456 2183 guineorum
1479 2148 1662 2183 nostrorum,
1687 2148 1786 2178 Karoli
1807 2152 1918 2178 Domini
1938 2149 1970 2178 de
1989 2149 2014 2178 le
2035 2152 2139 2185 Breto,
2164 2149 2196 2179 ὅ(
2220 2150 2352 2186 Francisci'

1288 2187 1400 2216 Domini
1416 2187 1448 2216 de
1460 2187 1563 2216 sanila·
1579 2186 1685 2226 Bafilici
1696 2211 1705 2226 ,
1723 2189 1756 2218 ὅ(
1771 2188 1807 2218 de
1826 2186 1900 2217 Piiio
1910 2211 1919 2224 ,
1938 2187 2023 2218 nobis
2037 2187 2182 2218 humiliter
2204 2187 2351 2224 praesenta-

1286 2232 1331 2261 ta,
1349 2225 1522 2264 supplicatio
1537 2226 1700 2256 continebat
1711 2249 1719 2264 ‚
1737 2226 1841 2256 eisdem
1862 2226 2025 2256 duxerimus
2046 2226 2250 2264 indulgendum

1287 2264 1385 2293 omnia
1407 2265 1441 2294 ὃς
1463 2264 1570 2301 singula
1590 2264 1718 2294 adversus
1740 2264 1827 2301 Nos,
1845 2274 1910 2302 aut,
1926 2265 2031 2295 inclitae
2045 2265 2261 2302 recordationis,

1288 2303 1431 2337 genitores
1445 2302 1572 2341 nostros,
1588 2313 1637 2340 per
1654 2303 1785 2340 eosdem,
1803 2302 1936 2333 Karolum
1945 2326 1954 2342 ‚
1972 2304 2005 2333 δε
2023 2303 2210 2343 Francishim,
2229 2311 2275 2334 aut
2293 2303 2350 2342 Jo-

1287 2340 1403 2371 hannem
1416 2340 1506 2371 Feriol
1520 2341 1685 2372 Dominum
1703 2341 1739 2372 de
1753 2343 1896 2380 Toneux,
1916 2342 1960 2372 seu
1978 2341 2174 2382 progenitores
2187 2342 2266 2379 suos,
2284 2343 2353 2372 citra

1287 2388 1398 2418 tempus
1413 2380 1628 2418 Appellationis,
1648 2381 1794 2419 quondam
1808 2381 1977 2419 interpositae
1996 2390 2044 2418 per
2069 2380 2234 2411 Arnardum
2256 2383 2350 2410 Ama-

1288 2429 1382 2457 neum‚
1397 2427 1467 2449 tunc
1489 2418 1654 2449 Dominum
1676 2420 1713 2450 de
1736 2420 1878 2457 Lebreto,
1896 2430 1911 2449 a
1927 2419 2085 2450 recolendae
2107 2420 2273 2458 memoriae,
2293 2418 2354 2448 Ed-

1289 2458 1386 2487 wardo
1400 2460 1521 2496 Principe
1536 2457 1734 2497 Primogenito
1747 2458 1886 2488 Edwardi
1897 2462 1975 2496 Regis
1992 2457 2104 2496 Angliae
2120 2459 2224 2488 Pi'oavi
2247 2457 2354 2494 nostri,

1289 2498 1323 2527 &
1340 2496 1421 2534 ipsius
1434 2498 1461 2526 in
1479 2497 1628 2534 Aquitania
1644 2497 1888 2534 Locumrenente,
1903 2496 2144 2532 Remitteremus,
2160 2495 2352 2532 AboHremus,

1289 2535 1323 2565 &
1340 2536 1454 2566 Abolita
1470 2534 1702 2574 Declararemus‚
1721 2536 1754 2567 ὃ(
1777 2535 1857 2574 quod
1874 2535 1987 2566 eosdem
1998 2558 2008 2573 ,
2035 2534 2185 2572 xantum,
2211 2534 2244 2563 &
2262 2536 2352 2577 Fran-

1287 2572 1395 2612 cistum,
1418 2573 1642 2604 Restitueremus
1654 2575 1687 2605 ad
1704 2576 1800 2604 omnia
1815 2574 1858 2604 sua
1873 2573 1995 2611 Terras,
2014 2572 2172 2610 Redditus,
2189 2573 2223 2602 ὃ(
2244 2571 2352 2601 Domi-

1289 2614 1350 2650 nia,
1369 2614 1397 2642 in
1413 2612 1542 2643 manibus
1556 2612 1657 2642 nostris
1671 2612 1832 2649 existentia,
1851 2611 2005 2642 secundum
2028 2610 2151 2641 modum
2173 2610 2206 2640 &
2228 2609 2352 2640 formam

1289 2650 1522 2688 comprehensam
1539 2651 1569 2680 in
1586 2650 1698 2680 Litteris
1711 2651 1986 2688 Appunetuamenti‚

1326 2688 1400 2718 Inter
1414 2688 1574 2726 Johannem
1588 2693 1628 2718 St.
1646 2688 1708 2726 Jon
1724 2688 1867 2726 Majorem
1883 2687 2012 2719 Civitatis
2028 2687 2134 2718 nostrse
2158 2685 2330 2725 Burdegaliae
2341 2709 2352 2725 ‚

1289 2728 1322 2758 &
1340 2726 1512 2765 Magistrum
1528 2726 1707 2756 Willielmum
1721 2727 1863 2762 Alnewyk
1878 2727 1987 2766 Legum
2003 2726 2166 2757 Doctorem
2176 2748 2184 2763 ‚
2202 2723 2352 2756 Commis-

1288 2765 1370 2795 farios
1385 2766 1514 2803 nostrOS,
1533 2767 1565 2796 ὃ(
1581 2764 1740 2803 Johannem
1755 2765 1846 2795 Feriol
1859 2765 2023 2796 Dominum
2035 2765 2070 2795 de
2085 2764 2191 2794 Tonex
2205 2763 2351 2802 Militem,

1288 2805 1322 2835 δε
1341 2803 1514 2841 Magistrum
1531 2806 1642 2834 Petrum
1653 2805 1685 2833 de
1700 2804 1852 2834 Saubveria
1867 2805 1895 2834 iri
1914 2803 2036 2842 Legibus
2049 2802 2236 2845 Bacalariumn,
2252 2802 2352 2832 Attor-

1287 2851 1383 2880 natos,
1411 2842 1586 2880 Deputatos,
1615 2843 1647 2873 &
1671 2843 1703 2872 N
1708 2844 1808 2873 uncios
1837 2842 2042 2881 praedkstorum
2065 2841 2352 2878 Consanguineorum

1288 2880 1452 2911 nostrorum
1461 2904 1471 2919 ‚
1488 2883 1515 2911 in
1531 2891 1562 2911 ea
1575 2890 1651 2918 parte
1665 2882 1818 2916 confec'tis,

1327 2920 1459 2958 Quarum
1476 2920 1550 2950 Data
1563 2919 1604 2950 est
1620 2919 1801 2958 Rothomagi
1814 2919 2006 2951 Sextadecima
2019 2919 2065 2949 die
2074 2917 2214 2961 Januarii,
2269 2956 2274 2961 Π
2334 2956 2340 2962 ·

1324 2958 1394 2988 Nos
1415 2959 1541 2996 idcirco,
1559 2959 1686 2988 volentes
1710 2960 1835 2989 universa
1858 2960 1891 2990 &
1910 2958 2031 2996 lingula,
2050 2958 2078 2986 in
2096 2956 2215 2994 praefaus
2239 2955 2354 2986 Litteris

1288 2997 1508 3035 comprehensa,
1524 3006 1657 3035 quatenus
1675 2997 1742 3027 Nos
1754 2999 1786 3028 ὅ(
1803 2997 1915 3027 Partem
1930 2995 2055 3026 nostram
2068 3002 2262 3031 concernunt,
2281 2994 2352 3025 fide-

1289 3036 1349 3066 liter
1365 3036 1535 3074 adimplere,
1554 3036 1662 3066 Omnia
1674 3045 1757 3073 atque
1769 3034 1900 3075 Singula,
1917 3043 1966 3072 per
1978 3034 2088 3071 dictos,
2105 3032 2353 3066 Karolum,Fran—

1287 3076 1396 3113 ciscum,
1415 3076 1447 3105 &
1462 3074 1638 3113 Johannem,
1657 3074 1803 3104 Dominos
1815 3075 1847 3104 de
1861 3072 1886 3102 le
1901 3075 1989 3111 Bret,
2010 3073 2042 3102 de
2055 3073 2158 3102 Sanffa
2174 3070 2296 3111 Basilia,
2312 3072 2346 3103 &-

1288 3114 1321 3142 de
1342 3116 1465 3150 Toneux,
1483 3113 1579 3143 suosve
1602 3113 1816 3151 progenitores,
1834 3112 2076 3150 qualitercumque
2098 3109 2260 3141 Commissa
2282 3111 2351 3141 citra

1289 3160 1401 3188 tempus
1424 3152 1623 3189 Appellationis
1644 3151 1809 3188 praedierae,
1837 3152 1874 3180 fic
1890 3172 1900 3188 ‚
1922 3159 1952 3180 ut
1976 3149 2123 3189 praefertur
2162 3149 2352 3186 interpoiitae,

1290 3189 1491 3227 Remittirnus,
1508 3189 1680 3225 Abolernus,
1694 3190 1728 3220 &
1742 3189 1857 3220 Abolita
1872 3188 2055 3220 Declaramus
2068 3189 2102 3220 ὅ(
2115 3171 2272 3218 ὀεηῑειῃυε
2286 3196 2352 3225 per-

1290 3229 1355 3258 inde
1369 3238 1402 3258 ac
1421 3228 1440 3258 si
1455 3237 1599 3265 nunquam
1612 3227 1725 3257 fuissent
1739 3227 1921 3265 Commissa,

1330 3266 1415 3296 Salvo
1434 3267 1542 3303 semper
1555 3265 1624 3303 Jure
1645 3266 1849 3304 cujuscumque
1866 3266 1977 3303 Tertii,
1996 3264 2088 3303 quoad
2111 3264 2252 3295 Dominia
2275 3273 2354 3302 quae-

1292 3314 1417 3371 cumsque.
1431 3314 1496 3342 quae
1512 3305 1596 3335 habet
1610 3304 1643 3335 &
1660 3303 1794 3342 possidet,
1812 3305 1857 3335 seu
1871 3305 1975 3335 habere
1990 3306 2022 3336 δε
2037 3302 2174 3344 poffidere
2198 3302 2300 3341 debet,
2316 3302 2353 3333 de

1291 3352 1350 3380 prce
1362 3351 1418 3371 enti
1430 3352 1435 3371 ε

1329 3380 1447 3410 Proviso
1467 3382 1550 3411 etiam
1573 3380 1653 3418 quod
1672 3381 1756 3419 Nos,
1784 3391 1832 3419 per
1855 3380 2019 3420 hujusmodi
2040 3380 2255 3416 Abolitionem,
2273 3379 2351 3416 super

1292 3417 1376 3449 Mille
1401 3419 1491 3449 Libris
1512 3419 1718 3458 sterlingorum
1733 3443 1743 3457 ,
1769 3421 1857 3457 petitis
1876 3430 1925 3458 per
1949 3418 2085 3449 Karolum
2107 3422 2252 3449 Dominum
2270 3417 2302 3446 de
2326 3415 2352 3445 le

1291 3459 1393 3493 Breto,
1412 3457 1520 3487 nullum
1544 3460 1677 3495 patiamur
1701 3458 1915 3496 praejudicium,
1933 3458 1986 3488 nec
2006 3458 2098 3488 dietus
2120 3460 2250 3487 Dominus
2271 3454 2304 3483 de
2326 3453 2351 3483 le

1291 3499 1376 3524 Brcto
1391 3495 1581 3525 commodum
1596 3506 1717 3534 reportet
1734 3498 1762 3526 in
1778 3497 1873 3534 aliquo
1889 3496 1933 3527 vel
1948 3498 2094 3535 juvamen.

1328 3534 1367 3564 Et
1383 3534 1495 3564 eosdem
1509 3537 1639 3564 Dominos
1654 3535 1686 3564 de
1699 3535 1724 3564 le
1738 3538 1822 3564 Breto
1831 3557 1840 3572 ‚
1860 3536 1894 3566 ὃς
1907 3536 1938 3564 de
1953 3534 2054 3564 Sancta
2072 3531 2193 3572 Basilia,

1329 3573 1391 3608 Qui
1402 3572 1447 3603 sua
1463 3572 1561 3609 sponte
1574 3572 1672 3603 Nobis
1690 3573 1866 3611 Homagium
1882 3574 2004 3612 Ligeum
2022 3581 2075 3610 pro
2090 3572 2145 3606 Cis,
2162 3570 2198 3612 δῖ,
2212 3578 2264 3606 1)Υο
2286 3578 2353 3599 om·

1292 3611 1374 3641 nibus
1388 3609 1534 3640 Dominiis
1547 3612 1579 3641 &
1597 3612 1712 3650 Terris,
1728 3623 1792 3650 quae
1808 3612 1842 3642 &
1859 3622 1925 3649 quas
1939 3621 1954 3640 a
1971 3610 2068 3640 Nobis
2081 3615 2174 3638 tenent
2191 3617 2219 3636 in
2236 3606 2351 3638 Ducatu

1291 3649 1391 3678 nostro
1409 3649 1583 3687 Aquitaniae,
1600 3660 1634 3680 ac
1648 3651 1847 3688 Juramentum
1862 3652 1897 3679 de
1912 3649 1935 3679 P
1945 3658 1965 3678 Α
1975 3658 1991 3677 c
2001 3656 2019 3677 Ε
2036 3655 2054 3676 F
2065 3655 2077 3676 Ι
2089 3654 2109 3675 Ν
2120 3654 2140 3675 Α
2152 3653 2172 3674 L
2183 3653 2194 3674 Ι
2209 3646 2241 3676 &
2257 3654 2275 3675 P
2287 3655 2304 3677 Ε
2314 3655 2354 3676 R-

1292 3695 1373 3717 Pe’r
1385 3695 1453 3724 UA,
1479 3687 1551 3717 inter
1572 3689 1803 3725 praecariffimum
1824 3691 1936 3717 Patrem
1955 3684 2071 3725 nostrum
2091 3685 2212 3712 Franciae
2235 3686 2269 3716 &
2293 3686 2354 3714 Nos

1292 3725 1402 3762 pridem
1415 3736 1432 3756 c
1443 3735 1463 3754 o
1472 3734 1499 3754 M
1510 3734 1527 3754 P
1537 3736 1557 3756 o
1567 3735 1579 3755 s
1589 3736 1599 3755 i
1608 3735 1630 3756 'r
1641 3737 1677 3765 Α,
1695 3729 1723 3757 in
1737 3727 1880 3756 Omnibus
1895 3726 1929 3755 δε
1943 3733 1991 3762 per
2005 3723 2110 3752 Omnia
2130 3722 2211 3759 plene
2232 3724 2266 3754 &
2286 3722 2355 3753 fide-

1293 3764 1354 3794 liter
1377 3773 1397 3792 o
1405 3773 1424 3793 Β
1433 3773 1444 3793 s
1453 3772 1470 3793 iz
1481 3773 1504 3794 R
1513 3775 1531 3794 v
1540 3774 1559 3793 Λ
1568 3773 1590 3794 N
1600 3774 1621 3794 D
1631 3776 1651 3795 A
1668 3789 1677 3803 ‚
1709 3765 1788 3797 tactis
1809 3762 1996 3795 sacrosanffis
2019 3759 2174 3799 Evangeliis
2182 3783 2192 3798 ,
2217 3760 2356 3799 praestite-

1293 3811 1355 3831 runt

1332 3824 1512 3870 Pr’aesentium
1523 3840 1644 3871 Tenore
1657 3840 1842 3871 Restituimus
1856 3838 1890 3869 ad
1914 3838 2023 3867 Omnia
2047 3837 2080 3868 &
2103 3836 2214 3876 Singula
2235 3835 2353 3876 Terras,

1294 3877 1447 3915 Redditus,
1467 3877 1671 3917 Poffeffiones,
1688 3881 1720 3910 &
1739 3878 1897 3913 Dominia,
1915 3877 1943 3906 in
1966 3876 2095 3906 manibus
2117 3875 2219 3906 nostris
2237 3875 2358 3906 existen-

1293 3918 1329 3946 tia
1344 3916 1447 3953 (Alteti
1463 3926 1511 3953 per
1525 3919 1598 3954 prius
1613 3927 1672 3947 non
1688 3917 1814 3952 Donata)
1832 3916 1887 3945 una
1902 3923 1969 3944 cum
1992 3914 2078 3944 Loco
2097 3914 2133 3945 de
2154 3913 2265 3944 Bertull.
2287 3923 2356 3945 cuin

1293 3964 1393 3984 eorum
1409 3956 1596 3991 pertinentiis,
1611 3965 1675 3992 quae
1692 3955 1726 3985 ad
1739 3954 1852 3986 eosdem
1868 3953 1987 3983 debeant
2000 3952 2114 3990 dejure
2128 3953 2266 3990 spetstare,
2282 3962 2356 3991 quo-

1294 4002 1358 4062 rurssi
1377 3992 1508 4024 Nomina
1523 3994 1569 4024 seu
1583 3992 1729 4024 Vocabula
1746 3995 1774 4023 in
1787 3992 1870 4023 dietis
1886 3990 1999 4023 Litteris
2017 3991 2278 4030 Appunctuamenti
2297 3991 2356 4021 dis-

1292 4041 1332 4062 cri
1357 4040 1459 4069 utitur,

2298 4063 2357 4096 Ex-

2271 2225 2351 2295 ‘ii'ss‘ff
2368 2251 2424 2275 m.

2366 2291 2455 2314 Norm.
2472 2285 2503 2315 8:

2381 274 2467 306 1421„

2361 310 2423 335 Hm.
2443 315 2469 341 5.

2383 1245 2398 1262 Q
2415 1245 2454 1274 ,ζ4

2363 1292 2411 1320 45-

2364 2091 2440 2123 Ann.
2456 2092 2500 2130 D,

2386 2140 2473 2171 ¹42¹·

2366 2174 2418 2198 An.
2435 2170 2464 2198 8.

2367 2214 2401 2237 H.
2418 2218 2446 2244 5.

2368 2329 2500 2360 H.5.p.3.

2370 2372 2461 2397 m.17.
