2562 4274
65 232 140 265 Arm.
156 227 196 259 D.

86 278 171 309 1421.

66 315 128 339 Hen-
146 317 176 344 4.

84 459 197 489 evm.

69 501 134 536 736.

71 1080 148 1111 Ann.
164 1077 203 1108 D.

95 1127 178 1156 14¹2·

70 1201 103 1224 H.
118 1206 146 1231 4.

69 1238 127 1262 ΓΜ.
145 1242 186 1269 ¹3·

69 1278 104 1301 H.
127 1282 154 1306 4.
173 1277 197 1305 p.

72 1321 99 1338 2.
112 1321 147 1338 ln.
157 1319 203 1338 22.

90 3286 109 3305 ⁴(-
129 3283 212 3311 Vlll.

89 3333 153 3361 737-

216 156 263 183 12

221 226 303 265 ctas,
325 225 362 256 set
379 222 473 263 quoad
487 221 549 252 alitis
562 219 695 251 Personas
710 217 858 257 praedi6‘ms
872 218 901 247 in
922 217 972 248 suo
986 216 1088 246 robore
1105 217 1286 252 permancant

218 267 446 340 &†g{{2tekege
466 298 540 337 apud
560 295 835 337 Wstmanasterium,
853 295 969 326 decimo
982 292 1087 324 octavo
1102 290 1149 321 die
1164 288 1247 319 Maii.

848 374 902 403 Per
916 371 997 410 ipfitm
1011 371 1117 406 Regem.

217 459 235 477 ⁸
248 456 332 512 RE
342 452 390 491 X,
408 463 458 493 per
474 452 580 483 Literas
595 450 651 482 suas
668 450 814 485 Parentes,
832 449 916 488 usque
936 446 1052 478 Festum
1064 443 1162 489 Sancti
1176 441 1278 473 Marti-

325 496 354 524 ni
369 495 398 523 in
411 493 506 523 Yeme
523 492 655 528 proximo
668 489 793 520 futurum
809 488 966 523 duraturas,
984 484 1100 521 susceplt
1120 493 1149 513 in
1171 482 1277 512 salvum

219 535 252 566 ὃς
266 535 395 563 securum
415 530 606 562 Conductum
627 529 724 567 suum,
740 538 772 559 ac
794 529 822 557 in
842 525 1073 560 Protectionem,
1090 522 1278 558 Tuitionem,

219 575 252 604 ὃς
277 571 479 602 Defensionem
501 569 556 599 suas
578 568 721 605 speciales,
749 566 899 596 walterum
925 561 1055 593 Steward
1070 560 1105 590 de
1136 558 1276 602 Rayls’ton

218 611 371 647 Chivaler,
389 610 423 639 ὃ(
436 607 595 647 Jahannem
608 607 639 636 de
655 605 744 636 Lethe
763 605 940 642 Armigerum
950 625 958 638 ,
972 599 1137 644 de-Scotia,
1157 607 1278 635 coniun-

219 652 290 687 tim,
309 651 342 681 &
355 648 484 686 divifim,
500 656 568 676 cum
585 645 736 676 Sexdecim
750 643 875 673 Personis
890 643 918 671 in
934 640 1081 670 Comitiva
1095 640 1157 681 sua,
1173 634 1232 671 &c.
1244 642 1278 679 με

212 690 298 729 supra
312 686 391 727 usque
405 686 458 724 ibi,
474 694 681 724 quaecumque,
699 680 736 716 (ἐν
758 689 823 711 tunc
851 691 873 709 ic
884 704 894 717 ,
911 679 1041 719 quotiens
1057 677 1106 707 sibi
1128 676 1279 719 placuerit,

221 727 379 763 veniendo,
397 724 458 760 &c.
475 734 506 753 uc
517 723 620 763 Jispra,
637 723 752 752 mutatis
761 720 898 750 mutandis
911 720 990 759 usque
1001 715 1057 752 ibi,
1074 723 1175 754 quovis
1182 712 1283 751 modo,

219 764 258 802 ὠ
274 773 336 795 tunc
345 764 393 807 stc.

257 804 346 836 Teste
365 812 395 835 ut
415 802 501 841 supra.
947 836 952 841 ¹

874 836 928 865 Per
942 831 1025 872 tpficm
1037 833 1141 868 Regem.

344 916 1285 938 W

221 986 315 1031 Super
339 978 504 1026 Difiordiis
526 982 557 1011 in
578 973 720 1010 Partibus
741 975 925 1020 Norwegiae,
950 970 985 1004 de
1000 970 1139 1016 Exempli
1162 971 1286 1002 catione.

225 1067 306 1123 RE

316 1066 346 1097 X
365 1065 527 1102 Omnibus,
542 1062 576 1093 ad
594 1071 681 1100 quos,
699 1060 758 1090 &c.
778 1058 912 1089 Salutem.
1264 1092 1270 1098 ⁶

318 1104 363 1135 IN
373 1114 384 1134 s
393 1113 410 1134 Ρ
422 1113 439 1134 Ε
450 1113 483 1133 xi
495 1111 521 1133 Μ
531 1110 552 1132 υ
564 1112 576 1131 s
594 1101 744 1130 Tenorem
761 1096 904 1135 cujusdam
919 1095 1023 1127 Literae
1035 1093 1156 1133 nostrae,
1174 1092 1211 1124 de
1223 1090 1286 1122 Prt-

183 1177 189 1183 ,
226 1153 294 1175 vato
307 1143 406 1182 Sigillo
420 1142 533 1177 nostro,
552 1150 599 1178 per
617 1137 697 1175 Nos,
718 1136 952 1172 proconsulibus,
970 1134 1155 1171 Consulibus,
1175 1131 1286 1165 &Sca-

227 1182 315 1222 binis‚
337 1180 497 1218 ceterisque
515 1178 678 1217 judicibus,
698 1175 844 1213 Magnifici
861 1174 1011 1213 Principis,
1038 1175 1149 1210 Daciae,
1167 1174 1287 1201 Norwe-

221 1224 274 1258 giae
291 1245 301 1260 ,
322 1232 352 1250 ac
372 1223 480 1249 Swecrae
505 1221 599 1256 Regis,
623 1215 684 1246 Filii
704 1214 793 1244 nostri
811 1213 959 1250 carissimi,
976 1212 1050 1250 apud
1074 1210 1175 1241 North
1198 1209 1286 1240 Berne

225 1260 437 1296 Reiidentibus,
457 1267 544 1295 nuper
560 1254 667 1293 missae,
927 1290 931 1295 ⁵

262 1300 361 1339 Quem
376 1297 490 1335 quidem
503 1296 670 1331 Tenorem,
689 1291 811 1330 quadam
826 1290 875 1320 alia
898 1288 993 1320 Literni
1005 1288 1100 1319 nostra
1110 1311 1118 1326 ,
1135 1287 1171 1318 de
1180 1286 1285 1318 eodem

221 1338 338 1369 Privato
351 1335 448 1375 Sigillo
466 1333 580 1372 nostro,
600 1330 801 1368 interclusum,
818 1331 847 1359 in
862 1328 1068 1360 Cancellariam
1082 1325 1209 1358 nostram
1231 1326 1285 1355 mi-

224 1377 308 1408 simus
321 1372 614 1413 hxetnplificandum,
631 1372 661 1400 in
677 1370 739 1400 haec
754 1368 858 1406 verba,

221 1456 417 1511 HEnricus,
439 1451 496 1482 Dei
518 1448 622 1487 gratia,
648 1449 707 1476 Rex
725 1445 838 1483 Angliae
863 1443 903 1480 r&
929 1442 1116 1485 Franciae2&
1139 1441 1284 1472 Dominus

295 1493 458 1528 Hiberniae,
478 1488 599 1525 Magnae
618 1486 810 1517 Providentiae
827 1483 919 1520 Viris,
940 1482 1177 1519 Proconsulibus,
1197 1480 1282 1510 Con-

222 1532 340 1569 sulibus,
366 1530 400 1561 &
420 1529 565 1565 Scabinis,
592 1526 753 1562 caeterisque
772 1523 937 1562 judicibus,
958 1519 1107 1559 Magnifici
1129 1519 1284 1557 Principis,

223 1573 339 1607 Darne,
355 1570 528 1604 Nor—megia»,
554 1576 585 1595 ac
604 1567 713 1594 Sweciae
730 1565 823 1600 Regis,
842 1561 907 1591 Filii
927 1559 1016 1590 nostri
1039 1558 1189 1596 cariffimi,
1208 1558 1283 1598 apud

222 1609 327 1642 North
344 1607 433 1638 Berne
447 1604 657 1640 Reiidentibus,
674 1601 809 1631 Salutem.

260 1647 342 1678 Cum
358 1654 464 1676 exortae
478 1643 526 1674 diu
542 1641 752 1672 Controveriiae
765 1641 799 1671 ὃ(
814 1648 924 1678 magnae
937 1636 1097 1667 Discordiae
1107 1637 1178 1666 inter
1191 1643 1284 1667 certos

223 1687 401 1718 Mercatores
418 1682 501 1713 Villae
515 1680 619 1712 nostrae
630 1681 666 1710 de
683 1679 782 1716 Lenn,
800 1687 890 1716 partes
902 1677 938 1708 de
951 1675 1053 1707 North
1074 1675 1164 1706 Berne
1180 1675 1282 1713 praedi-

223 1726 279 1757 &ae
303 1722 504 1755 mercantaliter
530 1720 674 1756 utitantes,
700 1727 733 1748 ex
761 1727 833 1755 una,
859 1714 1031 1752 caeterosque
1055 1713 1233 1745 Mercatores
1247 1713 1283 1743 de

222 1764 334 1799 Hansa,
361 1762 497 1800 Regnum
521 1758 651 1788 nostrum
675 1756 786 1795 Angliae
801 1755 892 1786 modo
907 1753 1047 1785 consimili
1061 1755 1282 1792 frequentantes,

224 1811 300 1843 parte
321 1810 355 1833 ex
369 1800 470 1835 altera,
488 1798 636 1828 occasione
676 1794 841 1825 uarumdam
862 1792 1091 1830 Arestationum,
1110 1793 1168 1822 tam
1186 1791 1284 1821 Perso-

221 1851 340 1876 narum,
354 1841 442 1879 quam
458 1837 603 1868 Bonorum
620 1805 910 1866 &qiviercandisamm
919 1854 929 1870 ,
944 1841 978 1862 ac
995 1832 1114 1861 aliorum
1131 1828 1284 1860 Gravami-

222 1890 312 1917 num,
331 1879 397 1909 hinc
413 1877 478 1907 inde
493 1876 633 1906 fadiorum
643 1897 653 1912 ,
667 1873 701 1903 ad
715 1871 884 1902 evitandum
897 1869 1026 1900 nostrum
1041 1869 1223 1907 vestrumque
1231 1868 1284 1899 Fa-

222 1918 353 1956 stidium,
368 1915 446 1956 quod
465 1915 588 1955 generari
607 1912 700 1953 poffet
720 1921 754 1942 ex
774 1911 861 1942 nimia
880 1909 1041 1949 prolixitate
1059 1908 1233 1945 verborum,
1248 1907 1285 1939 ad

220 1956 340 1997 praesens
353 1955 512 1985 omittimus
525 1954 657 1989 recitare,

258 1996 325 2033 Set,
344 2003 373 2025 ut
389 1993 568 2024 deveniamus
582 1990 616 2023 ad
632 1990 728 2028 Rem,
746 1986 976 2026 comparentibus
989 1985 1092 2025 hodie,
1107 1994 1205 2016 coram
1212 1983 1285 2016 No·-

221 2036 264 2067 bis
278 2036 312 2067 &
321 2032 457 2065 Concilio
473 2031 587 2069 nostro,
606 2030 688 2060 certis
701 2027 785 2060 dietae
798 2027 824 2058 V
830 2028 883 2057 illae
897 2026 1000 2056 nostrae
1016 2025 1225 2056 Mercatoribus
1234 2033 1286 2062 ,ex

222 2084 278 2105 una
285 2098 294 2110 ,
303 2081 417 2103 necnon
426 2069 546 2101 Alberto
557 2080 615 2099 vnn
625 2068 729 2106 Strode,
739 2068 771 2098 ὃ(
779 2065 889 2096 Swetke
898 2067 959 2095 Van
966 2063 1287 2102 Bent,Procuratorit>us

221 2113 256 2145 &
272 2111 423 2144 Attornatis
438 2110 603 2140 communis
616 2107 758 2138 Sotietatis
774 2105 972 2136 Mercatorum
987 2104 1023 2134 de
1030 2103 1142 2142 Hanfia,
1162 2104 1190 2133 in
1205 2102 1287 2133 dieto

220 2151 308 2182 Loco
322 2150 357 2182 de
369 2148 469 2181 North
487 2147 576 2179 Berne
589 2145 817 2179 conversantium
838 2145 871 2176 &
891 2143 1088 2181 residentium,
1106 2152 1182 2182 parte
1198 2150 1231 2173 ex
1250 2141 1289 2173 al-

219 2198 278 2223 tera

258 2213 350 2261 Iidem
371 2228 588 2264 Procuratores,
607 2234 661 2264 pro
684 2224 767 2255 bono
785 2221 867 2253 Pacis
885 2221 953 2253 hinc
972 2221 1058 2260 inde,
1073 2221 1125 2258 &‚
1144 2229 1175 2252 ut
1198 2219 1289 2258 hujus-

223 2267 306 2300 modi
324 2266 484 2298 Discordiae
499 2265 588 2296 modo
601 2263 716 2303 quidem
728 2261 870 2293 amicabili
891 2260 1048 2300 sopiantur,
1066 2260 1148 2291 tactis
1169 2269 1219 2297 per
1241 2269 1289 2289 eos

222 2306 412 2339 Sacrosanetis
433 2304 610 2344 Evangeliis,
625 2303 786 2339 juraverunt
807 2310 839 2331 ac
863 2299 978 2330 fideliter
999 2300 1186 2340 promiserunt
1206 2298 1286 2337 quod

223 2356 324 2377 ornnes
337 2346 370 2378 &
387 2344 482 2383 singuli
497 2343 531 2373 Li
552 2342 578 2372 ei
593 2341 696 2379 nostri,
716 2339 894 2371 Mercatores
917 2338 1047 2378 Anglici,
1066 2348 1172 2377 nuper,
1189 2338 1224 2367 ad
1239 2336 1288 2367 In-

221 2385 351 2416 stantiam
367 2383 479 2413 illorum
492 2383 528 2413 de
576 2380 655 2418 ansa,
674 2381 703 2410 in
715 2379 795 2410 dieto
813 2378 896 2408 Loco
910 2378 947 2409 de
962 2377 1065 2409 North
1084 2377 1174 2408 Berne
1188 2376 1288 2406 aresta-

223 2425 262 2463 ti,
286 2434 319 2455 ac
340 2423 447 2453 ibidem
468 2421 503 2452 de
525 2420 647 2458 ipsorum
668 2419 701 2449 ὃς
723 2417 969 2448 Mercandisarum
991 2418 1101 2447 suarum
1125 2415 1288 2446 Excercitio

224 2463 370 2501 liberoque
393 2460 526 2491 Tranfitu
548 2457 709 2497 praepediti,
726 2458 762 2486 ab
778 2455 1016 2486 Arrestationibus
1038 2456 1071 2486 ὅ(
1088 2454 1287 2485 Κείὶτίίὶίοηὶ-

225 2501 279 2531 bus
289 2498 449 2538 hujusmodi
462 2498 704 2537 quibuscumque,
721 2495 800 2534 super
820 2494 883 2532 ipsis
897 2496 926 2524 in
942 2495 995 2524 hac
1015 2502 1092 2533 parte
1106 2494 1204 2530 faetis,
1221 2502 1289 2523 nec-

223 2549 284 2570 non
306 2539 341 2569 de
361 2537 537 2569 omnimodis
552 2535 771 2572 Securitatibus,
788 2543 837 2570 per
858 2532 950 2563 didos
976 2532 1087 2563 nostros
1110 2532 1288 2562 Mercatores

224 2577 380 2616 AnglicOS,
397 2585 496 2606 coram
508 2574 730 2612 quibuscumque
747 2572 895 2609 Judicibus
913 2581 945 2602 ac
967 2571 1024 2600 aliis
1038 2571 1073 2601 de
1087 2570 1225 2602 Concilio
1245 2571 1289 2600 di-

224 2617 265 2647 cti
290 2615 393 2654 Regis,
423 2613 492 2644 Dat.
508 2614 568 2643 &c.
588 2613 659 2653 apud
674 2610 774 2642 North
789 2609 879 2641 Berne
897 2610 1099 2647 supradiitam,
1134 2618 1293 2648 uacumque

227 2665 262 2685 ex
278 2653 386 2690 Causa,
404 2652 438 2682 ad
454 2651 615 2682 Instantiam
637 2651 683 2681 seu
704 2649 939 2680 Procurationem
960 2649 1006 2678 vel
1026 2648 1107 2678 Ocea
1121 2657 1186 2678 ione
1208 2647 1291 2676 Gen-

230 2695 303 2725 tium
317 2693 353 2722 de
366 2691 461 2721 Hansa
483 2690 680 2730 praeditstarutn
698 2688 836 2725 inventis,
855 2687 1010 2726 postposito
1033 2688 1150 2724 cujusvis
1169 2685 1293 2715 Dilatio-

230 2733 273 2762 nis
294 2730 501 2767 incommodo,
518 2736 598 2758 erunt
621 2727 733 2766 penitus
754 2726 879 2764 liberati,
898 2726 1062 2764 acquietati,
1077 2727 1110 2757 &
1133 2725 1295 2762 exonerati,

230 2781 264 2801 ac
281 2770 387 2808 integre
399 2768 524 2805 relaxati,

269 2807 462 2839 Promiserunt
482 2807 566 2836 etiam
588 2803 675 2835 iidem
695 2802 911 2841 Procuratores,
930 2813 978 2840 per
1001 2812 1103 2833 eorum
1123 2801 1293 2832 Sacramen-

231 2855 311 2883 tum,
337 2846 363 2876 se
384 2854 502 2876 omnem
526 2844 716 2882 diligentiam,
743 2851 807 2880 erga
828 2842 952 2880 ipsorum
975 2841 1075 2872 Socios
1093 2840 1292 2879 quoscumque

231 2886 348 2917 fideliter
364 2885 397 2916 &
412 2893 465 2921 pro
478 2883 581 2913 viribus
597 2881 789 2920 impensuros,
809 2882 888 2917 quod
904 2890 1004 2910 omnes
1019 2881 1051 2911 &
1065 2880 1103 2910 sin
1126 2879 1162 2909 uli
1180 2879 1295 2909 Merca-

232 2933 307 2955 tores
323 2923 420 2962 Regni
436 2920 523 2951 nostri
540 2921 649 2959 Angliae
661 2943 670 2958 ,
686 2919 876 2957 supradictum
901 2919 1016 2948 Locum
1040 2918 1076 2948 de
1127 2917 1191 2948 orth
1207 2917 1295 2948 Berne

234 2964 271 2994 de
284 2971 388 2993 coetero
410 2960 632 2997 frequentantes,
652 2958 724 2989 adeo
742 2958 858 2988 suaviter
880 2958 913 2988 ἃ
928 2957 1110 2987 amicabiliter
1126 2964 1206 2986 erunt
1224 2955 1293 2985 inibi

235 3000 392 3033 succeffivis
415 2999 572 3036 pertractati
593 2997 766 3037 temporibus
781 3019 790 3034 ,
811 2995 1055 3036 quemadmodum
1076 2995 1124 3035 ipsi
1146 2995 1182 3025 de
1203 2993 1296 3025 Hansa

235 3050 286 3079 pet
302 3039 369 3070 Nos
382 3037 456 3068 Vice
471 3036 547 3067 versa
559 3036 709 3067 desiderant
723 3035 891 3073 confoveri,

273 3078 362 3116 Super
375 3076 426 3106 hiis
443 3077 548 3105 etenim
564 3074 786 3105 Conditionibus
803 3072 1004 3111 suprascriptis,
1023 3071 1058 3103 de
1080 3071 1195 3102 Affensu
1211 3069 1296 3101 Con-

235 3116 293 3147 cilii
315 3114 420 3153 nostri,
447 3114 590 3152 quandam
611 3113 795 3144 Securitatem
817 3111 949 3142 Duarum
974 3111 1090 3141 Milium
1115 3110 1296 3147 Mamarum,

239 3156 268 3185 in
290 3155 391 3193 quibus
410 3155 478 3184 certi
499 3152 586 3182 nostri
606 3152 691 3187 Ligei
715 3149 906 3188 Mercatores,
925 3150 999 3187 apud
1020 3149 1156 3180 Sanc'tum
1178 3148 1296 3178 Bothol-

240 3194 349 3231 phum,
365 3202 418 3232 pro
444 3192 493 3221 illis
514 3191 550 3221 de
570 3189 687 3226 Hansa,
712 3198 801 3225 nuper
827 3189 923 3219 Nobis
947 3189 1090 3218 eXtiterant
1108 3187 1242 3224 obligati,
1266 3188 1296 3216 in

241 3231 420 3261 Thesauraria
441 3229 535 3260 nostra
554 3229 720 3267 repositam,
737 3226 858 3257 fecimus
873 3227 982 3266 penitus
1000 3227 1125 3263 relaxari,
1141 3224 1297 3255 Gentibus-

243 3280 297 3305 (ωε
313 3271 330 3288 *
346 3269 381 3299 de
394 3268 506 3305 Hansa,
521 3269 569 3305 qui
580 3269 636 3305 jam
651 3277 665 3296 a
686 3265 775 3295 Portu
792 3265 828 3295 de
850 3265 957 3295 Santfto
978 3264 1121 3303 Botolpho
1140 3264 1175 3294 de
1197 3273 1297 3294 eorum

242 3308 375 3339 Transitu
391 3306 598 3337 suntRestriffl
635 3304 734 3335 exinde
752 3304 805 3333 una
818 3313 888 3333 curn
903 3303 988 3334 Bonis
1002 3304 1034 3334 &
1050 3301 1230 3333 Mercandifis
1245 3302 1298 3333 suis

244 3348 363 3378 liberam
379 3344 547 3375 Recedendi
562 3328 689 3374 dedimus
706 3342 880 3380 facultatem,

282 3385 358 3423 Qae
370 3385 467 3413 omnia
481 3384 513 3413 &
528 3382 630 3422 singula
643 3382 725 3412 vobis
736 3381 934 3411 inn0tescimus
945 3390 994 3420 per
1008 3379 1176 3417 Praesentes,
1195 3388 1225 3409 ut
1244 3379 1300 3409 cir-

245 3435 279 3455 ca
292 3424 414 3454 celerem
427 3432 460 3452 ac
475 3422 591 3451 liberam
612 3420 830 3450 Relaxationetn
850 3418 1060 3449 Arestationum
1078 3420 1111 3449 ὃς
1135 3418 1302 3449 Restriffio-

246 3473 317 3494 num
340 3460 546 3499 praediciorum
571 3459 727 3499 Ligeorum
746 3457 929 3495 nostrorum,
951 3467 983 3487 ac
1004 3457 1149 3487 Bonorum
1164 3458 1197 3488 &
1220 3456 1302 3486 Mer-

248 3501 421 3533 candisarum
435 3500 548 3528 suorum
560 3520 570 3535 ,
588 3497 742 3528 secundum
758 3496 891 3526 Formam
905 3497 937 3526 &
955 3495 1101 3525 Effifium
1128 3495 1303 3526 Sacramenti

250 3542 284 3572 δε
298 3537 495 3570 Promiffionis
507 3536 728 3577 praedictorum,
746 3544 814 3565 cum
829 3534 934 3565 effeetu
950 3535 1038 3565 velitis
1052 3535 1227 3572 interponere
1243 3543 1304 3573 par-

251 3588 290 3610 tes
304 3577 405 3608 vestras
415 3599 423 3613 ,

292 3616 397 3647 DiC‘tos
412 3614 515 3652 Ligeos
530 3612 642 3643 nostros
657 3612 850 3649 MercatoreS,
867 3612 1037 3649 caeterosque
1048 3610 1083 3641 de
1100 3610 1241 3647 Ligeantia
1254 3620 1308 3639 no-

255 3656 324 3692 stra,
342 3656 390 3692 qui
405 3652 622 3684 mercandisandi
637 3651 729 3681 Causa
741 3651 826 3680 dietas
847 3650 940 3680 Partes
958 3650 993 3679 de
1015 3649 1113 3679 North
1134 3646 1221 3678 Berne
1234 3649 1308 3678 adire

257 3695 416 3731 voluerint,
439 3691 528 3721 taliter
546 3699 657 3729 tamque
678 3690 793 3719 suaviter
813 3698 845 3718 ac
865 3689 1046 3718 amicabiliter
1065 3687 1260 3725 pertractando
1276 3688 1308 3718 &
1354 3685 1391 3721 d„
1418 3684 1584 3722 Alverniae,
1607 3682 1758 3714 Comitem
1780 3681 1933 3716 Ptdtavizz,

625 122 1420 176 CONVENTIONES,

1513 119 1910 173 LITERAE‚

1357 207 1392 239 In
1411 207 1508 246 cujuS,
1527 209 1588 240 &c.
2407 189 2485 221 Am·
2497 177 2562 225 DJ

1393 247 1483 278 Teste
1495 246 1577 287 Rege
1591 245 1664 287 apud
1677 246 1953 288 Westmonasterium,
1970 245 2087 278 decimo
2098 245 2175 277 sexto
2187 243 2232 275 die
2247 239 2328 275 Maii.
2402 236 2521 308 HJJ-¹1·-

1807 327 1862 355 Per
1879 327 1972 355 Breve
1991 323 2024 354 de
2042 326 2161 354 Privato
2177 320 2279 360 sigillo.

1318 449 1412 493 Super
1434 445 1577 481 Motibus
1598 450 1694 483 Ducis
1717 448 1893 498 Burgundiae
1916 458 2020 482 contra
2043 448 2195 495 Alligatos
2217 450 2379 495 Principes.

1378 533 1536 577 Enris‘par
1550 532 1575 564 la
1590 532 1688 566 Grace
1700 534 1735 565 de
1749 534 1845 574 Dieu‚
1860 537 1915 575 Roy
1930 533 2119 572 d'Engleterre
2138 533 2176 569 &
2191 533 2224 563 de
2245 536 2379 573 Frascnce,
2395 535 2473 568 Ann.
2488 536 2530 571 D.

1381 572 1427 615 ⁴&
1443 571 1565 610 seignur
1575 571 1728 612 d’lrlande,
1746 584 1791 612 as,
1804 574 1945 604 Honurez
1959 573 2090 611 &Sages
2105 573 2195 611 Sires,
2213 570 2250 601 les
2269 573 2378 610 Burgh-
2416 585 2503 616 1412.

1320 608 1469 648 Mazstres,
1488 609 1655 648 Eschevins,
1671 611 1704 642 &
1723 612 1826 641 Advoe
1843 613 1887 641 des
1903 612 1986 642 Villes
2002 612 2035 641 de
2053 613 2153 650 Gand,
2170 615 2291 649 Bruges,
2307 614 2379 650 Ipre,
2396 618 2449 643 Aa.
2470 626 2513 653 13.

1319 644 1533 716 gldgty'errmr
1548 651 1584 678 dn
1600 649 1710 688 Frank,
1728 660 1781 680 nos
1795 649 1897 681 Chiers
1909 651 1944 682 ὅτ
1965 650 2100 690 especiaht
2121 651 2230 691 Amys,
2246 648 2325 681 Salut
2342 651 2376 682 ὅ(
2396 658 2433 682 H.
2445 664 2476 690 4.

1354 695 1388 715 ie
1422 696 1481 717 ton.
2399 695 2441 719 Ex
2460 694 2507 720 ori
2523 696 2534 724 ,¹

1361 726 1494 755 Honurez
1508 728 1579 755 Sires
1597 725 1636 761 ὠ·
1651 725 1745 756 Chiers
1763 729 1824 756 Am
1840 737 1871 764 s,
1896 726 1914 756 il
1928 726 1970 757 est
1987 737 2084 759 venuz
2096 737 2112 758 a
2125 728 2222 759 nostre
2240 726 2289 758 Co
2329 727 2384 759 ois-
2402 734 2461 759 Pen.
2474 703 2534 759 clf·-

1323 761 1422 801 sance,
1439 774 1490 801 par
1512 764 1645 795 Relation
1659 764 1795 804 Creable,
1863 774 1957 804 ment,
1972 766 2043 797 souz
2059 767 2194 798 l'Ombre
2214 767 2248 798 δε
2319 768 2382 798 lour
2402 769 2449 798 ric.
2465 769 2526 800 Pell.

1325 801 1360 832 de
1373 801 1470 833 nostre
1483 803 1539 832 Ad
1555 805 1653 843 ersaire
1664 805 1697 833 de
1709 807 1813 834 France
1825 806 1885 833 Duc
1899 803 1930 833 de
1945 806 2114 844 Burgoigne,
2131 805 2229 837 Conte
2249 807 2284 836 de
2300 806 2384 838 Flan-

1325 840 1405 879 dres,
1421 840 1517 885 vostre
1531 842 1681 882 Seigneur‚
1699 843 1802 880 prisia,
1816 852 1855 872 ou
1871 841 1991 881 prendre
2011 841 2152 881 Purpose,
2167 854 2202 874 en
2225 843 2317 884 Brief,
2333 846 2384 877 son

1326 878 1455 909 Chemin
1468 890 1529 910 vers
1540 880 1623 911 notre
1638 880 1710 911 Paiis
1721 881 1758 911 de
1772 881 1917 921 Guyenne
1925 903 1936 919 ‚
1953 890 1968 910 a
1979 881 2109 912 l'entente
2122 890 2195 918 pour
2207 881 2333 922 degaster
2346 886 2382 916 δε

1326 917 1464 961 destruire
1475 919 1565 958 ycelle
1579 919 1674 951 nostre
1688 919 1762 950 Paiis
1775 921 1809 952 &
1824 929 1883 950 noz
1892 919 1988 950 Foialx
2007 919 2109 959 Subgis
2122 919 2271 959 illoeques,
2289 923 2322 953 &
2335 932 2384 962 par

1327 955 1462 999 especial,
1479 967 1538 988 noz
1553 957 1705 989 Treschers
1720 958 1841 989 Couiins
1860 960 1893 990 &
1908 958 1981 988 bons
2000 958 2109 997 Amys,
2125 957 2163 988 les
2177 961 2250 988 Ducs
2264 960 2296 989 de
2313 962 2385 990 Ber-

1327 1004 1375 1034 ry,
1393 994 1414 1024 d
1422 994 1550 1033 orliens,
1567 997 1601 1028 &
1614 997 1646 1027 de
1659 996 1804 1036 Bourbon,
1821 996 1858 1026 les
1871 1000 1968 1027 Comes
1980 995 2132 1027 d'Alencon
2154 997 2188 1028 &
2202 996 2387 1038 d’Arminac,

1327 1035 1361 1066 &
1377 1033 1403 1063 le
1417 1036 1474 1063 Sire
1487 1034 1520 1063 de
1534 1033 1653 1074 Lebret‚

1365 1071 1514 1117 Parquoy,
1530 1073 1549 1103 si
1563 1072 1658 1117 vostre
1670 1074 1712 1104 dit
1724 1073 1844 1113 Seignur
1855 1074 1881 1106 le
1888 1073 1958 1106 Duc
1965 1073 2049 1106 vuille
2062 1075 2218 1112 perseverer
2231 1085 2267 1107 en
2282 1075 2331 1106 son
2346 1076 2390 1108 dit

1327 1110 1478 1150 Injurieuse
1497 1114 1528 1143 δε
1545 1110 1706 1143 Malicieuse
1726 1111 1854 1152 Propos,
1870 1113 1999 1151 figniffier
2018 1113 2106 1144 Nous
2124 1113 2250 1152 veullez,
2269 1125 2286 1146 a
2305 1123 2386 1145 toute

1329 1151 1408 1194 bone
1423 1149 1528 1194 Haste,
1547 1159 1596 1188 par
1612 1159 1669 1181 voz
1684 1151 1792 1182 Lettres
1807 1150 1840 1182 &
1855 1160 1904 1188 par
1918 1151 1942 1181 le
1958 1151 2078 1182 Porteur
2089 1150 2125 1182 de
2141 1151 2256 1191 Cestes,
2271 1153 2291 1184 fi
2312 1162 2385 1184 ceux

1327 1189 1366 1219 du
1382 1189 1422 1219 dit
1441 1188 1514 1220 Paus
1529 1189 1564 1219 de
1584 1188 1713 1220 FIandres
1732 1189 1845 1230 pensent
1867 1189 1959 1219 Tenir
1981 1190 2013 1220 δι’.
2036 1189 2209 1229 Maintenir,
2226 1201 2298 1230 pour
2322 1192 2387 1223 lour

1328 1227 1413 1266 Part,
1428 1226 1466 1258 les
1481 1227 1622 1258 Trieuves
1631 1228 1737 1258 d’entre
1750 1228 1837 1258 Nous
1849 1227 1883 1258 &
1897 1237 1950 1258 eux
1963 1227 2166 1259 darrainement
2172 1227 2388 1268 Prinses,saunz

1328 1265 1432 1297 affister
1444 1276 1477 1296 au
1496 1266 1536 1297 dit
1550 1265 1619 1297 Duc
1638 1266 1732 1298 vostre
1751 1267 1890 1306 Seignur,
1903 1276 1939 1297 en
1958 1267 2008 1297 son
2024 1266 2067 1297 dit
2080 1264 2248 1299 Maliciouse
2261 1267 2389 1308 Primos,

1327 1314 1429 1337 contre
1442 1305 1544 1343 Nous,
1562 1314 1601 1335 ou
1617 1315 1705 1336 nonn.

1362 1343 1559 1387 Entendantz,
1577 1346 1701 1374 Honures
1715 1346 1784 1374 Sires
1799 1342 1837 1378 ὠ·
1851 1342 1941 1374 Chiers
1957 1345 2063 1383 Amys,
2077 1343 2142 1382 q’en
2159 1342 2218 1375 Cas
2236 1353 2293 1382 que
2313 1353 2387 1376 ceux

1327 1382 1362 1413 de
1379 1384 1402 1412 la
1417 1381 1510 1412 Partie
1524 1383 1560 1413 de
1574 1381 1703 1414 Flandres
1717 1383 1870 1414 emendent
1890 1383 1924 1414 δε
1940 1383 2063 1413 veullent
2084 1383 2121 1412 les
2142 1382 2230 1412 difies
2246 1383 2389 1414 Trieuves

1326 1421 1423 1459 garder
1438 1422 1470 1451 ὅ(
1485 1420 1616 1452 observer
1630 1431 1701 1461 pour
1721 1422 1785 1452 lour
1806 1420 1890 1460 Part,
1907 1431 1980 1460 pour
1999 1422 2025 1452 le
2044 1419 2134 1452 Profit
2154 1431 2284 1460 comun,
2300 1421 2391 1453 Nous

1327 1460 1496 1491 Entendons
1507 1460 1540 1490 &
1555 1459 1614 1490 Pur
1657 1460 1717 1490 sons
1729 1462 1796 1491 faire
1810 1460 2015 1498 pareillement,
2056 1470 2109 1491 our
2123 1459 2218 1490 nostre
2234 1469 2304 1500 part.

1331 1538 1337 1543 ·
1364 1500 1576 1568 Hongestires
1649 1499 1741 1530 Chiers
1758 1502 1866 1539 Amys,
1881 1499 1920 1530 lui
1933 1497 2009 1529 Saint
2029 1470 2123 1538 Esprit
2140 1508 2212 1529 vous
2227 1499 2310 1531 vuille
2324 1507 2389 1530 tous

1325 1547 1405 1576 Jours
1457 1547 1483 1566 ar
1504 1546 1542 1567 er.

1363 1575 1444 1620 Don.
1457 1575 1634 1644 iduziV'sOstre
1648 1575 1734 1609 Prive
1747 1576 1826 1615 Seal,
1839 1586 1855 1607 a
1871 1575 1967 1606 nostre
1980 1575 2081 1615 Palayr
2098 1576 2131 1606 de
2144 1574 2347 1616 Wstmonstn,
2364 1574 2392 1607 le

1327 1623 1372 1653 xvj
1386 1625 1448 1653 Jour
1484 1624 1500 1645 e
1554 1624 1598 1654 ay.

1362 1690 1557 1760 Pai⁷fissi0nures
1583 1729 1622 1768 ὠ
1647 1734 1728 1769 Sages
1757 1734 1828 1762 Sires
1846 1728 1883 1760 Iex
1910 1729 2153 1799 Burgh-Mzstres
2176 1729 2329 1768 Eschevins
2349 1727 2389 1764 &-

1327 1769 1493 1837 ᾔέυὲᾎέῖζ
1509 1769 1600 1845 §lg-55
1607 1771 1639 1801 de
1658 1770 1756 1809 caud,
1772 1772 1894 1807 Bruges,
1910 1771 1988 1807 Ipre,
2005 1766 2044 1804 ὀ·
2111 1771 2218 1799 Terrm
2235 1770 2270 1799 du
2286 1768 2391 1806 Frank,

1528 1938 1578 1971 De
1601 1938 1838 1970 Proclamatione
1859 1939 2051 1983 Treugarum
2076 1937 2187 1969 Scotiae.

1333 2019 1459 2077 REX
1471 2044 1481 2061 ,
1497 2021 1642 2053 carissimo
1662 2021 1736 2053 Filio
1757 2022 1823 2061 suo,
1841 2021 1969 2062 Johanni
1985 2018 2109 2052 Custodi
2122 2019 2158 2052 de
2177 2019 2203 2051 la
2225 2018 2393 2053 Estmarche
2412 2017 2489 2055 Ann.
2505 2017 2550 2056 D»

1411 2065 1502 2091 verius
1517 2060 1646 2092 Scotiam
1656 2085 1665 2099 ,
1682 2061 1817 2092 Salutem.
2432 2071 2522 2103 14¹2·
2537 2047 2552 2068 ⁹

1343 2137 1357 2143 ..
1369 2097 1468 2138 Cum,
1484 2101 1556 2130 inter
1568 2098 1784 2131 Conmissarios
1799 2098 1910 2130 nostros
1928 2098 1961 2130 &
1975 2097 2193 2130 Commiffarios
2208 2097 2331 2138 Roberti‚
2346 2098 2393 2129 Fia
2412 2106 2465 2131 An.
2484 2110 2532 2144 ¹3³

1330 2138 1358 2168 ln
1376 2138 1461 2177 Regis
1475 2138 1600 2178 Scotiae,
1618 2141 1703 2169 Ducis
1716 2138 1867 2178 Albaniae,
1885 2141 1993 2168 Comitis
2007 2139 2038 2167 de
2052 2135 2164 2177 Fyff&
2176 2138 2208 2167 de
2224 2137 2396 2176 Monetam,
2414 2147 2447 2170 H.
2463 2152 2492 2179 4,
2521 2126 2532 2146 ‘⁴

1332 2178 1365 2208 ὅ(
1381 2175 1586 2208 Gubernatoris
1608 2177 1731 2217 Scotiae,
1749 2179 1851 2209 virtute
1868 2175 2116 2208 Commiffionum
2137 2176 2177 2208 eis
2194 2177 2221 2206 in
2243 2175 2296 2207 hac
2319 2184 2397 2214 parte
2414 2180 2462 2209 Cla
2469 2182 2507 2218 us.

1331 2215 1486 2254 faetarum,
1507 2215 1724 2247 Concordatum
1739 2217 1772 2249 &
1788 2216 2024 2258 Appundtuatum
2039 2213 2137 2246 existat
2158 2215 2238 2253 quod
2260 2215 2345 2246 bonae
2360 2215 2393 2246 ὅ(
2420 2225 2504 2256 ¹3.H.
2517 2222 2551 2258 4⁶*

1332 2254 1425 2299 fideles
1439 2256 1516 2286 Treu
1570 2279 1579 2293 ,
1599 2255 1781 2286 Particulares
1794 2266 1842 2294 per
1857 2255 2001 2292 Terram,
2015 2254 2051 2284 ab
2063 2264 2133 2293 aqua
2147 2253 2182 2284 de
2197 2253 2273 2294 Spey
2285 2254 2314 2284 in
2321 2253 2396 2285 Sco-
2413 2267 2448 2287 m.
2469 2268 2513 2296 15.

1331 2301 1382 2331 tia,
1403 2293 1486 2334 usque
1500 2304 1514 2324 a
1551 2295 1690 2324 Montem
1709 2294 1804 2326 Sankti
1821 2293 1971 2324 Michaelis
1991 2294 2021 2323 in
2038 2291 2204 2330 Cornubia‚
2219 2293 2254 2324 &
2267 2291 2395 2324 Genera·
2415 2298 2480 2334 dors.

1329 2331 1367 2363 les
1384 2342 1433 2371 per
1448 2332 1546 2371 Mare,
1566 2332 1677 2364 stabunt
1692 2333 1724 2364 &
1740 2333 1856 2364 fideliter
1869 2332 2107 2370 observabuntur,
2126 2332 2223 2362 *inter
2231 2330 2316 2369 Nos,
2335 2330 2396 2361 Re-
2434 2337 2450 2353 *
2462 2337 2545 2366 VIII⁴

1330 2380 1420 2411 gnum
1438 2394 1448 2410 ,
1471 2372 1593 2411 Terras,
1616 2371 1804 2403 Poiietsiones
1818 2395 1828 2410 ,
1856 2371 1975 2410 Ligeos‚
2000 2370 2033 2401 &
2055 2369 2188 2401 Subditos
2209 2369 2322 2401 nostros
2361 2370 2394 2400 &
2436 2374 2502 2412 738.
2540 2370 2546 2375 ⁴

1330 2410 1477 2455 praefatum
1501 2410 1756 2454 Gubernatorem,
1768 2411 1889 2449 Terras,
1907 2409 2109 2453 Posseffiones,
2129 2408 2246 2452 Ligeos,
2271 2409 2305 2440 &
2322 2392 2396 2438 §ub-

1333 2459 1376 2480 tos
1391 2450 1518 2488 Scotrae,
1539 2460 1552 2480 a
1569 2449 1652 2480 Festo
1665 2449 1809 2480 Omnium
1826 2449 2000 2480 sanctorum
2016 2448 2119 2478 ultimo
2132 2455 2290 2484 praeteriw,
2309 2445 2396 2484 usque

1333 2488 1366 2518 ad
1383 2488 1497 2530 Festum
1517 2488 1631 2518 Paschae
1646 2488 1723 2526 quod
1745 2490 1795 2519 erit
1820 2488 1908 2520 Anno
1928 2486 2050 2518 Domini
2071 2485 2235 2523 Milesium,
2253 2484 2399 2523 Qadrin-

1333 2534 1490 2565 genteiimo
1499 2552 1507 2566 ,
1528 2527 1654 2558 Decimo
1666 2527 1775 2558 oiiavo
1782 2549 1795 2566 ,

1373 2565 1485 2595 Eisdem
1509 2566 1626 2603 forma,
1652 2567 1774 2603 vigore,
1798 2565 1831 2596 &
1853 2562 1958 2594 effe-{tu
1971 2586 1980 2602 ,
2005 2562 2107 2601 quibus
2126 2561 2156 2592 in
2177 2560 2303 2599 Treugis
2323 2562 2399 2601 apud

1335 2603 1568 2641 Hawdenstank,
1590 2607 1661 2634 inter
1674 2603 1847 2635 carissimum
1863 2602 1976 2633 Patrem
1991 2601 2138 2638 nostrum,
2154 2600 2333 2639 Johannem,
2349 2603 2399 2630 Ρι-

1334 2641 1399 2671 lium
1414 2645 1490 2679 Regis
1504 2643 1643 2671 Edwardi
1658 2651 1747 2679 nuper
1760 2644 1840 2678 Regis
1860 2639 1973 2677 Angliae
1994 2639 2050 2670 Avi
2067 2638 2176 2677 nostri,
2193 2649 2280 2677 nuper
2295 2641 2397 2669 Ducem

1335 2684 1521 2720 Aquitanniae
1536 2680 1573 2715 όν
1589 2679 1774 2718 Lancaslriae,
1792 2681 1826 2710 &
1839 2678 1908 2708 alios
1925 2677 2144 2708 Commiffarios
2157 2679 2271 2714 secum,
2291 2679 2323 2708 &
2333 2680 2397 2707 Da-

1335 2722 1406 2756 vid,
1427 2721 1634 2756 Primogenitum
1655 2721 1733 2755 Regis
1746 2721 1859 2755 ScotIae,
1878 2720 1979 2746 Ducem
1992 2717 2025 2746 de
2044 2715 2169 2756 Roteffiy
2193 2716 2226 2747 &
2244 2714 2398 2747 Comitem

1336 2757 1372 2787 de
1387 2757 1502 2794 Carrik,
1518 2759 1551 2789 ὃς
1564 2758 1632 2788 alios
1647 2756 1833 2787 Comiffarios
1849 2757 1962 2792 secum,
1982 2755 2090 2794 plenius
2107 2754 2284 2792 continetur,

1373 2795 1459 2826 Salvo
1473 2796 1580 2833 semper
1594 2795 1693 2836 quod,
1710 2795 1812 2825 virtute
1820 2794 1998 2825 Concordiae
2013 2793 2399 2832 &Appunetuamentiprae-

1338 2834 1501 2873 dietorum,
1519 2835 1615 2873 aliquis
1628 2833 1816 2872 Priionartus,
1834 2841 1899 2864 ante
1913 2831 2029 2863 Festum
2043 2832 2139 2863 Sanffi
2148 2830 2401 2869 Michaelis‚quod

1338 2873 1391 2903 fuit
1414 2874 1501 2916 Anno
1525 2873 1647 2902 Domini
1670 2871 1842 2910 Millefimo,
1865 2870 2151 2912 Qadringentefimo
2169 2869 2315 2907 Decimo,
2331 2878 2397 2908 cap-

1340 2920 1398 2949 tus,
1417 2912 1538 2942 minime
1558 2911 1720 2949 frethietur,

1375 2949 1460 2988 Nos,
1477 2949 1605 2988 Treugas
1621 2949 1769 2988 praedictas
1787 2949 1903 2979 firmiter
1923 2945 2166 2979 &inviolabiliter
2188 2944 2329 2976 observari
2349 2955 2402 2976 vo-

1339 2988 1442 3025 lentes,
1460 2989 1540 3018 vobis
1553 2989 1725 3019 Mandamus
1741 2987 1822 3027 quod
1837 2987 1968 3023 Treugas
1985 2985 2132 3024 praedistas
2156 2985 2185 3014 in
2201 2984 2311 3014 finoulis
2334 2983 2404 3014 locis

1341 3025 1483 3057 Marchiae
1497 3027 1657 3065 praedietae,
1676 3027 1724 3057 ubi
1741 3028 1827 3064 tnagis
1841 3025 1992 3064 expediens
2007 3024 2088 3054 fuerit
2104 3023 2137 3054 &
2158 3033 2228 3054 nece
2252 3033 2287 3061 e,
2305 3022 2400 3061 publi-

1340 3065 1574 3134 besssdaffffl’
1588 3075 1620 3096 ac
1637 3065 1753 3142 grrlaerl‘litflr
1767 3065 1800 3095 &
1817 3063 2014 3142 istviolabilictler
2027 3062 2185 3131 pbselsvarti',
2202 3061 2386 3130 degianldlleati'ils.

1407 3114 1422 3135 e
1449 3114 1465 3133 e
1511 3113 1560 3143 ege
1577 3114 1635 3144 apu
1708 3114 1721 3132 e
1746 3113 1827 3133 mona
1850 3112 1951 3140 ermm,
1989 3110 2086 3132 ectmo
2109 3109 2145 3138 ep
2162 3109 2223 3130 imo
2257 3109 2283 3131 ie
2372 3122 2379 3130 .

1379 3178 1517 3219 Confimile
1539 3184 1632 3210 Breve
1649 3181 1794 3217 dirigitur,
1812 3178 1939 3247 carliffimo
1953 3181 2048 3208 Fratri
2062 3179 2156 3215 Regis,
2175 3175 2329 3214 Radulpho
2343 3174 2406 3207 Co·-

1343 3220 1408 3249 miti
1423 3218 1672 3249 NVestmerlandiae
1689 3217 1794 3258 custodi
1809 3218 1841 3248 de
1866 3229 1884 3246 a
1901 3215 2082 3258 Wstmarche
2099 3214 2193 3255 verfhs
2207 3217 2331 3245 Scotiam.

1414 3357 1579 3391 Concordia
1600 3357 1803 3404 appunb‘buata
1825 3359 1902 3388 inter
1926 3357 2032 3401 Regem
2055 3356 2093 3393 ό*
2117 3349 2336 3396 Confoedcratos

1697 3408 1844 3452 Principes
1865 3406 2007 3437 Franciae.

1425 3492 1490 3523 AEc
1511 3499 1583 3523 Εςτ
1603 3499 1778 3522 ι-ῐΝΛιῐς
1805 3488 1862 3521 Co
1873 3495 2083 3523 NcoRDIA,
2104 3484 2241 3515 Fac-ra
2263 3483 2351 3521 inter,
2368 3482 2406 3514 11-
2421 3495 2497 3527 Anu·
2513 3495 2557 3527 D.

1441 3530 1687 3568 lustriffimumg&
1703 3528 1916 3560 Sereniffimum
1941 3526 2122 3564 Principem,
2141 3525 2288 3566 Henricum
2308 3520 2408 3560 ,Quar-
2446 3544 2530 3574 14¹2·

1349 3580 1407 3601 tum
1418 3569 1474 3610 post
1487 3568 1660 3609 Conquestum
1675 3570 1770 3604 Regem
1784 3566 1898 3604 Angliae
1915 3563 1953 3600 ὠ
1967 3565 2104 3600 Franciae,
2122 3560 2288 3591 Dominum
2304 3561 2411 3591 Hiber·
2426 3579 2478 3603 An·
2497 3582 2538 3611 13·

1351 3613 1424 3647 niae,
1441 3619 1475 3639 ac
1495 3607 1611 3638 Ducem
1628 3606 1652 3635 A
1675 3607 1805 3636 uitanniae
1838 3614 1872 3634 ex
1882 3611 1958 3643 parte
1973 3612 2043 3638 una,
2426 3617 2461 3640 H.
2477 3622 2506 3647 4.

1390 3648 1442 3685 Et,
1461 3646 1584 3676 Nobiles
1605 3646 1637 3675 &
1684 3653 1791 3675 otentes
1812 3629 1976 3678 hominos,
1992 3638 2152 3677 Johannem
2172 3640 2275 3667 Ducem
2294 3640 2412 3668 Bituriae
2426 3656 2465 3679 Ex
2481 3652 2542 3678 Au,-

1951 3677 2145 3717 stamparum,
2161 3675 2288 3707 Boloniae
2307 3676 2341 3707 &
2362 3676 2413 3707 Al·
2427 3699 2490 3727 ngr·
2533 3678 2540 3684 ⁴

259 3733 408 3762 confoveri
432 3729 581 3767 faciendo,
607 3729 685 3759 sicuti
708 3727 862 3764 Vestratcs,
888 3726 1023 3765 Regnum
1044 3724 1310 3769 nostrumpacific'e
1352 3725 1476 3760 verniae,

260 3772 396 3800 visitantes
411 3792 420 3807 ,
442 3779 474 3799 ac
499 3768 604 3799 vilitate
626 3767 767 3803 volentes,
786 3775 835 3803 per
852 3774 905 3794 nos
923 3764 1080 3802 pertractari
1099 3765 1198 3801 cupitis
1217 3765 1248 3795 δε
1269 3763 1314 3793 fo-

261 3811 328 3839 veri

301 3846 367 3875 Dat.
383 3846 431 3875 sub
448 3844 561 3875 Privato
576 3843 676 3882 Sigillo
689 3841 789 3873 nostro
805 3842 877 3878 apud
899 3840 1041 3871 Palatium
1058 3839 1174 3877 nostrum
1192 3839 1317 3880 Westmo—

266 3883 375 3921 nafrcrri
390 3907 399 3920 ,
428 3884 564 3914 vicesimo
584 3882 707 3914 secundo
727 3882 772 3911 die
790 3880 962 3918 Septembris
976 3903 986 3917 ,
1006 3879 1094 3909 Anno
1117 3879 1212 3917 Regni
1231 3879 1320 3909 nostri
1363 3887 1444 3913 rum,

264 3922 461 3951 Duodecimo.

306 3997 374 4027 Nos
395 4005 488 4026 autern
511 3997 657 4028 Tenorem
679 3996 863 4037 praedictum,
880 3995 1000 4027 Tenore
1022 3993 1225 4034 Praesentium,
1241 3994 1325 4025 duxi-

270 4045 334 4067 mus
347 4034 614 4073 Exemplificana'um.

1393 3761 1525 3791 Karalum
1539 3764 1639 3790 Ducem
1653 3755 1877 3796 Aurelianenfi’m
1892 3753 1931 3790 ὠ
1948 3752 2042 3794 Valefii
2052 3775 2062 3791 ,
2082 3751 2235 3784 Comitem
2260 3753 2414 3786 Blesensem

1359 3803 1391 3834 ὃς
1409 3800 1584 3830 Bellimontis
1597 3822 1607 3836 ,
1626 3800 1658 3829 &
1675 3799 1836 3828 Dominum
1853 3794 2012 3830 Conciaci,

1380 3861 1381 3864 η
1398 3837 1557 3876 Johannem
1575 3840 1677 3866 Ducem
1695 3835 1856 3871 Bourbonii,
1874 3831 2023 3862 Comitem
2037 3828 2219 3861 Clarimontis
2236 3831 2270 3862 δί
2287 3830 2415 3862 Foresta-

1463 3876 1494 3905 &
1515 3876 1679 3906 Dominum
1692 3874 1758 3904 Belli
1771 3872 1855 3911 Joci,

1402 3914 1438 3944 Et
1457 3914 1614 3952 Johaunem
1629 3918 1756 3942 Comitem
1771 3912 1802 3940 de
1817 3908 1971 3939 Alancom'o
1993 3905 2031 3941 &⁵
2052 3907 2084 3936 de
2104 3908 2233 3946 Pertica,
2250 3907 2417 3939 Dominum

1367 3953 1547 3990 Filgeiiarum
1561 3952 1593 3981 &
1611 3951 1783 3987 Guercbiae,
1801 3957 1833 3978 ex
1848 3955 1926 3991 parte
1938 3946 2038 3982 altera,

1407 3988 1454 4020 De·
1471 3992 1503 4021 &c
1519 3991 1595 4025 super
1609 3989 1771 4023 Quibusdam
1795 3985 1928 4017 Articulis
1947 3985 1982 4015 &
2003 3983 2270 4023 Conventionibus,
2289 3982 2416 4014 Restitu-

1368 4030 1479 4060 tionem
1493 4028 1596 4058 realem
1612 4024 1742 4058 Ducatfis
1755 4025 1932 4063 Aquitaniae,
1949 4023 2066 4060 praefato
2082 4022 2161 4061 Regi
2181 4025 2215 4055 ὅ(
2234 4020 2418 4090 DUCi’edee‘

2312 4071 2324 4089 r
2362 4068 2370 4088 1
2394 4069 2424 4091 ue
