<?xml version="1.0" encoding="UTF-8"?>
<!DOCTYPE html PUBLIC "-//W3C//DTD XHTML 1.0 Transitional//EN"
    "http://www.w3.org/TR/xhtml1/DTD/xhtml1-transitional.dtd">
<html xmlns="http://www.w3.org/1999/xhtml" xml:lang="en" lang="en">
 <head>
  <title>
</title>
<meta http-equiv="Content-Type" content="text/html;charset=utf-8" />
  <meta name='ocr-system' content='tesseract 3.04.00' />
  <meta name='ocr-capabilities' content='ocr_page ocr_carea ocr_par ocr_line ocrx_word'/>
</head>
<body>
  <div class='ocr_page' id='page_1' title='image "./fderaconventione04ryme_0168.png"; bbox 0 0 2562 4274; ppageno 0'>
   <div class='ocr_carea' id='block_1_1' title="bbox 159 144 234 186">
    <p class='ocr_par' dir='ltr' id='par_1_1' title="bbox 159 144 234 186">
     <span class='ocr_line' id='line_1_1' title="bbox 159 144 234 186; baseline -0.013 -14"><span class='ocrx_word' id='word_1_1' title='bbox 159 144 234 186; x_wconf 81' lang='lat'>¹32</span> 
     </span>
    </p>
   </div>
   <div class='ocr_carea' id='block_1_2' title="bbox 15 206 1239 752">
    <p class='ocr_par' dir='ltr' id='par_1_2' title="bbox 15 206 1239 752">
     <span class='ocr_line' id='line_1_2' title="bbox 15 206 1226 254; baseline -0.014 -4"><span class='ocrx_word' id='word_1_2' title='bbox 15 217 92 250; x_wconf 81' lang='lat' dir='ltr'>Ann.</span> <span class='ocrx_word' id='word_1_3' title='bbox 106 213 148 244; x_wconf 91' lang='lat' dir='ltr'>D.</span> <span class='ocrx_word' id='word_1_4' title='bbox 159 225 186 247; x_wconf 88' lang='lat' dir='ltr'>te</span> <span class='ocrx_word' id='word_1_5' title='bbox 205 217 214 252; x_wconf 86' lang='lat'>(</span> <span class='ocrx_word' id='word_1_6' title='bbox 224 216 402 254; x_wconf 77' lang='lat' dir='ltr'>Decanoque</span> <span class='ocrx_word' id='word_1_7' title='bbox 424 211 545 252; x_wconf 79' lang='lat' dir='ltr'>ejusdem</span> <span class='ocrx_word' id='word_1_8' title='bbox 570 211 599 240; x_wconf 89' lang='lat' dir='ltr'>in</span> <span class='ocrx_word' id='word_1_9' title='bbox 621 210 756 240; x_wconf 79' lang='lat' dir='ltr'>Remotis</span> <span class='ocrx_word' id='word_1_10' title='bbox 774 211 891 249; x_wconf 86' lang='lat' dir='ltr'>agente)</span> <span class='ocrx_word' id='word_1_11' title='bbox 910 206 1088 238; x_wconf 73' lang='lat' dir='ltr'>Elefflonern</span> <span class='ocrx_word' id='word_1_12' title='bbox 1103 225 1113 241; x_wconf 92' lang='lat'>,</span> <span class='ocrx_word' id='word_1_13' title='bbox 1139 212 1226 241; x_wconf 83' lang='lat' dir='ltr'>nuper</span> 
     </span>
     <span class='ocr_line' id='line_1_3' title="bbox 33 240 1232 294; baseline -0.013 -6"><span class='ocrx_word' id='word_1_14' title='bbox 33 255 123 294; x_wconf 72' lang='lat'><em>1408.</em></span> <span class='ocrx_word' id='word_1_15' title='bbox 161 255 266 286; x_wconf 60' lang='lat' dir='ltr'>saetam</span> <span class='ocrx_word' id='word_1_16' title='bbox 289 256 314 284; x_wconf 82' lang='lat' dir='ltr'>in</span> <span class='ocrx_word' id='word_1_17' title='bbox 336 253 458 284; x_wconf 71' lang='lat' dir='ltr'>Ecclesia</span> <span class='ocrx_word' id='word_1_18' title='bbox 477 249 668 281; x_wconf 78' lang='lat' dir='ltr'>Conventuali</span> <span class='ocrx_word' id='word_1_19' title='bbox 687 247 785 278; x_wconf 61' lang='lat' dir='ltr'>Sanffiti</span> <span class='ocrx_word' id='word_1_20' title='bbox 805 247 944 278; x_wconf 81' lang='lat' dir='ltr'>Germani</span> <span class='ocrx_word' id='word_1_21' title='bbox 962 246 998 276; x_wconf 85' lang='lat' dir='ltr'>de</span> <span class='ocrx_word' id='word_1_22' title='bbox 1022 244 1106 282; x_wconf 89' lang='lat' dir='ltr'>Selby</span> <span class='ocrx_word' id='word_1_23' title='bbox 1122 264 1132 279; x_wconf 86' lang='lat'>,</span> <span class='ocrx_word' id='word_1_24' title='bbox 1150 240 1232 271; x_wconf 89' lang='lat' dir='ltr'>Ebo-</span> 
     </span>
     <span class='ocr_line' id='line_1_4' title="bbox 18 279 1234 329; baseline -0.012 -6"><span class='ocrx_word' id='word_1_25' title='bbox 18 300 80 323; x_wconf 66' lang='lat' dir='ltr'>Heu.</span> <span class='ocrx_word' id='word_1_26' title='bbox 99 305 127 329; x_wconf 74' lang='lat'>4.</span> <span class='ocrx_word' id='word_1_27' title='bbox 165 304 229 324; x_wconf 87' lang='lat' dir='ltr'>rum</span> <span class='ocrx_word' id='word_1_28' title='bbox 249 293 381 323; x_wconf 69' lang='lat' dir='ltr'>Dioccel‘e</span> <span class='ocrx_word' id='word_1_29' title='bbox 395 315 404 329; x_wconf 84' lang='lat'>,</span> <span class='ocrx_word' id='word_1_30' title='bbox 429 291 463 320; x_wconf 86' lang='lat' dir='ltr'>de</span> <span class='ocrx_word' id='word_1_31' title='bbox 477 313 486 326; x_wconf 90' lang='lat'>,</span> <span class='ocrx_word' id='word_1_32' title='bbox 511 287 627 317; x_wconf 64' lang='lat' dir='ltr'>Dileeio</span> <span class='ocrx_word' id='word_1_33' title='bbox 643 287 726 316; x_wconf 88' lang='lat' dir='ltr'>nobis</span> <span class='ocrx_word' id='word_1_34' title='bbox 752 287 783 316; x_wconf 92' lang='lat' dir='ltr'>in</span> <span class='ocrx_word' id='word_1_35' title='bbox 801 285 920 316; x_wconf 90' lang='lat' dir='ltr'>Christo</span> <span class='ocrx_word' id='word_1_36' title='bbox 933 307 943 322; x_wconf 86' lang='lat'>‚</span> <span class='ocrx_word' id='word_1_37' title='bbox 966 287 1064 313; x_wconf 81' lang='lat' dir='ltr'><em>Fratre</em></span> <span class='ocrx_word' id='word_1_38' title='bbox 1087 279 1234 322; x_wconf 67' lang='lat' dir='ltr'>Willielmq</span> 
     </span>
     <span class='ocr_line' id='line_1_5' title="bbox 165 319 1235 372; baseline -0.015 -10"><span class='ocrx_word' id='word_1_39' title='bbox 165 335 263 372; x_wconf 73' lang='lat' dir='ltr'>Pygott</span> <span class='ocrx_word' id='word_1_40' title='bbox 279 355 288 369; x_wconf 80' lang='lat'>,</span> <span class='ocrx_word' id='word_1_41' title='bbox 308 329 459 361; x_wconf 73' lang='lat' dir='ltr'>Monaclio</span> <span class='ocrx_word' id='word_1_42' title='bbox 483 325 606 364; x_wconf 82' lang='lat' dir='ltr'>ejusdem</span> <span class='ocrx_word' id='word_1_43' title='bbox 624 324 755 363; x_wconf 71' lang='lat' dir='ltr'>Domus,</span> <span class='ocrx_word' id='word_1_44' title='bbox 775 326 803 354; x_wconf 88' lang='lat' dir='ltr'>in</span> <span class='ocrx_word' id='word_1_45' title='bbox 823 324 965 355; x_wconf 86' lang='lat' dir='ltr'>Abbatein</span> <span class='ocrx_word' id='word_1_46' title='bbox 988 322 1062 355; x_wconf 85' lang='lat' dir='ltr'>Loci</span> <span class='ocrx_word' id='word_1_47' title='bbox 1078 319 1235 361; x_wconf 33' lang='lat' dir='ltr'>illius-(cui</span> 
     </span>
     <span class='ocr_line' id='line_1_6' title="bbox 162 359 1235 410; baseline -0.016 -9"><span class='ocrx_word' id='word_1_48' title='bbox 162 373 236 410; x_wconf 83' lang='lat' dir='ltr'>prius</span> <span class='ocrx_word' id='word_1_49' title='bbox 253 369 375 399; x_wconf 60' lang='lat' dir='ltr'>Rectum</span> <span class='ocrx_word' id='word_1_50' title='bbox 394 364 541 396; x_wconf 79' lang='lat' dir='ltr'>Affensum</span> <span class='ocrx_word' id='word_1_51' title='bbox 557 363 735 394; x_wconf 82' lang='lat' dir='ltr'>adhibuimus</span> <span class='ocrx_word' id='word_1_52' title='bbox 751 365 783 394; x_wconf 71' lang='grc' dir='ltr'>ὃ(</span> <span class='ocrx_word' id='word_1_53' title='bbox 800 362 948 397; x_wconf 85' lang='lat' dir='ltr'>favorem)</span> <span class='ocrx_word' id='word_1_54' title='bbox 969 359 1235 398; x_wconf 68' lang='lat' dir='ltr'>confirmaverit,ii-</span> 
     </span>
     <span class='ocr_line' id='line_1_7' title="bbox 167 394 1237 475; baseline -0.014 -37"><span class='ocrx_word' id='word_1_55' title='bbox 167 418 217 439; x_wconf 88' lang='lat' dir='ltr'>cut</span> <span class='ocrx_word' id='word_1_56' title='bbox 230 414 279 475; x_wconf 49' lang='lat' dir='ltr'>fier·</span> <span class='ocrx_word' id='word_1_57' title='bbox 297 396 399 437; x_wconf 59' lang='lat' dir='ltr'>{iteras</span> <span class='ocrx_word' id='word_1_58' title='bbox 416 405 544 435; x_wconf 86' lang='lat' dir='ltr'>Patentes</span> <span class='ocrx_word' id='word_1_59' title='bbox 559 402 640 441; x_wconf 83' lang='lat' dir='ltr'>ipsius</span> <span class='ocrx_word' id='word_1_60' title='bbox 654 401 805 440; x_wconf 82' lang='lat' dir='ltr'>CustodiS,</span> <span class='ocrx_word' id='word_1_61' title='bbox 822 402 904 431; x_wconf 87' lang='lat' dir='ltr'>nobis</span> <span class='ocrx_word' id='word_1_62' title='bbox 919 399 986 430; x_wconf 81' lang='lat' dir='ltr'>inde</span> <span class='ocrx_word' id='word_1_63' title='bbox 1000 397 1136 433; x_wconf 59' lang='lat' dir='ltr'>directas,</span> <span class='ocrx_word' id='word_1_64' title='bbox 1154 394 1237 424; x_wconf 89' lang='lat' dir='ltr'>nobis</span> 
     </span>
     <span class='ocr_line' id='line_1_8' title="bbox 216 457 226 475; baseline 0 0"><span class='ocrx_word' id='word_1_65' title='bbox 216 457 226 475; x_wconf 78' lang='grc' dir='ltr'>Ἰ</span> 
     </span>
     <span class='ocr_line' id='line_1_9' title="bbox 168 455 1239 520; baseline -0.014 -6"><span class='ocrx_word' id='word_1_66' title='bbox 168 455 295 520; x_wconf 40' lang='lat' dir='ltr'>cobios}</span> <span class='ocrx_word' id='word_1_67' title='bbox 313 481 570 512; x_wconf 74' lang='lat' dir='ltr'>Confirmationem</span> <span class='ocrx_word' id='word_1_68' title='bbox 592 479 667 509; x_wconf 88' lang='lat' dir='ltr'>illam</span> <span class='ocrx_word' id='word_1_69' title='bbox 685 486 862 517; x_wconf 78' lang='lat' dir='ltr'>acceptantes</span> <span class='ocrx_word' id='word_1_70' title='bbox 877 500 895 519; x_wconf 66' lang='lat'>³,</span> <span class='ocrx_word' id='word_1_71' title='bbox 915 477 1042 518; x_wconf 81' lang='lat' dir='ltr'>cepimus</span> <span class='ocrx_word' id='word_1_72' title='bbox 1064 471 1239 513; x_wconf 83' lang='lat' dir='ltr'>Fidelitatem</span> 
     </span>
     <span class='ocr_line' id='line_1_10' title="bbox 165 507 1235 589; baseline -0.015 -36"><span class='ocrx_word' id='word_1_73' title='bbox 165 523 246 567; x_wconf 72' lang='lat' dir='ltr'>ipsius</span> <span class='ocrx_word' id='word_1_74' title='bbox 260 521 348 589; x_wconf 32' lang='lat' dir='ltr'>Ele-{iti</span> <span class='ocrx_word' id='word_1_75' title='bbox 358 544 366 559; x_wconf 83' lang='lat'>‚</span> <span class='ocrx_word' id='word_1_76' title='bbox 384 522 417 552; x_wconf 69' lang='grc' dir='ltr'>ὃ(</span> <span class='ocrx_word' id='word_1_77' title='bbox 430 518 612 557; x_wconf 83' lang='lat' dir='ltr'>Temporalia</span> <span class='ocrx_word' id='word_1_78' title='bbox 627 517 754 548; x_wconf 78' lang='lat' dir='ltr'>Abbatiae</span> <span class='ocrx_word' id='word_1_79' title='bbox 768 517 945 555; x_wconf 86' lang='lat' dir='ltr'>illius,prout</span> <span class='ocrx_word' id='word_1_80' title='bbox 961 522 1048 545; x_wconf 90' lang='lat' dir='ltr'>moris</span> <span class='ocrx_word' id='word_1_81' title='bbox 1062 510 1121 550; x_wconf 88' lang='lat' dir='ltr'>est,</span> <span class='ocrx_word' id='word_1_82' title='bbox 1138 507 1235 540; x_wconf 71' lang='lat' dir='ltr'>Resti-</span> 
     </span>
     <span class='ocr_line' id='line_1_11' title="bbox 168 570 1237 635; baseline -0.013 -6"><span class='ocrx_word' id='word_1_83' title='bbox 168 570 328 629; x_wconf 56' lang='lat' dir='ltr'>tmffluii‘eb</span> <span class='ocrx_word' id='word_1_84' title='bbox 336 570 401 629; x_wconf 44' lang='lat' dir='ltr'>effi),</span> <span class='ocrx_word' id='word_1_85' title='bbox 419 597 597 634; x_wconf 78' lang='lat' dir='ltr'>prcecipirnus</span> <span class='ocrx_word' id='word_1_86' title='bbox 622 595 702 633; x_wconf 77' lang='lat' dir='ltr'>quod</span> <span class='ocrx_word' id='word_1_87' title='bbox 727 593 820 624; x_wconf 88' lang='lat' dir='ltr'>eidem</span> <span class='ocrx_word' id='word_1_88' title='bbox 839 593 944 635; x_wconf 78' lang='lat' dir='ltr'>Abbati</span> <span class='ocrx_word' id='word_1_89' title='bbox 962 587 1147 627; x_wconf 85' lang='lat' dir='ltr'>Temporalia</span> <span class='ocrx_word' id='word_1_90' title='bbox 1164 595 1237 630; x_wconf 81' lang='lat' dir='ltr'>prae-</span> 
     </span>
     <span class='ocr_line' id='line_1_12' title="bbox 167 624 1239 674; baseline -0.012 -7"><span class='ocrx_word' id='word_1_91' title='bbox 167 638 260 674; x_wconf 65' lang='lat' dir='ltr'>dieta,</span> <span class='ocrx_word' id='word_1_92' title='bbox 280 646 346 666; x_wconf 88' lang='lat' dir='ltr'>cum</span> <span class='ocrx_word' id='word_1_93' title='bbox 364 636 553 674; x_wconf 72' lang='lat' dir='ltr'>pertinentiis,</span> <span class='ocrx_word' id='word_1_94' title='bbox 572 635 601 664; x_wconf 90' lang='lat' dir='ltr'>in</span> <span class='ocrx_word' id='word_1_95' title='bbox 616 634 720 665; x_wconf 77' lang='lat' dir='ltr'>Balliva</span> <span class='ocrx_word' id='word_1_96' title='bbox 734 642 780 663; x_wconf 83' lang='lat' dir='ltr'>tua</span> <span class='ocrx_word' id='word_1_97' title='bbox 793 656 804 671; x_wconf 83' lang='lat'>,</span> <span class='ocrx_word' id='word_1_98' title='bbox 822 632 921 662; x_wconf 84' lang='lat' dir='ltr'><strong>liberes</strong></span> <span class='ocrx_word' id='word_1_99' title='bbox 935 639 963 659; x_wconf 92' lang='lat' dir='ltr'>in</span> <span class='ocrx_word' id='word_1_100' title='bbox 980 629 1072 659; x_wconf 86' lang='lat' dir='ltr'>forma</span> <span class='ocrx_word' id='word_1_101' title='bbox 1086 624 1239 665; x_wconf 66' lang='lat' dir='ltr'>praedicCta3</span> 
     </span>
     <span class='ocr_line' id='line_1_13' title="bbox 171 675 1153 713; baseline -0.011 -7"><span class='ocrx_word' id='word_1_102' title='bbox 171 675 246 706; x_wconf 82' lang='lat' dir='ltr'>salvo</span> <span class='ocrx_word' id='word_1_103' title='bbox 258 676 317 712; x_wconf 82' lang='lat' dir='ltr'>jure</span> <span class='ocrx_word' id='word_1_104' title='bbox 331 675 487 713; x_wconf 83' lang='lat' dir='ltr'>cujussibet.</span> <span class='ocrx_word' id='word_1_105' title='bbox 995 706 997 709; x_wconf 20' lang='lat' dir='ltr'>v</span> <span class='ocrx_word' id='word_1_106' title='bbox 1040 707 1046 711; x_wconf 30' lang='grc' dir='ltr'>ι</span> <span class='ocrx_word' id='word_1_107' title='bbox 1138 703 1153 709; x_wconf 91' lang='lat'>..</span> 
     </span>
     <span class='ocr_line' id='line_1_14' title="bbox 204 702 1166 752; baseline -0.011 -7"><span class='ocrx_word' id='word_1_108' title='bbox 204 713 296 744; x_wconf 84' lang='lat' dir='ltr'>Teste</span> <span class='ocrx_word' id='word_1_109' title='bbox 309 713 394 752; x_wconf 87' lang='lat' dir='ltr'><strong>Rege</strong></span> <span class='ocrx_word' id='word_1_110' title='bbox 409 711 483 752; x_wconf 84' lang='lat' dir='ltr'>apud</span> <span class='ocrx_word' id='word_1_111' title='bbox 498 710 772 751; x_wconf 77' lang='lat' dir='ltr'>Wstmonasterium,</span> <span class='ocrx_word' id='word_1_112' title='bbox 788 709 908 740; x_wconf 89' lang='lat' dir='ltr'>decimo</span> <span class='ocrx_word' id='word_1_113' title='bbox 921 708 1005 738; x_wconf 85' lang='lat' dir='ltr'>tertio</span> <span class='ocrx_word' id='word_1_114' title='bbox 1018 705 1064 736; x_wconf 90' lang='lat' dir='ltr'>die</span> <span class='ocrx_word' id='word_1_115' title='bbox 1082 702 1166 741; x_wconf 76' lang='lat' dir='ltr'>Mau,</span> 
     </span>
    </p>
   </div>
   <div class='ocr_carea' id='block_1_3' title="bbox 685 780 1139 820">
    <p class='ocr_par' dir='ltr' id='par_1_3' title="bbox 685 780 1139 820">
     <span class='ocr_line' id='line_1_15' title="bbox 685 780 1139 820; baseline -0.018 -3"><span class='ocrx_word' id='word_1_116' title='bbox 685 790 739 817; x_wconf 83' lang='lat' dir='ltr'>Per</span> <span class='ocrx_word' id='word_1_117' title='bbox 753 789 848 816; x_wconf 81' lang='lat' dir='ltr'><em>Breve</em></span> <span class='ocrx_word' id='word_1_118' title='bbox 860 785 891 815; x_wconf 81' lang='lat' dir='ltr'>de</span> <span class='ocrx_word' id='word_1_119' title='bbox 907 786 1026 814; x_wconf 81' lang='lat' dir='ltr'>Privato</span> <span class='ocrx_word' id='word_1_120' title='bbox 1040 780 1139 820; x_wconf 75' lang='lat' dir='ltr'>sigillo.</span> 
     </span>
    </p>
   </div>
   <div class='ocr_carea' id='block_1_4' title="bbox 173 855 1240 942">
    <p class='ocr_par' dir='ltr' id='par_1_4' title="bbox 173 855 1240 942">
     <span class='ocr_line' id='line_1_16' title="bbox 173 855 1240 902; baseline -0.013 -3"><span class='ocrx_word' id='word_1_121' title='bbox 173 867 342 899; x_wconf 79' lang='lat' dir='ltr'>Consimilia</span> <span class='ocrx_word' id='word_1_122' title='bbox 359 867 458 898; x_wconf 79' lang='lat' dir='ltr'>Brevia</span> <span class='ocrx_word' id='word_1_123' title='bbox 471 865 628 902; x_wconf 86' lang='lat' dir='ltr'>diriguntur</span> <span class='ocrx_word' id='word_1_124' title='bbox 644 863 836 895; x_wconf 88' lang='lat' dir='ltr'>Escaetoribus</span> <span class='ocrx_word' id='word_1_125' title='bbox 849 860 1022 898; x_wconf 80' lang='lat' dir='ltr'>subscriptis,</span> <span class='ocrx_word' id='word_1_126' title='bbox 1042 859 1072 888; x_wconf 93' lang='lat' dir='ltr'>in</span> <span class='ocrx_word' id='word_1_127' title='bbox 1088 855 1240 888; x_wconf 87' lang='lat' dir='ltr'>Comitati-</span> 
     </span>
     <span class='ocr_line' id='line_1_17' title="bbox 357 899 1049 942; baseline -0.013 -6"><span class='ocrx_word' id='word_1_128' title='bbox 357 907 408 936; x_wconf 91' lang='lat' dir='ltr'>bus</span> <span class='ocrx_word' id='word_1_129' title='bbox 422 904 597 942; x_wconf 81' lang='lat' dir='ltr'>subscriptis,</span> <span class='ocrx_word' id='word_1_130' title='bbox 612 903 660 934; x_wconf 90' lang='lat' dir='ltr'>sub</span> <span class='ocrx_word' id='word_1_131' title='bbox 674 902 772 935; x_wconf 79' lang='lat' dir='ltr'>eadem</span> <span class='ocrx_word' id='word_1_132' title='bbox 790 901 883 939; x_wconf 58' lang='lat' dir='ltr'>Dat53</span> <span class='ocrx_word' id='word_1_133' title='bbox 903 899 1049 934; x_wconf 85' lang='lat' dir='ltr'>videlicet,</span> 
     </span>
    </p>
   </div>
   <div class='ocr_carea' id='block_1_5' title="bbox 212 980 720 1100">
    <p class='ocr_par' dir='ltr' id='par_1_5' title="bbox 212 980 720 1100">
     <span class='ocr_line' id='line_1_18' title="bbox 212 980 720 1023; baseline -0.01 -9"><span class='ocrx_word' id='word_1_134' title='bbox 212 983 351 1023; x_wconf 77' lang='lat' dir='ltr'>Efiaetori</span> <span class='ocrx_word' id='word_1_135' title='bbox 367 985 442 1019; x_wconf 79' lang='lat' dir='ltr'>Regis</span> <span class='ocrx_word' id='word_1_136' title='bbox 456 984 484 1011; x_wconf 85' lang='lat' dir='ltr'>in</span> <span class='ocrx_word' id='word_1_137' title='bbox 502 985 573 1010; x_wconf 87' lang='lat' dir='ltr'>Com.</span> <span class='ocrx_word' id='word_1_138' title='bbox 591 980 720 1010; x_wconf 85' lang='lat' dir='ltr'>Lincoln.</span> 
     </span>
     <span class='ocr_line' id='line_1_19' title="bbox 215 1022 671 1061; baseline -0.013 -8"><span class='ocrx_word' id='word_1_139' title='bbox 215 1022 353 1061; x_wconf 76' lang='lat' dir='ltr'>Efiaetori</span> <span class='ocrx_word' id='word_1_140' title='bbox 366 1024 441 1056; x_wconf 68' lang='lat' dir='ltr'>Regis</span> <span class='ocrx_word' id='word_1_141' title='bbox 455 1023 484 1049; x_wconf 85' lang='lat' dir='ltr'>in</span> <span class='ocrx_word' id='word_1_142' title='bbox 501 1023 572 1049; x_wconf 85' lang='lat' dir='ltr'>Com.</span> <span class='ocrx_word' id='word_1_143' title='bbox 592 1022 635 1048; x_wconf 82' lang='lat' dir='ltr'>Le</span> <span class='ocrx_word' id='word_1_144' title='bbox 651 1030 671 1048; x_wconf 85' lang='lat' dir='ltr'>c.</span> 
     </span>
     <span class='ocr_line' id='line_1_20' title="bbox 212 1030 706 1100; baseline -0.01 -9"><span class='ocrx_word' id='word_1_145' title='bbox 212 1062 353 1100; x_wconf 82' lang='lat' dir='ltr'>Esc&#39;aetori</span> <span class='ocrx_word' id='word_1_146' title='bbox 368 1062 446 1096; x_wconf 60' lang='lat' dir='ltr'>Regis</span> <span class='ocrx_word' id='word_1_147' title='bbox 464 1061 492 1088; x_wconf 83' lang='lat' dir='ltr'>in</span> <span class='ocrx_word' id='word_1_148' title='bbox 506 1061 577 1088; x_wconf 87' lang='lat' dir='ltr'>Com.</span> <span class='ocrx_word' id='word_1_149' title='bbox 598 1030 706 1087; x_wconf 56' lang='grc' dir='ltr'><em>Νιζνιῇ.</em></span> 
     </span>
    </p>
   </div>
   <div class='ocr_carea' id='block_1_6' title="bbox 211 1133 753 1172">
    <p class='ocr_par' dir='ltr' id='par_1_6' title="bbox 211 1133 753 1172">
     <span class='ocr_line' id='line_1_21' title="bbox 211 1133 753 1172; baseline -0.009 -4"><span class='ocrx_word' id='word_1_150' title='bbox 211 1137 248 1168; x_wconf 90' lang='lat' dir='ltr'>Et</span> <span class='ocrx_word' id='word_1_151' title='bbox 269 1136 437 1168; x_wconf 72' lang='lat' dir='ltr'>Mandatum</span> <span class='ocrx_word' id='word_1_152' title='bbox 456 1134 496 1165; x_wconf 90' lang='lat' dir='ltr'>est</span> <span class='ocrx_word' id='word_1_153' title='bbox 515 1134 674 1172; x_wconf 83' lang='lat' dir='ltr'>Militibus,</span> <span class='ocrx_word' id='word_1_154' title='bbox 692 1133 753 1164; x_wconf 85' lang='lat' dir='ltr'>&amp;c.</span> 
     </span>
    </p>
   </div>
   <div class='ocr_carea' id='block_1_7' title="bbox 179 1227 279 1231">
    <p class='ocr_par' dir='ltr' id='par_1_7' title="bbox 179 1227 279 1231">
     <span class='ocr_line' id='line_1_22' title="bbox 179 1227 279 1231; baseline 0 0"><span class='ocrx_word' id='word_1_155' title='bbox 179 1227 279 1231; x_wconf 95' lang='lat' dir='ltr'> </span> 
     </span>
    </p>
   </div>
   <div class='ocr_carea' id='block_1_8' title="bbox 500 1224 612 1229">
    <p class='ocr_par' dir='ltr' id='par_1_8' title="bbox 500 1224 612 1229">
     <span class='ocr_line' id='line_1_23' title="bbox 500 1224 612 1229; baseline 0 0"><span class='ocrx_word' id='word_1_156' title='bbox 500 1224 612 1229; x_wconf 95' lang='lat' dir='ltr'> </span> 
     </span>
    </p>
   </div>
   <div class='ocr_carea' id='block_1_9' title="bbox 543 1268 897 1316">
    <p class='ocr_par' dir='ltr' id='par_1_9' title="bbox 543 1268 897 1316">
     <span class='ocr_line' id='line_1_24' title="bbox 543 1268 897 1316; baseline -0.011 -12"><span class='ocrx_word' id='word_1_157' title='bbox 543 1272 593 1304; x_wconf 93' lang='lat' dir='ltr'>De</span> <span class='ocrx_word' id='word_1_158' title='bbox 609 1268 897 1316; x_wconf 70' lang='lat' dir='ltr'>Exemplificazione.</span> 
     </span>
    </p>
   </div>
   <div class='ocr_carea' id='block_1_10' title="bbox 134 1354 1256 1429">
    <p class='ocr_par' dir='ltr' id='par_1_10' title="bbox 134 1354 1256 1429">
     <span class='ocr_line' id='line_1_25' title="bbox 160 1354 888 1414; baseline -0.01 -23"><span class='ocrx_word' id='word_1_159' title='bbox 160 1386 166 1392; x_wconf 87' lang='lat'>.</span> <span class='ocrx_word' id='word_1_160' title='bbox 187 1358 270 1414; x_wconf 79' lang='lat' dir='ltr'>RE</span> <span class='ocrx_word' id='word_1_161' title='bbox 279 1358 309 1389; x_wconf 86' lang='lat' dir='ltr'>X</span> <span class='ocrx_word' id='word_1_162' title='bbox 329 1357 476 1388; x_wconf 84' lang='lat' dir='ltr'>Omnibus</span> <span class='ocrx_word' id='word_1_163' title='bbox 485 1380 495 1395; x_wconf 88' lang='lat'>,</span> <span class='ocrx_word' id='word_1_164' title='bbox 510 1356 544 1387; x_wconf 84' lang='lat' dir='ltr'>ad</span> <span class='ocrx_word' id='word_1_165' title='bbox 562 1366 634 1395; x_wconf 88' lang='lat' dir='ltr'>quos</span> <span class='ocrx_word' id='word_1_166' title='bbox 642 1379 652 1395; x_wconf 85' lang='lat'>,</span> <span class='ocrx_word' id='word_1_167' title='bbox 671 1356 732 1387; x_wconf 90' lang='lat' dir='ltr'>&amp;c.</span> <span class='ocrx_word' id='word_1_168' title='bbox 752 1354 888 1396; x_wconf 35' lang='lat' dir='ltr'>Salutem.-</span> 
     </span>
     <span class='ocr_line' id='line_1_26' title="bbox 134 1388 1256 1429; baseline -0.012 0"><span class='ocrx_word' id='word_1_169' title='bbox 134 1424 140 1429; x_wconf 91' lang='lat'><strong><em>.</em></strong></span> <span class='ocrx_word' id='word_1_170' title='bbox 285 1398 296 1427; x_wconf 88' lang='lat'><em>1</em></span> <span class='ocrx_word' id='word_1_171' title='bbox 309 1406 331 1427; x_wconf 81' lang='lat' dir='ltr'>N</span> <span class='ocrx_word' id='word_1_172' title='bbox 344 1406 355 1427; x_wconf 86' lang='lat' dir='ltr'>s</span> <span class='ocrx_word' id='word_1_173' title='bbox 365 1407 383 1428; x_wconf 84' lang='lat' dir='ltr'><strong>P</strong></span> <span class='ocrx_word' id='word_1_174' title='bbox 395 1406 412 1426; x_wconf 83' lang='lat' dir='ltr'>E</span> <span class='ocrx_word' id='word_1_175' title='bbox 423 1406 439 1426; x_wconf 88' lang='lat' dir='ltr'>x</span> <span class='ocrx_word' id='word_1_176' title='bbox 448 1406 459 1425; x_wconf 85' lang='lat' dir='ltr'>I</span> <span class='ocrx_word' id='word_1_177' title='bbox 471 1405 497 1426; x_wconf 62' lang='lat' dir='ltr'>ixi</span> <span class='ocrx_word' id='word_1_178' title='bbox 507 1404 530 1426; x_wconf 77' lang='grc' dir='ltr'>υ</span> <span class='ocrx_word' id='word_1_179' title='bbox 541 1404 554 1425; x_wconf 88' lang='lat' dir='ltr'>s</span> <span class='ocrx_word' id='word_1_180' title='bbox 575 1394 818 1425; x_wconf 85' lang='lat' dir='ltr'>irrotulamentum</span> <span class='ocrx_word' id='word_1_181' title='bbox 843 1389 987 1429; x_wconf 75' lang='lat' dir='ltr'>cujusdam</span> <span class='ocrx_word' id='word_1_182' title='bbox 1008 1388 1045 1420; x_wconf 81' lang='lat' dir='ltr'><strong>M</strong></span> <span class='ocrx_word' id='word_1_183' title='bbox 1055 1398 1073 1419; x_wconf 83' lang='lat' dir='ltr'>E</span> <span class='ocrx_word' id='word_1_184' title='bbox 1083 1396 1109 1418; x_wconf 82' lang='grc' dir='ltr'><strong>Μ</strong></span> <span class='ocrx_word' id='word_1_185' title='bbox 1119 1398 1139 1418; x_wconf 92' lang='lat' dir='ltr'>o</span> <span class='ocrx_word' id='word_1_186' title='bbox 1149 1396 1172 1418; x_wconf 74' lang='lat' dir='ltr'>R</span> <span class='ocrx_word' id='word_1_187' title='bbox 1184 1396 1204 1417; x_wconf 81' lang='grc' dir='ltr'><strong>Α</strong></span> <span class='ocrx_word' id='word_1_188' title='bbox 1214 1395 1256 1417; x_wconf 75' lang='lat' dir='ltr'>N-</span> 
     </span>
    </p>
   </div>
   <div class='ocr_carea' id='block_1_11' title="bbox 66 1426 1256 1512">
    <p class='ocr_par' dir='ltr' id='par_1_11' title="bbox 66 1426 1256 1512">
     <span class='ocr_line' id='line_1_27' title="bbox 66 1426 1256 1474; baseline -0.009 -8"><span class='ocrx_word' id='word_1_189' title='bbox 66 1452 73 1466; x_wconf 80' lang='lat' dir='ltr'><em>l</em></span> <span class='ocrx_word' id='word_1_190' title='bbox 123 1460 129 1466; x_wconf 92' lang='lat'><strong>.</strong></span> <span class='ocrx_word' id='word_1_191' title='bbox 186 1446 226 1467; x_wconf 82' lang='lat' dir='ltr'>DI</span> <span class='ocrx_word' id='word_1_192' title='bbox 237 1459 246 1474; x_wconf 81' lang='grc'>,</span> <span class='ocrx_word' id='word_1_193' title='bbox 264 1437 294 1467; x_wconf 89' lang='lat' dir='ltr'>in</span> <span class='ocrx_word' id='word_1_194' title='bbox 307 1435 420 1466; x_wconf 85' lang='lat' dir='ltr'>Rotulis</span> <span class='ocrx_word' id='word_1_195' title='bbox 437 1434 625 1471; x_wconf 78' lang='lat' dir='ltr'>parlamenti,</span> <span class='ocrx_word' id='word_1_196' title='bbox 643 1433 717 1471; x_wconf 89' lang='lat' dir='ltr'>apud</span> <span class='ocrx_word' id='word_1_197' title='bbox 734 1428 1036 1466; x_wconf 55' lang='lat' dir='ltr'>erstmonasterium,</span> <span class='ocrx_word' id='word_1_198' title='bbox 1055 1427 1143 1459; x_wconf 86' lang='lat' dir='ltr'>Anno</span> <span class='ocrx_word' id='word_1_199' title='bbox 1157 1426 1256 1464; x_wconf 84' lang='lat' dir='ltr'>Regni</span> 
     </span>
     <span class='ocr_line' id='line_1_28' title="bbox 184 1468 959 1512; baseline -0.012 -6"><span class='ocrx_word' id='word_1_200' title='bbox 184 1477 271 1506; x_wconf 76' lang='lat' dir='ltr'>nostri</span> <span class='ocrx_word' id='word_1_201' title='bbox 288 1473 439 1512; x_wconf 86' lang='lat' dir='ltr'>Secundo,</span> <span class='ocrx_word' id='word_1_202' title='bbox 456 1474 544 1512; x_wconf 87' lang='lat' dir='ltr'>tenti,</span> <span class='ocrx_word' id='word_1_203' title='bbox 563 1481 586 1504; x_wconf 77' lang='lat' dir='ltr'>H</span> <span class='ocrx_word' id='word_1_204' title='bbox 596 1481 616 1502; x_wconf 78' lang='lat' dir='ltr'>A</span> <span class='ocrx_word' id='word_1_205' title='bbox 626 1482 645 1503; x_wconf 85' lang='lat' dir='ltr'>B</span> <span class='ocrx_word' id='word_1_206' title='bbox 658 1481 669 1502; x_wconf 88' lang='lat'>1</span> <span class='ocrx_word' id='word_1_207' title='bbox 680 1480 703 1502; x_wconf 87' lang='lat' dir='ltr'>T</span> <span class='ocrx_word' id='word_1_208' title='bbox 713 1480 724 1502; x_wconf 93' lang='lat' dir='ltr'>i</span> <span class='ocrx_word' id='word_1_209' title='bbox 743 1472 772 1500; x_wconf 88' lang='lat' dir='ltr'>in</span> <span class='ocrx_word' id='word_1_210' title='bbox 787 1471 850 1500; x_wconf 78' lang='lat' dir='ltr'>haec</span> <span class='ocrx_word' id='word_1_211' title='bbox 866 1468 959 1499; x_wconf 87' lang='lat' dir='ltr'>verba.</span> 
     </span>
    </p>
   </div>
   <div class='ocr_carea' id='block_1_12' title="bbox 349 1546 1102 1593">
    <p class='ocr_par' dir='ltr' id='par_1_12' title="bbox 349 1546 1102 1593">
     <span class='ocr_line' id='line_1_29' title="bbox 349 1546 1102 1593; baseline -0.015 -7"><span class='ocrx_word' id='word_1_212' title='bbox 349 1554 479 1593; x_wconf 71' lang='lat' dir='ltr'>ITEM,</span> <span class='ocrx_word' id='word_1_213' title='bbox 500 1561 602 1585; x_wconf 65' lang='lat' dir='ltr'>Fur</span> <span class='ocrx_word' id='word_1_214' title='bbox 628 1562 648 1583; x_wconf 75' lang='lat' dir='ltr'>A</span> <span class='ocrx_word' id='word_1_215' title='bbox 675 1551 960 1582; x_wconf 71' lang='lat' dir='ltr'>REMEMBRER</span> <span class='ocrx_word' id='word_1_216' title='bbox 981 1558 1032 1589; x_wconf 86' lang='lat' dir='ltr'>que</span> <span class='ocrx_word' id='word_1_217' title='bbox 1055 1546 1102 1586; x_wconf 84' lang='lat' dir='ltr'>la,</span> 
     </span>
    </p>
   </div>
   <div class='ocr_carea' id='block_1_13' title="bbox 184 1622 1266 2404">
    <p class='ocr_par' dir='ltr' id='par_1_13' title="bbox 188 1622 1266 1899">
     <span class='ocr_line' id='line_1_30' title="bbox 224 1622 1260 1669; baseline -0.011 -6"><span class='ocrx_word' id='word_1_218' title='bbox 224 1636 269 1662; x_wconf 88' lang='lat' dir='ltr'>Ou</span> <span class='ocrx_word' id='word_1_219' title='bbox 290 1632 422 1663; x_wconf 86' lang='lat' dir='ltr'>Thomas</span> <span class='ocrx_word' id='word_1_220' title='bbox 442 1629 560 1661; x_wconf 85' lang='lat' dir='ltr'>Holand</span> <span class='ocrx_word' id='word_1_221' title='bbox 576 1629 656 1669; x_wconf 83' lang='lat' dir='ltr'><em>jadys</em></span> <span class='ocrx_word' id='word_1_222' title='bbox 679 1631 747 1658; x_wconf 81' lang='lat' dir='ltr'>Cont</span> <span class='ocrx_word' id='word_1_223' title='bbox 768 1628 801 1657; x_wconf 83' lang='lat' dir='ltr'>de</span> <span class='ocrx_word' id='word_1_224' title='bbox 825 1629 918 1664; x_wconf 73' lang='lat' dir='ltr'>Rem,</span> <span class='ocrx_word' id='word_1_225' title='bbox 933 1625 1027 1664; x_wconf 91' lang='lat' dir='ltr'>Johan</span> <span class='ocrx_word' id='word_1_226' title='bbox 1048 1623 1165 1654; x_wconf 81' lang='lat' dir='ltr'>Holand</span> <span class='ocrx_word' id='word_1_227' title='bbox 1182 1622 1260 1662; x_wconf 75' lang='lat' dir='ltr'>iadys</span> 
     </span>
     <span class='ocr_line' id='line_1_31' title="bbox 188 1662 1263 1709; baseline -0.008 -8"><span class='ocrx_word' id='word_1_228' title='bbox 188 1676 278 1701; x_wconf 83' lang='lat' dir='ltr'>Count</span> <span class='ocrx_word' id='word_1_229' title='bbox 293 1671 324 1700; x_wconf 86' lang='lat' dir='ltr'>de</span> <span class='ocrx_word' id='word_1_230' title='bbox 337 1669 631 1709; x_wconf 49' lang='lat' dir='ltr'>Huntyngdonjohan</span> <span class='ocrx_word' id='word_1_231' title='bbox 650 1667 794 1704; x_wconf 82' lang='lat' dir='ltr'>Montagu</span> <span class='ocrx_word' id='word_1_232' title='bbox 810 1666 886 1705; x_wconf 73' lang='lat' dir='ltr'>iadys</span> <span class='ocrx_word' id='word_1_233' title='bbox 901 1669 989 1695; x_wconf 83' lang='lat' dir='ltr'>Count</span> <span class='ocrx_word' id='word_1_234' title='bbox 1006 1663 1037 1692; x_wconf 77' lang='lat' dir='ltr'>de</span> <span class='ocrx_word' id='word_1_235' title='bbox 1051 1662 1263 1700; x_wconf 84' lang='lat' dir='ltr'>Sarum,Tho-</span> 
     </span>
     <span class='ocr_line' id='line_1_32' title="bbox 189 1701 1262 1749; baseline -0.011 -9"><span class='ocrx_word' id='word_1_236' title='bbox 189 1716 249 1741; x_wconf 81' lang='lat' dir='ltr'>mas</span> <span class='ocrx_word' id='word_1_237' title='bbox 260 1710 336 1749; x_wconf 79' lang='lat' dir='ltr'>jadys</span> <span class='ocrx_word' id='word_1_238' title='bbox 351 1709 410 1739; x_wconf 86' lang='lat' dir='ltr'>Sire</span> <span class='ocrx_word' id='word_1_239' title='bbox 426 1709 450 1738; x_wconf 91' lang='lat' dir='ltr'>le</span> <span class='ocrx_word' id='word_1_240' title='bbox 465 1707 640 1744; x_wconf 86' lang='lat' dir='ltr'>Despenser,</span> <span class='ocrx_word' id='word_1_241' title='bbox 658 1705 696 1740; x_wconf 70' lang='lat'>&amp;⁶</span> <span class='ocrx_word' id='word_1_242' title='bbox 714 1705 796 1735; x_wconf 80' lang='lat' dir='ltr'>Rauf</span> <span class='ocrx_word' id='word_1_243' title='bbox 807 1704 912 1743; x_wconf 90' lang='lat' dir='ltr'>Lomly</span> <span class='ocrx_word' id='word_1_244' title='bbox 931 1701 1063 1734; x_wconf 73' lang='lat' dir='ltr'>chivaler</span> <span class='ocrx_word' id='word_1_245' title='bbox 1078 1724 1088 1739; x_wconf 84' lang='lat'>‚</span> <span class='ocrx_word' id='word_1_246' title='bbox 1106 1701 1262 1738; x_wconf 72' lang='lat' dir='ltr'>n&#39;adgairs,</span> 
     </span>
     <span class='ocr_line' id='line_1_33' title="bbox 188 1738 1263 1787; baseline -0.009 -9"><span class='ocrx_word' id='word_1_247' title='bbox 188 1760 221 1778; x_wconf 82' lang='lat' dir='ltr'>en</span> <span class='ocrx_word' id='word_1_248' title='bbox 234 1749 350 1787; x_wconf 64' lang='lat' dir='ltr'>divevjcs</span> <span class='ocrx_word' id='word_1_249' title='bbox 370 1750 476 1776; x_wconf 79' lang='lat' dir='ltr'>Parties</span> <span class='ocrx_word' id='word_1_250' title='bbox 491 1745 680 1782; x_wconf 71' lang='lat' dir='ltr'>d’Engleterre</span> <span class='ocrx_word' id='word_1_251' title='bbox 696 1745 940 1782; x_wconf 76' lang='lat' dir='ltr'>Traiterousement</span> <span class='ocrx_word' id='word_1_252' title='bbox 955 1748 1095 1771; x_wconf 79' lang='lat' dir='ltr'>encountre</span> <span class='ocrx_word' id='word_1_253' title='bbox 1107 1738 1192 1778; x_wconf 85' lang='lat' dir='ltr'>nostre</span> <span class='ocrx_word' id='word_1_254' title='bbox 1201 1738 1263 1769; x_wconf 85' lang='lat' dir='ltr'>Sei-</span> 
     </span>
     <span class='ocr_line' id='line_1_34' title="bbox 189 1777 1262 1825; baseline -0.01 -8"><span class='ocrx_word' id='word_1_255' title='bbox 189 1797 279 1825; x_wconf 75' lang='lat' dir='ltr'>gneur</span> <span class='ocrx_word' id='word_1_256' title='bbox 293 1787 317 1817; x_wconf 90' lang='lat' dir='ltr'>le</span> <span class='ocrx_word' id='word_1_257' title='bbox 335 1786 395 1815; x_wconf 82' lang='lat' dir='ltr'>Roi</span> <span class='ocrx_word' id='word_1_258' title='bbox 409 1809 419 1824; x_wconf 85' lang='lat'>,</span> <span class='ocrx_word' id='word_1_259' title='bbox 440 1784 477 1819; x_wconf 53' lang='grc' dir='ltr'>(θ’</span> <span class='ocrx_word' id='word_1_260' title='bbox 490 1792 613 1814; x_wconf 82' lang='lat' dir='ltr'>encomre</span> <span class='ocrx_word' id='word_1_261' title='bbox 627 1783 684 1812; x_wconf 81' lang='lat' dir='ltr'>laur</span> <span class='ocrx_word' id='word_1_262' title='bbox 699 1785 850 1820; x_wconf 75' lang='lat' dir='ltr'>Ligeaume</span> <span class='ocrx_word' id='word_1_263' title='bbox 859 1804 869 1819; x_wconf 82' lang='lat'><em>‚</em></span> <span class='ocrx_word' id='word_1_264' title='bbox 883 1790 935 1820; x_wconf 86' lang='lat' dir='ltr'>pur</span> <span class='ocrx_word' id='word_1_265' title='bbox 948 1778 1088 1817; x_wconf 78' lang='lat' dir='ltr'>Destruier</span> <span class='ocrx_word' id='word_1_266' title='bbox 1102 1777 1187 1817; x_wconf 81' lang='lat' dir='ltr'>nostre</span> <span class='ocrx_word' id='word_1_267' title='bbox 1205 1780 1262 1806; x_wconf 87' lang='lat' dir='ltr'>Sei-</span> 
     </span>
     <span class='ocr_line' id='line_1_35' title="bbox 191 1815 1266 1865; baseline -0.009 -10"><span class='ocrx_word' id='word_1_268' title='bbox 191 1836 276 1863; x_wconf 83' lang='lat' dir='ltr'>gneur</span> <span class='ocrx_word' id='word_1_269' title='bbox 293 1825 318 1854; x_wconf 85' lang='lat' dir='ltr'>le</span> <span class='ocrx_word' id='word_1_270' title='bbox 333 1827 387 1865; x_wconf 80' lang='lat' dir='ltr'>Ray</span> <span class='ocrx_word' id='word_1_271' title='bbox 402 1847 411 1861; x_wconf 90' lang='lat'>,</span> <span class='ocrx_word' id='word_1_272' title='bbox 434 1823 471 1859; x_wconf 62' lang='lat' dir='ltr'>&lt;ly</span> <span class='ocrx_word' id='word_1_273' title='bbox 487 1830 577 1853; x_wconf 76' lang='lat' dir='ltr'>autres</span> <span class='ocrx_word' id='word_1_274' title='bbox 592 1822 783 1858; x_wconf 66' lang='lat' dir='ltr'>Graundes&#39;du</span> <span class='ocrx_word' id='word_1_275' title='bbox 797 1820 917 1850; x_wconf 77' lang='lat' dir='ltr'>Roialme</span> <span class='ocrx_word' id='word_1_276' title='bbox 932 1817 970 1854; x_wconf 62' lang='grc' dir='ltr'>(γ</span> <span class='ocrx_word' id='word_1_277' title='bbox 989 1817 1014 1848; x_wconf 89' lang='lat' dir='ltr'>le</span> <span class='ocrx_word' id='word_1_278' title='bbox 1029 1818 1069 1847; x_wconf 84' lang='lat' dir='ltr'>dit</span> <span class='ocrx_word' id='word_1_279' title='bbox 1089 1815 1208 1847; x_wconf 82' lang='lat' dir='ltr'>Roialme</span> <span class='ocrx_word' id='word_1_280' title='bbox 1222 1816 1266 1845; x_wconf 81' lang='lat' dir='ltr'>des</span> 
     </span>
     <span class='ocr_line' id='line_1_36' title="bbox 190 1860 707 1899; baseline -0.014 -4"><span class='ocrx_word' id='word_1_281' title='bbox 190 1867 284 1895; x_wconf 84' lang='lat' dir='ltr'>Gentz</span> <span class='ocrx_word' id='word_1_282' title='bbox 299 1864 408 1893; x_wconf 74' lang='lat' dir='ltr'>d&#39;autre</span> <span class='ocrx_word' id='word_1_283' title='bbox 421 1865 519 1899; x_wconf 78' lang='lat' dir='ltr'>Lange</span> <span class='ocrx_word' id='word_1_284' title='bbox 535 1860 707 1899; x_wconf 58' lang='lat' dir='ltr'>Enhabffn,</span> 
     </span>
    </p>

    <p class='ocr_par' dir='ltr' id='par_1_14' title="bbox 185 1892 1265 1979">
     <span class='ocr_line' id='line_1_37' title="bbox 226 1892 1265 1937; baseline -0.009 -6"><span class='ocrx_word' id='word_1_285' title='bbox 226 1905 272 1932; x_wconf 82' lang='lat' dir='ltr'>En</span> <span class='ocrx_word' id='word_1_286' title='bbox 287 1902 344 1931; x_wconf 76' lang='lat' dir='ltr'>laur</span> <span class='ocrx_word' id='word_1_287' title='bbox 358 1901 415 1930; x_wconf 84' lang='lat' dir='ltr'>dite</span> <span class='ocrx_word' id='word_1_288' title='bbox 437 1903 512 1930; x_wconf 85' lang='lat' dir='ltr'>Leue</span> <span class='ocrx_word' id='word_1_289' title='bbox 531 1900 563 1929; x_wconf 82' lang='lat' dir='ltr'>de</span> <span class='ocrx_word' id='word_1_290' title='bbox 579 1902 698 1936; x_wconf 83' lang='lat' dir='ltr'>Guerre,</span> <span class='ocrx_word' id='word_1_291' title='bbox 709 1907 764 1937; x_wconf 85' lang='lat' dir='ltr'>par</span> <span class='ocrx_word' id='word_1_292' title='bbox 788 1895 825 1926; x_wconf 80' lang='lat' dir='ltr'>les</span> <span class='ocrx_word' id='word_1_293' title='bbox 847 1895 933 1927; x_wconf 80' lang='lat' dir='ltr'>loialx</span> <span class='ocrx_word' id='word_1_294' title='bbox 953 1898 1035 1933; x_wconf 65' lang='lat' dir='ltr'>Liger</span> <span class='ocrx_word' id='word_1_295' title='bbox 1049 1892 1134 1934; x_wconf 83' lang='lat' dir='ltr'>uostre</span> <span class='ocrx_word' id='word_1_296' title='bbox 1152 1894 1193 1924; x_wconf 80' lang='lat' dir='ltr'>dit</span> <span class='ocrx_word' id='word_1_297' title='bbox 1208 1895 1265 1923; x_wconf 87' lang='lat' dir='ltr'>Sei-</span> 
     </span>
     <span class='ocr_line' id='line_1_38' title="bbox 185 1936 815 1979; baseline -0.008 -9"><span class='ocrx_word' id='word_1_298' title='bbox 185 1952 271 1979; x_wconf 85' lang='lat' dir='ltr'>gneur</span> <span class='ocrx_word' id='word_1_299' title='bbox 284 1939 309 1969; x_wconf 83' lang='lat' dir='ltr'>le</span> <span class='ocrx_word' id='word_1_300' title='bbox 323 1943 391 1977; x_wconf 84' lang='lat' dir='ltr'>Roi,</span> <span class='ocrx_word' id='word_1_301' title='bbox 408 1938 502 1978; x_wconf 78' lang='lat' dir='ltr'>furent</span> <span class='ocrx_word' id='word_1_302' title='bbox 518 1936 611 1976; x_wconf 70' lang='lat' dir='ltr'>Prisi’z</span> <span class='ocrx_word' id='word_1_303' title='bbox 626 1936 664 1973; x_wconf 47' lang='grc' dir='ltr'>ὠ,</span> <span class='ocrx_word' id='word_1_304' title='bbox 679 1936 815 1966; x_wconf 77' lang='lat' dir='ltr'>Decollez.</span> 
     </span>
    </p>

    <p class='ocr_par' dir='ltr' id='par_1_15' title="bbox 184 1968 1263 2129">
     <span class='ocr_line' id='line_1_39' title="bbox 225 1968 1263 2017; baseline -0.01 -9"><span class='ocrx_word' id='word_1_305' title='bbox 225 1981 267 2008; x_wconf 80' lang='lat' dir='ltr'>Et</span> <span class='ocrx_word' id='word_1_306' title='bbox 276 1988 329 2017; x_wconf 83' lang='lat' dir='ltr'>par</span> <span class='ocrx_word' id='word_1_307' title='bbox 345 1985 409 2007; x_wconf 85' lang='lat' dir='ltr'>tant</span> <span class='ocrx_word' id='word_1_308' title='bbox 424 1985 504 2007; x_wconf 79' lang='lat' dir='ltr'><em>toutz.</em></span> <span class='ocrx_word' id='word_1_309' title='bbox 519 1976 555 2006; x_wconf 78' lang='lat' dir='ltr'>les</span> <span class='ocrx_word' id='word_1_310' title='bbox 577 1979 740 2013; x_wconf 67' lang='lat' dir='ltr'>Seigneuries</span> <span class='ocrx_word' id='word_1_311' title='bbox 759 1971 914 2012; x_wconf 81' lang='lat' dir='ltr'>Temporelx</span> <span class='ocrx_word' id='word_1_312' title='bbox 929 1993 940 2009; x_wconf 95' lang='lat'>,</span> <span class='ocrx_word' id='word_1_313' title='bbox 967 1971 1090 2012; x_wconf 82' lang='lat' dir='ltr'>esteantz</span> <span class='ocrx_word' id='word_1_314' title='bbox 1111 1982 1144 2000; x_wconf 87' lang='lat' dir='ltr'>en</span> <span class='ocrx_word' id='word_1_315' title='bbox 1164 1968 1263 1999; x_wconf 83' lang='lat' dir='ltr'>Parle-</span> 
     </span>
     <span class='ocr_line' id='line_1_40' title="bbox 186 2008 1263 2056; baseline -0.009 -9"><span class='ocrx_word' id='word_1_316' title='bbox 186 2025 276 2055; x_wconf 82' lang='lat' dir='ltr'>ment,</span> <span class='ocrx_word' id='word_1_317' title='bbox 290 2025 343 2056; x_wconf 86' lang='lat' dir='ltr'>par</span> <span class='ocrx_word' id='word_1_318' title='bbox 357 2014 460 2055; x_wconf 74' lang='lat' dir='ltr'>Affi’nt</span> <span class='ocrx_word' id='word_1_319' title='bbox 481 2016 516 2045; x_wconf 83' lang='lat' dir='ltr'>du</span> <span class='ocrx_word' id='word_1_320' title='bbox 538 2018 593 2056; x_wconf 82' lang='lat' dir='ltr'>Roy</span> <span class='ocrx_word' id='word_1_321' title='bbox 609 2037 619 2052; x_wconf 85' lang='lat'>,</span> <span class='ocrx_word' id='word_1_322' title='bbox 636 2013 815 2044; x_wconf 77' lang='lat' dir='ltr'>Declarerent</span> <span class='ocrx_word' id='word_1_323' title='bbox 839 2009 876 2046; x_wconf 82' lang='lat'><em>&amp;</em></span> <span class='ocrx_word' id='word_1_324' title='bbox 900 2009 1092 2048; x_wconf 77' lang='lat' dir='ltr'>Adjuggerent</span> <span class='ocrx_word' id='word_1_325' title='bbox 1114 2008 1151 2038; x_wconf 81' lang='lat' dir='ltr'>les</span> <span class='ocrx_word' id='word_1_326' title='bbox 1172 2008 1235 2038; x_wconf 76' lang='lat' dir='ltr'>ditz</span> <span class='ocrx_word' id='word_1_327' title='bbox 1252 2030 1263 2046; x_wconf 85' lang='lat'>‚</span> 
     </span>
     <span class='ocr_line' id='line_1_41' title="bbox 184 2045 1261 2094; baseline -0.01 -8"><span class='ocrx_word' id='word_1_328' title='bbox 184 2055 318 2094; x_wconf 77' lang='lat' dir='ltr'>Thomas,</span> <span class='ocrx_word' id='word_1_329' title='bbox 337 2055 455 2094; x_wconf 76' lang='lat' dir='ltr'>Johan,</span> <span class='ocrx_word' id='word_1_330' title='bbox 472 2053 589 2093; x_wconf 65' lang='lat' dir='ltr'>Jahan,</span> <span class='ocrx_word' id='word_1_331' title='bbox 604 2053 738 2090; x_wconf 81' lang='lat' dir='ltr'>Thomas,</span> <span class='ocrx_word' id='word_1_332' title='bbox 756 2050 795 2087; x_wconf 63' lang='grc' dir='ltr'>ό»</span> <span class='ocrx_word' id='word_1_333' title='bbox 813 2048 910 2089; x_wconf 87' lang='lat' dir='ltr'>Rauf,</span> <span class='ocrx_word' id='word_1_334' title='bbox 930 2056 983 2086; x_wconf 82' lang='lat' dir='ltr'>pur</span> <span class='ocrx_word' id='word_1_335' title='bbox 1005 2051 1147 2079; x_wconf 79' lang='lat' dir='ltr'>Traitours</span> <span class='ocrx_word' id='word_1_336' title='bbox 1158 2055 1212 2085; x_wconf 85' lang='lat' dir='ltr'>pur</span> <span class='ocrx_word' id='word_1_337' title='bbox 1230 2045 1261 2076; x_wconf 88' lang='lat' dir='ltr'>la</span> 
     </span>
     <span class='ocr_line' id='line_1_42' title="bbox 185 2087 996 2129; baseline -0.01 -5"><span class='ocrx_word' id='word_1_338' title='bbox 185 2097 262 2125; x_wconf 73' lang='lat' dir='ltr'>Leue</span> <span class='ocrx_word' id='word_1_339' title='bbox 276 2096 308 2124; x_wconf 83' lang='lat' dir='ltr'>de</span> <span class='ocrx_word' id='word_1_340' title='bbox 322 2096 424 2123; x_wconf 81' lang='lat' dir='ltr'>Guerre</span> <span class='ocrx_word' id='word_1_341' title='bbox 439 2099 564 2122; x_wconf 80' lang='lat' dir='ltr'>encontre</span> <span class='ocrx_word' id='word_1_342' title='bbox 577 2092 636 2122; x_wconf 87' lang='lat' dir='ltr'>lour</span> <span class='ocrx_word' id='word_1_343' title='bbox 651 2094 778 2129; x_wconf 83' lang='lat' dir='ltr'>Seigneur</span> <span class='ocrx_word' id='word_1_344' title='bbox 794 2092 862 2128; x_wconf 77' lang='lat' dir='ltr'>Lige</span> <span class='ocrx_word' id='word_1_345' title='bbox 877 2087 996 2128; x_wconf 50' lang='lat' dir='ltr'>faydit,</span> 
     </span>
    </p>

    <p class='ocr_par' dir='ltr' id='par_1_16' title="bbox 187 2123 1266 2326">
     <span class='ocr_line' id='line_1_43' title="bbox 227 2123 1263 2173; baseline -0.009 -11"><span class='ocrx_word' id='word_1_346' title='bbox 227 2135 271 2162; x_wconf 90' lang='lat' dir='ltr'>Et</span> <span class='ocrx_word' id='word_1_347' title='bbox 290 2131 349 2173; x_wconf 84' lang='lat' dir='ltr'>q&#39;ils</span> <span class='ocrx_word' id='word_1_348' title='bbox 370 2131 524 2170; x_wconf 79' lang='lat' dir='ltr'>Forfairent</span> <span class='ocrx_word' id='word_1_349' title='bbox 540 2153 549 2168; x_wconf 85' lang='lat'>,</span> <span class='ocrx_word' id='word_1_350' title='bbox 568 2141 635 2161; x_wconf 86' lang='lat' dir='ltr'>come</span> <span class='ocrx_word' id='word_1_351' title='bbox 657 2132 798 2160; x_wconf 78' lang='lat' dir='ltr'>Traitours</span> <span class='ocrx_word' id='word_1_352' title='bbox 840 2134 921 2157; x_wconf 81' lang='lat' dir='ltr'><em>toutz</em></span> <span class='ocrx_word' id='word_1_353' title='bbox 941 2125 1000 2156; x_wconf 82' lang='lat' dir='ltr'>lour</span> <span class='ocrx_word' id='word_1_354' title='bbox 1022 2128 1116 2156; x_wconf 59' lang='lat' dir='ltr'>Terra</span> <span class='ocrx_word' id='word_1_355' title='bbox 1129 2123 1167 2160; x_wconf 66' lang='grc' dir='ltr'>ό·</span> <span class='ocrx_word' id='word_1_356' title='bbox 1181 2127 1263 2154; x_wconf 64' lang='lat' dir='ltr'>Tene-</span> 
     </span>
     <span class='ocr_line' id='line_1_44' title="bbox 187 2151 1262 2211; baseline -0.008 -10"><span class='ocrx_word' id='word_1_357' title='bbox 187 2178 299 2207; x_wconf 81' lang='lat' dir='ltr'>mentz,</span> <span class='ocrx_word' id='word_1_358' title='bbox 318 2181 406 2211; x_wconf 87' lang='lat' dir='ltr'>queux</span> <span class='ocrx_word' id='word_1_359' title='bbox 423 2170 455 2200; x_wconf 86' lang='lat' dir='ltr'>ils</span> <span class='ocrx_word' id='word_1_360' title='bbox 468 2173 601 2207; x_wconf 73' lang='lat' dir='ltr'>avaient,</span> <span class='ocrx_word' id='word_1_361' title='bbox 616 2179 650 2198; x_wconf 83' lang='lat' dir='ltr'>en</span> <span class='ocrx_word' id='word_1_362' title='bbox 664 2172 715 2198; x_wconf 86' lang='lat' dir='ltr'>Fee</span> <span class='ocrx_word' id='word_1_363' title='bbox 729 2151 825 2205; x_wconf 53' lang='lat' dir='ltr'>Simpss’</span> <span class='ocrx_word' id='word_1_364' title='bbox 842 2189 852 2206; x_wconf 84' lang='lat'>‚</span> <span class='ocrx_word' id='word_1_365' title='bbox 870 2165 895 2195; x_wconf 82' lang='lat' dir='ltr'>le</span> <span class='ocrx_word' id='word_1_366' title='bbox 908 2164 1002 2208; x_wconf 49' lang='lat' dir='ltr'>Quint</span> <span class='ocrx_word' id='word_1_367' title='bbox 1043 2174 1091 2194; x_wconf 86' lang='lat' dir='ltr'>our</span> <span class='ocrx_word' id='word_1_368' title='bbox 1105 2164 1137 2193; x_wconf 84' lang='lat' dir='ltr'>de</span> <span class='ocrx_word' id='word_1_369' title='bbox 1150 2162 1262 2202; x_wconf 81' lang='lat' dir='ltr'>Januer</span> 
     </span>
     <span class='ocr_line' id='line_1_45' title="bbox 187 2202 1265 2248; baseline -0.009 -8"><span class='ocrx_word' id='word_1_370' title='bbox 187 2220 221 2239; x_wconf 81' lang='lat' dir='ltr'>en</span> <span class='ocrx_word' id='word_1_371' title='bbox 236 2209 264 2240; x_wconf 87' lang='lat' dir='ltr'>la</span> <span class='ocrx_word' id='word_1_372' title='bbox 281 2209 363 2239; x_wconf 83' lang='lat' dir='ltr'>Veille</span> <span class='ocrx_word' id='word_1_373' title='bbox 379 2208 424 2238; x_wconf 80' lang='lat' dir='ltr'>del</span> <span class='ocrx_word' id='word_1_374' title='bbox 427 2207 484 2248; x_wconf 82' lang='lat' dir='ltr'>fest</span> <span class='ocrx_word' id='word_1_375' title='bbox 497 2209 529 2238; x_wconf 85' lang='lat' dir='ltr'>de</span> <span class='ocrx_word' id='word_1_376' title='bbox 545 2207 572 2237; x_wconf 90' lang='lat' dir='ltr'>Ia</span> <span class='ocrx_word' id='word_1_377' title='bbox 585 2211 617 2238; x_wconf 85' lang='lat' dir='ltr'>Ti</span> <span class='ocrx_word' id='word_1_378' title='bbox 640 2210 701 2237; x_wconf 83' lang='lat' dir='ltr'>anie</span> <span class='ocrx_word' id='word_1_379' title='bbox 717 2209 841 2244; x_wconf 76' lang='lat' dir='ltr'>Seigneur</span> <span class='ocrx_word' id='word_1_380' title='bbox 856 2203 927 2244; x_wconf 81' lang='lat' dir='ltr'>Jesu</span> <span class='ocrx_word' id='word_1_381' title='bbox 940 2203 1006 2233; x_wconf 67' lang='lat' dir='ltr'>chri</span> <span class='ocrx_word' id='word_1_382' title='bbox 1037 2225 1046 2240; x_wconf 90' lang='lat'>,</span> <span class='ocrx_word' id='word_1_383' title='bbox 1065 2202 1138 2233; x_wconf 86' lang='lat' dir='ltr'>I&#39;An</span> <span class='ocrx_word' id='word_1_384' title='bbox 1156 2202 1192 2231; x_wconf 84' lang='lat' dir='ltr'>du</span> <span class='ocrx_word' id='word_1_385' title='bbox 1211 2203 1265 2230; x_wconf 84' lang='lat' dir='ltr'>Re-</span> 
     </span>
     <span class='ocr_line' id='line_1_46' title="bbox 188 2238 1266 2287; baseline -0.009 -8"><span class='ocrx_word' id='word_1_386' title='bbox 188 2259 241 2286; x_wconf 81' lang='lat' dir='ltr'>gne</span> <span class='ocrx_word' id='word_1_387' title='bbox 257 2247 344 2287; x_wconf 76' lang='lat' dir='ltr'>nostre</span> <span class='ocrx_word' id='word_1_388' title='bbox 355 2251 479 2286; x_wconf 80' lang='lat' dir='ltr'>Seigneur</span> <span class='ocrx_word' id='word_1_389' title='bbox 495 2246 518 2276; x_wconf 90' lang='lat' dir='ltr'>Ie</span> <span class='ocrx_word' id='word_1_390' title='bbox 535 2249 589 2286; x_wconf 81' lang='lat' dir='ltr'>Roy</span> <span class='ocrx_word' id='word_1_391' title='bbox 615 2244 698 2285; x_wconf 81' lang='lat' dir='ltr'>uisdit</span> <span class='ocrx_word' id='word_1_392' title='bbox 706 2247 829 2283; x_wconf 59' lang='lat' dir='ltr'>Prima,</span> <span class='ocrx_word' id='word_1_393' title='bbox 847 2254 879 2272; x_wconf 82' lang='lat' dir='ltr'>ou</span> <span class='ocrx_word' id='word_1_394' title='bbox 889 2245 949 2281; x_wconf 82' lang='lat' dir='ltr'>puis</span> <span class='ocrx_word' id='word_1_395' title='bbox 984 2252 1052 2272; x_wconf 86' lang='lat' dir='ltr'>come</span> <span class='ocrx_word' id='word_1_396' title='bbox 1060 2240 1089 2271; x_wconf 80' lang='lat' dir='ltr'>Ia</span> <span class='ocrx_word' id='word_1_397' title='bbox 1102 2243 1174 2281; x_wconf 81' lang='lat' dir='ltr'>Leye</span> <span class='ocrx_word' id='word_1_398' title='bbox 1189 2240 1221 2270; x_wconf 89' lang='lat' dir='ltr'>de</span> <span class='ocrx_word' id='word_1_399' title='bbox 1237 2238 1266 2269; x_wconf 83' lang='lat' dir='ltr'>la</span> 
     </span>
     <span class='ocr_line' id='line_1_47' title="bbox 189 2265 1134 2326; baseline -0.008 -9"><span class='ocrx_word' id='word_1_400' title='bbox 189 2290 271 2317; x_wconf 87' lang='lat' dir='ltr'>Terre</span> <span class='ocrx_word' id='word_1_401' title='bbox 286 2292 369 2325; x_wconf 65' lang='grc' dir='ltr'><em>νοεῖ,</em></span> <span class='ocrx_word' id='word_1_402' title='bbox 387 2285 591 2326; x_wconf 76' lang='lat' dir='ltr'>enftmblement</span> <span class='ocrx_word' id='word_1_403' title='bbox 608 2295 655 2314; x_wconf 85' lang='lat' dir='ltr'>oue</span> <span class='ocrx_word' id='word_1_404' title='bbox 671 2290 752 2314; x_wconf 85' lang='lat' dir='ltr'>toutz</span> <span class='ocrx_word' id='word_1_405' title='bbox 765 2282 822 2313; x_wconf 85' lang='lat' dir='ltr'>lour</span> <span class='ocrx_word' id='word_1_406' title='bbox 837 2284 919 2311; x_wconf 84' lang='lat' dir='ltr'>Biens</span> <span class='ocrx_word' id='word_1_407' title='bbox 933 2265 972 2317; x_wconf 55' lang='grc' dir='ltr'><em>ὁ</em></span> <span class='ocrx_word' id='word_1_408' title='bbox 987 2280 1134 2318; x_wconf 79' lang='lat' dir='ltr'>Chateux,</span> 
     </span>
    </p>

    <p class='ocr_par' dir='ltr' id='par_1_17' title="bbox 193 2316 1264 2404">
     <span class='ocr_line' id='line_1_48' title="bbox 193 2316 1264 2404; baseline -0.008 -48"><span class='ocrx_word' id='word_1_409' title='bbox 193 2365 219 2394; x_wconf 72' lang='lat' dir='ltr'>P</span> <span class='ocrx_word' id='word_1_410' title='bbox 229 2323 437 2404; x_wconf 50' lang='lat' dir='ltr'><em>Noffnssbsssnt</em></span> <span class='ocrx_word' id='word_1_411' title='bbox 451 2322 634 2366; x_wconf 79' lang='lat' dir='ltr'>q’ilsfeurent</span> <span class='ocrx_word' id='word_1_412' title='bbox 647 2325 748 2354; x_wconf 79' lang='lat' dir='ltr'>Mortz</span> <span class='ocrx_word' id='word_1_413' title='bbox 758 2321 810 2363; x_wconf 82' lang='lat' dir='ltr'>sur</span> <span class='ocrx_word' id='word_1_414' title='bbox 825 2320 855 2351; x_wconf 85' lang='lat' dir='ltr'>la</span> <span class='ocrx_word' id='word_1_415' title='bbox 869 2320 926 2352; x_wconf 75' lang='lat' dir='ltr'>dite</span> <span class='ocrx_word' id='word_1_416' title='bbox 940 2322 1015 2351; x_wconf 76' lang='lat' dir='ltr'>Leuc</span> <span class='ocrx_word' id='word_1_417' title='bbox 1032 2319 1064 2350; x_wconf 80' lang='lat' dir='ltr'>de</span> <span class='ocrx_word' id='word_1_418' title='bbox 1078 2320 1181 2350; x_wconf 83' lang='lat' dir='ltr'>Guerre</span> <span class='ocrx_word' id='word_1_419' title='bbox 1187 2316 1264 2357; x_wconf 81' lang='lat' dir='ltr'>fimz</span> 
     </span>
    </p>

    <p class='ocr_par' dir='ltr' id='par_1_18' title="bbox 220 2374 434 2404">
     <span class='ocr_line' id='line_1_49' title="bbox 220 2374 434 2404; baseline -0.009 -9"><span class='ocrx_word' id='word_1_420' title='bbox 220 2375 275 2395; x_wconf 85' lang='lat' dir='ltr'>roce</span> <span class='ocrx_word' id='word_1_421' title='bbox 297 2376 311 2394; x_wconf 85' lang='lat' dir='ltr'>e</span> <span class='ocrx_word' id='word_1_422' title='bbox 342 2376 355 2394; x_wconf 84' lang='lat' dir='ltr'>e</span> <span class='ocrx_word' id='word_1_423' title='bbox 405 2374 434 2404; x_wconf 83' lang='lat' dir='ltr'>y.</span> 
     </span>
    </p>
   </div>
   <div class='ocr_carea' id='block_1_14' title="bbox 196 2433 1267 2596">
    <p class='ocr_par' dir='ltr' id='par_1_19' title="bbox 196 2433 1267 2596">
     <span class='ocr_line' id='line_1_50' title="bbox 211 2433 1267 2486; baseline -0.008 -13"><span class='ocrx_word' id='word_1_424' title='bbox 211 2479 216 2486; x_wconf 46' lang='lat'>·</span> <span class='ocrx_word' id='word_1_425' title='bbox 232 2441 301 2472; x_wconf 90' lang='lat' dir='ltr'>Nos</span> <span class='ocrx_word' id='word_1_426' title='bbox 321 2448 414 2485; x_wconf 79' lang='lat' dir='ltr'>autern</span> <span class='ocrx_word' id='word_1_427' title='bbox 435 2440 584 2485; x_wconf 72' lang='lat' dir='ltr'>Tenorem</span> <span class='ocrx_word' id='word_1_428' title='bbox 602 2438 810 2470; x_wconf 86' lang='lat' dir='ltr'>Irrotulamenti</span> <span class='ocrx_word' id='word_1_429' title='bbox 832 2435 962 2477; x_wconf 71' lang='lat' dir='ltr'>praediffl</span> <span class='ocrx_word' id='word_1_430' title='bbox 977 2458 988 2476; x_wconf 91' lang='lat'>,</span> <span class='ocrx_word' id='word_1_431' title='bbox 1005 2434 1122 2467; x_wconf 85' lang='lat' dir='ltr'>Tenore</span> <span class='ocrx_word' id='word_1_432' title='bbox 1143 2433 1267 2466; x_wconf 79' lang='lat' dir='ltr'>Praesen-</span> 
     </span>
     <span class='ocr_line' id='line_1_51' title="bbox 196 2477 735 2555; baseline -0.006 -45"><span class='ocrx_word' id='word_1_433' title='bbox 196 2487 271 2549; x_wconf 62' lang='lat' dir='ltr'>unffi</span> <span class='ocrx_word' id='word_1_434' title='bbox 277 2477 735 2555; x_wconf 51' lang='lat' dir='ltr'>,cgjugzsimgcscbxemphficandum</span> 
     </span>
     <span class='ocr_line' id='line_1_52' title="bbox 272 2541 1103 2596; baseline -0.008 -8"><span class='ocrx_word' id='word_1_435' title='bbox 272 2555 361 2588; x_wconf 85' lang='lat' dir='ltr'>Teste</span> <span class='ocrx_word' id='word_1_436' title='bbox 370 2541 455 2596; x_wconf 59' lang='lat' dir='ltr'>‘Rege</span> <span class='ocrx_word' id='word_1_437' title='bbox 467 2555 539 2594; x_wconf 84' lang='lat' dir='ltr'>apud</span> <span class='ocrx_word' id='word_1_438' title='bbox 554 2552 833 2595; x_wconf 79' lang='lat' dir='ltr'>Wstmonasterium,</span> <span class='ocrx_word' id='word_1_439' title='bbox 850 2552 935 2590; x_wconf 81' lang='lat' dir='ltr'>xxviij</span> <span class='ocrx_word' id='word_1_440' title='bbox 954 2551 1000 2583; x_wconf 86' lang='lat' dir='ltr'>die</span> <span class='ocrx_word' id='word_1_441' title='bbox 1020 2549 1103 2582; x_wconf 79' lang='lat' dir='ltr'>Maii.</span> 
     </span>
    </p>
   </div>
   <div class='ocr_carea' id='block_1_15' title="bbox 268 2631 1061 2639">
    <p class='ocr_par' dir='ltr' id='par_1_20' title="bbox 268 2631 1061 2639">
     <span class='ocr_line' id='line_1_53' title="bbox 268 2631 1061 2639; baseline 0 0"><span class='ocrx_word' id='word_1_442' title='bbox 268 2631 1061 2639; x_wconf 95' lang='lat' dir='ltr'> </span> 
     </span>
    </p>
   </div>
   <div class='ocr_carea' id='block_1_16' title="bbox 491 2675 997 2727">
    <p class='ocr_par' dir='ltr' id='par_1_21' title="bbox 491 2675 997 2727">
     <span class='ocr_line' id='line_1_54' title="bbox 491 2675 997 2727; baseline -0.006 -13"><span class='ocrx_word' id='word_1_443' title='bbox 491 2683 550 2714; x_wconf 89' lang='lat' dir='ltr'>Pro</span> <span class='ocrx_word' id='word_1_444' title='bbox 566 2678 684 2715; x_wconf 83' lang='lat' dir='ltr'>Thoma</span> <span class='ocrx_word' id='word_1_445' title='bbox 701 2677 736 2712; x_wconf 84' lang='lat' dir='ltr'>de</span> <span class='ocrx_word' id='word_1_446' title='bbox 754 2675 864 2727; x_wconf 56' lang='lat' dir='ltr'>Rol&lt;eby</span> <span class='ocrx_word' id='word_1_447' title='bbox 881 2676 997 2711; x_wconf 72' lang='lat' dir='ltr'>Milite.</span> 
     </span>
    </p>
   </div>
   <div class='ocr_carea' id='block_1_17' title="bbox 53 2763 1281 3726">
    <p class='ocr_par' dir='ltr' id='par_1_22' title="bbox 53 2763 1279 3343">
     <span class='ocr_line' id='line_1_55' title="bbox 53 2763 895 2843; baseline -0.01 -42"><span class='ocrx_word' id='word_1_448' title='bbox 53 2786 130 2820; x_wconf 37' lang='lat' dir='ltr'>Am·</span> <span class='ocrx_word' id='word_1_449' title='bbox 146 2784 188 2816; x_wconf 45' lang='lat' dir='ltr'>D·</span> <span class='ocrx_word' id='word_1_450' title='bbox 205 2767 287 2823; x_wconf 81' lang='lat' dir='ltr'>RE</span> <span class='ocrx_word' id='word_1_451' title='bbox 296 2767 507 2843; x_wconf 50' lang='lat' dir='ltr'>{eggrcljiib&#39;dld&#39;</span> <span class='ocrx_word' id='word_1_452' title='bbox 526 2767 562 2796; x_wconf 82' lang='lat' dir='ltr'>ad</span> <span class='ocrx_word' id='word_1_453' title='bbox 577 2774 665 2804; x_wconf 89' lang='lat' dir='ltr'>quos,</span> <span class='ocrx_word' id='word_1_454' title='bbox 684 2764 744 2795; x_wconf 92' lang='lat' dir='ltr'>&amp;c.</span> <span class='ocrx_word' id='word_1_455' title='bbox 762 2763 895 2794; x_wconf 75' lang='lat' dir='ltr'>Salutem.</span> 
     </span>
     <span class='ocr_line' id='line_1_56' title="bbox 53 2826 1274 2898; baseline -0.01 -20"><span class='ocrx_word' id='word_1_456' title='bbox 53 2826 163 2898; x_wconf 43' lang='lat'>5242&amp;</span> <span class='ocrx_word' id='word_1_457' title='bbox 244 2845 293 2876; x_wconf 93' lang='lat' dir='ltr'>De</span> <span class='ocrx_word' id='word_1_458' title='bbox 308 2845 405 2889; x_wconf 77' lang='lat' dir='ltr'>Gratia</span> <span class='ocrx_word' id='word_1_459' title='bbox 425 2827 518 2873; x_wconf 46' lang='lat' dir='ltr'>nostrii</span> <span class='ocrx_word' id='word_1_460' title='bbox 538 2841 647 2886; x_wconf 77' lang='lat' dir='ltr'>speciali</span> <span class='ocrx_word' id='word_1_461' title='bbox 663 2864 686 2885; x_wconf 32' lang='lat'>,¹</span> <span class='ocrx_word' id='word_1_462' title='bbox 699 2841 732 2872; x_wconf 91' lang='lat'>&amp;</span> <span class='ocrx_word' id='word_1_463' title='bbox 756 2850 807 2878; x_wconf 87' lang='lat' dir='ltr'>pro</span> <span class='ocrx_word' id='word_1_464' title='bbox 829 2840 909 2870; x_wconf 91' lang='lat' dir='ltr'>bono</span> <span class='ocrx_word' id='word_1_465' title='bbox 928 2838 961 2869; x_wconf 69' lang='grc' dir='ltr'>ὃ(</span> <span class='ocrx_word' id='word_1_466' title='bbox 983 2837 1114 2868; x_wconf 86' lang='lat' dir='ltr'>laudabili</span> <span class='ocrx_word' id='word_1_467' title='bbox 1134 2836 1274 2881; x_wconf 84' lang='lat' dir='ltr'>Servitio&#39;,</span> 
     </span>
     <span class='ocr_line' id='line_1_57' title="bbox 209 2875 1275 2924; baseline -0.01 -9"><span class='ocrx_word' id='word_1_468' title='bbox 209 2884 286 2924; x_wconf 86' lang='lat' dir='ltr'>quod</span> <span class='ocrx_word' id='word_1_469' title='bbox 302 2907 312 2922; x_wconf 91' lang='lat'>,</span> <span class='ocrx_word' id='word_1_470' title='bbox 331 2883 464 2913; x_wconf 71' lang='lat' dir='ltr'>D11eetus</span> <span class='ocrx_word' id='word_1_471' title='bbox 483 2882 522 2924; x_wconf 76' lang='lat'>&amp;⁴</span> <span class='ocrx_word' id='word_1_472' title='bbox 535 2880 622 2911; x_wconf 81' lang='lat' dir='ltr'>fidelis</span> <span class='ocrx_word' id='word_1_473' title='bbox 637 2879 727 2923; x_wconf 84' lang='lat' dir='ltr'>Miles</span> <span class='ocrx_word' id='word_1_474' title='bbox 744 2878 838 2922; x_wconf 85' lang='lat' dir='ltr'>noster</span> <span class='ocrx_word' id='word_1_475' title='bbox 853 2900 863 2921; x_wconf 78' lang='lat'>.²</span> <span class='ocrx_word' id='word_1_476' title='bbox 888 2876 1002 2921; x_wconf 58' lang='lat' dir='ltr'>Thomas</span> <span class='ocrx_word' id='word_1_477' title='bbox 1021 2877 1052 2906; x_wconf 83' lang='lat' dir='ltr'>de</span> <span class='ocrx_word' id='word_1_478' title='bbox 1075 2875 1185 2920; x_wconf 37' lang='grc' dir='ltr'>Βοῆεώχ.</span> <span class='ocrx_word' id='word_1_479' title='bbox 1194 2876 1275 2906; x_wconf 90' lang='lat' dir='ltr'>nobis</span> 
     </span>
     <span class='ocr_line' id='line_1_58' title="bbox 54 2907 1275 2968; baseline -0.01 -12"><span class='ocrx_word' id='word_1_480' title='bbox 54 2907 155 2968; x_wconf 48' lang='lat' dir='ltr'>{ism</span> <span class='ocrx_word' id='word_1_481' title='bbox 208 2933 271 2954; x_wconf 90' lang='lat' dir='ltr'>ante</span> <span class='ocrx_word' id='word_1_482' title='bbox 287 2923 350 2966; x_wconf 78' lang='lat' dir='ltr'>haec</span> <span class='ocrx_word' id='word_1_483' title='bbox 369 2930 498 2958; x_wconf 87' lang='lat' dir='ltr'>tempora</span> <span class='ocrx_word' id='word_1_484' title='bbox 516 2919 678 2958; x_wconf 75' lang='lat' dir='ltr'>impendit,</span> <span class='ocrx_word' id='word_1_485' title='bbox 702 2919 734 2948; x_wconf 92' lang='lat'>&amp;</span> <span class='ocrx_word' id='word_1_486' title='bbox 753 2917 903 2954; x_wconf 87' lang='lat' dir='ltr'>specialiter</span> <span class='ocrx_word' id='word_1_487' title='bbox 920 2926 949 2946; x_wconf 91' lang='lat' dir='ltr'>in</span> <span class='ocrx_word' id='word_1_488' title='bbox 969 2915 1275 2959; x_wconf 73' lang='lat' dir='ltr'>Recompensationem</span> 
     </span>
     <span class='ocr_line' id='line_1_59' title="bbox 58 2953 1273 3012; baseline -0.008 -19"><span class='ocrx_word' id='word_1_489' title='bbox 58 2988 104 3012; x_wconf 53' lang='lat'>¹9·</span> <span class='ocrx_word' id='word_1_490' title='bbox 159 2962 166 2969; x_wconf 77' lang='lat'>⁸</span> <span class='ocrx_word' id='word_1_491' title='bbox 211 2964 227 2979; x_wconf 69' lang='lat'>²*</span> <span class='ocrx_word' id='word_1_492' title='bbox 247 2961 396 2998; x_wconf 83' lang='lat' dir='ltr'>grandium</span> <span class='ocrx_word' id='word_1_493' title='bbox 419 2959 567 3001; x_wconf 70' lang='lat' dir='ltr'>Laborurn</span> <span class='ocrx_word' id='word_1_494' title='bbox 593 2958 626 2987; x_wconf 65' lang='grc' dir='ltr'>ἃ</span> <span class='ocrx_word' id='word_1_495' title='bbox 664 2956 805 3002; x_wconf 60' lang='grc' dir='ltr'>βμῆυυῑη</span> <span class='ocrx_word' id='word_1_496' title='bbox 821 2978 831 2994; x_wconf 86' lang='lat'>,</span> <span class='ocrx_word' id='word_1_497' title='bbox 856 2965 926 2992; x_wconf 87' lang='lat' dir='ltr'>quos</span> <span class='ocrx_word' id='word_1_498' title='bbox 969 2964 1025 2991; x_wconf 72' lang='lat' dir='ltr'>jam</span> <span class='ocrx_word' id='word_1_499' title='bbox 1060 2954 1140 2998; x_wconf 73' lang='lat' dir='ltr'>tarde</span> <span class='ocrx_word' id='word_1_500' title='bbox 1177 2953 1273 2983; x_wconf 83' lang='lat' dir='ltr'>habuit</span> 
     </span>
     <span class='ocr_line' id='line_1_60' title="bbox 76 2991 1279 3072; baseline -0.007 -3"><span class='ocrx_word' id='word_1_501' title='bbox 76 3017 96 3037; x_wconf 72' lang='lat'><strong><em>⁴</em></strong></span> <span class='ocrx_word' id='word_1_502' title='bbox 107 3018 191 3048; x_wconf 75' lang='lat' dir='ltr'>Vffl·</span> <span class='ocrx_word' id='word_1_503' title='bbox 209 3011 250 3053; x_wconf 72' lang='lat'>¹⁰..</span> <span class='ocrx_word' id='word_1_504' title='bbox 258 2997 428 3066; x_wconf 53' lang='lat' dir='ltr'>Refflifnd⁰</span> <span class='ocrx_word' id='word_1_505' title='bbox 438 2996 569 3072; x_wconf 54' lang='lat'>3222?</span> <span class='ocrx_word' id='word_1_506' title='bbox 583 2994 960 3064; x_wconf 50' lang='lat' dir='ltr'>{naiissrffinpi&#39;ssffissssfiffi</span> <span class='ocrx_word' id='word_1_507' title='bbox 975 2991 1279 3061; x_wconf 50' lang='lat' dir='ltr'>Q‘ssssssffiffi‘ss</span> 
     </span>
     <span class='ocr_line' id='line_1_61' title="bbox 84 3040 1277 3113; baseline -0.008 -5"><span class='ocrx_word' id='word_1_508' title='bbox 84 3064 152 3093; x_wconf 72' lang='lat'>53⁰⁶</span> <span class='ocrx_word' id='word_1_509' title='bbox 209 3040 419 3113; x_wconf 49' lang='lat' dir='ltr'>ffiffiGg’orgg</span> <span class='ocrx_word' id='word_1_510' title='bbox 427 3075 513 3105; x_wconf 85' lang='lat' dir='ltr'>etiam</span> <span class='ocrx_word' id='word_1_511' title='bbox 532 3058 585 3110; x_wconf 72' lang='lat' dir='ltr'>prb</span> <span class='ocrx_word' id='word_1_512' title='bbox 604 3073 684 3102; x_wconf 92' lang='lat' dir='ltr'>bono</span> <span class='ocrx_word' id='word_1_513' title='bbox 704 3071 826 3102; x_wconf 86' lang='lat' dir='ltr'>Servitio</span> <span class='ocrx_word' id='word_1_514' title='bbox 841 3093 850 3108; x_wconf 96' lang='lat'>,</span> <span class='ocrx_word' id='word_1_515' title='bbox 868 3069 952 3108; x_wconf 87' lang='lat' dir='ltr'>quod</span> <span class='ocrx_word' id='word_1_516' title='bbox 972 3069 1068 3100; x_wconf 91' lang='lat' dir='ltr'>Nobis</span> <span class='ocrx_word' id='word_1_517' title='bbox 1084 3068 1230 3107; x_wconf 84' lang='lat' dir='ltr'>impendet</span> <span class='ocrx_word' id='word_1_518' title='bbox 1247 3068 1277 3098; x_wconf 86' lang='lat' dir='ltr'>in</span> 
     </span>
     <span class='ocr_line' id='line_1_62' title="bbox 210 3116 1278 3192; baseline -0.01 -8"><span class='ocrx_word' id='word_1_519' title='bbox 210 3116 441 3184; x_wconf 42' lang='lat' dir='ltr'>fugbkilirgeffimus</span> <span class='ocrx_word' id='word_1_520' title='bbox 463 3149 580 3192; x_wconf 68' lang='lat' dir='ltr'>praefato</span> <span class='ocrx_word' id='word_1_521' title='bbox 599 3148 727 3191; x_wconf 74' lang='lat' dir='ltr'>Thoinae</span> <span class='ocrx_word' id='word_1_522' title='bbox 745 3146 781 3176; x_wconf 88' lang='lat' dir='ltr'>de</span> <span class='ocrx_word' id='word_1_523' title='bbox 799 3145 924 3190; x_wconf 86' lang='lat' dir='ltr'>Rokeby</span> <span class='ocrx_word' id='word_1_524' title='bbox 949 3144 1112 3188; x_wconf 73' lang='lat' dir='ltr'>Manerium</span> <span class='ocrx_word' id='word_1_525' title='bbox 1133 3144 1169 3174; x_wconf 86' lang='lat' dir='ltr'>de</span> <span class='ocrx_word' id='word_1_526' title='bbox 1193 3143 1278 3183; x_wconf 90' lang='lat' dir='ltr'>Spof-</span> 
     </span>
     <span class='ocr_line' id='line_1_63' title="bbox 210 3183 1276 3229; baseline -0.009 -6"><span class='ocrx_word' id='word_1_527' title='bbox 210 3191 273 3223; x_wconf 85' lang='lat' dir='ltr'>ford</span> <span class='ocrx_word' id='word_1_528' title='bbox 285 3214 294 3229; x_wconf 84' lang='lat'>,</span> <span class='ocrx_word' id='word_1_529' title='bbox 312 3200 380 3221; x_wconf 89' lang='lat' dir='ltr'>cum</span> <span class='ocrx_word' id='word_1_530' title='bbox 402 3189 534 3219; x_wconf 82' lang='lat' dir='ltr'>omnibus</span> <span class='ocrx_word' id='word_1_531' title='bbox 549 3187 691 3218; x_wconf 85' lang='lat' dir='ltr'>Membris</span> <span class='ocrx_word' id='word_1_532' title='bbox 705 3187 737 3216; x_wconf 87' lang='lat'>&amp;</span> <span class='ocrx_word' id='word_1_533' title='bbox 753 3185 928 3216; x_wconf 88' lang='lat' dir='ltr'>Pertinentiis</span> <span class='ocrx_word' id='word_1_534' title='bbox 945 3183 1113 3220; x_wconf 72' lang='lat' dir='ltr'>(videlicet)</span> <span class='ocrx_word' id='word_1_535' title='bbox 1132 3183 1276 3222; x_wconf 86' lang='lat' dir='ltr'>Lyntonae</span> 
     </span>
     <span class='ocr_line' id='line_1_64' title="bbox 210 3228 1278 3303; baseline -0.008 -5"><span class='ocrx_word' id='word_1_536' title='bbox 210 3228 421 3298; x_wconf 32' lang='lat' dir='ltr'>&amp;igidgblgghegm</span> <span class='ocrx_word' id='word_1_537' title='bbox 438 3275 491 3303; x_wconf 86' lang='lat' dir='ltr'>pro</span> <span class='ocrx_word' id='word_1_538' title='bbox 506 3264 647 3294; x_wconf 87' lang='lat' dir='ltr'>Termino</span> <span class='ocrx_word' id='word_1_539' title='bbox 661 3262 739 3292; x_wconf 89' lang='lat' dir='ltr'>Vitae</span> <span class='ocrx_word' id='word_1_540' title='bbox 754 3261 810 3292; x_wconf 84' lang='lat' dir='ltr'>suae</span> <span class='ocrx_word' id='word_1_541' title='bbox 825 3261 934 3301; x_wconf 21' lang='lat' dir='ltr'>,rusque</span> <span class='ocrx_word' id='word_1_542' title='bbox 954 3259 988 3291; x_wconf 88' lang='lat' dir='ltr'>ad</span> <span class='ocrx_word' id='word_1_543' title='bbox 1004 3259 1141 3291; x_wconf 88' lang='lat' dir='ltr'>Valorem</span> <span class='ocrx_word' id='word_1_544' title='bbox 1156 3259 1278 3298; x_wconf 80' lang='lat' dir='ltr'>Qiater-</span> 
     </span>
     <span class='ocr_line' id='line_1_65' title="bbox 211 3302 700 3343; baseline -0.012 -7"><span class='ocrx_word' id='word_1_545' title='bbox 211 3306 317 3343; x_wconf 85' lang='lat' dir='ltr'>viginti</span> <span class='ocrx_word' id='word_1_546' title='bbox 335 3306 483 3335; x_wconf 86' lang='lat' dir='ltr'>Librarum</span> <span class='ocrx_word' id='word_1_547' title='bbox 499 3313 547 3340; x_wconf 89' lang='lat' dir='ltr'>per</span> <span class='ocrx_word' id='word_1_548' title='bbox 562 3302 700 3338; x_wconf 86' lang='lat' dir='ltr'>Annum,</span> 
     </span>
    </p>

    <p class='ocr_par' dir='ltr' id='par_1_23' title="bbox 212 3334 1279 3458">
     <span class='ocr_line' id='line_1_66' title="bbox 247 3334 1279 3388; baseline -0.01 -14"><span class='ocrx_word' id='word_1_549' title='bbox 247 3343 341 3388; x_wconf 73' lang='lat' dir='ltr'>Quod</span> <span class='ocrx_word' id='word_1_550' title='bbox 358 3343 471 3385; x_wconf 80' lang='lat' dir='ltr'>quidem</span> <span class='ocrx_word' id='word_1_551' title='bbox 488 3341 648 3371; x_wconf 82' lang='lat' dir='ltr'>Manerium</span> <span class='ocrx_word' id='word_1_552' title='bbox 664 3347 761 3382; x_wconf 50' lang='lat'>{⁶9³¹</span> <span class='ocrx_word' id='word_1_553' title='bbox 784 3337 971 3381; x_wconf 76' lang='lat' dir='ltr'>Membris&amp;</span> <span class='ocrx_word' id='word_1_554' title='bbox 984 3335 1162 3380; x_wconf 80' lang='lat' dir='ltr'>Pertinentiis</span> <span class='ocrx_word' id='word_1_555' title='bbox 1177 3334 1279 3373; x_wconf 83' lang='lat' dir='ltr'>praedi-</span> 
     </span>
     <span class='ocr_line' id='line_1_67' title="bbox 212 3374 1279 3420; baseline -0.008 -8"><span class='ocrx_word' id='word_1_556' title='bbox 212 3382 285 3420; x_wconf 66' lang='lat' dir='ltr'>etis,</span> <span class='ocrx_word' id='word_1_557' title='bbox 304 3391 351 3419; x_wconf 84' lang='lat' dir='ltr'>per</span> <span class='ocrx_word' id='word_1_558' title='bbox 367 3380 580 3410; x_wconf 70' lang='lat' dir='ltr'>Forisfaeturam</span> <span class='ocrx_word' id='word_1_559' title='bbox 597 3377 725 3415; x_wconf 69' lang='lat' dir='ltr'>praedieh</span> <span class='ocrx_word' id='word_1_560' title='bbox 739 3385 828 3415; x_wconf 86' lang='lat' dir='ltr'>nuper</span> <span class='ocrx_word' id='word_1_561' title='bbox 843 3375 968 3407; x_wconf 85' lang='lat' dir='ltr'>Comitis</span> <span class='ocrx_word' id='word_1_562' title='bbox 981 3397 991 3413; x_wconf 92' lang='lat'>,</span> <span class='ocrx_word' id='word_1_563' title='bbox 1009 3374 1059 3405; x_wconf 90' lang='lat' dir='ltr'>diu</span> <span class='ocrx_word' id='word_1_564' title='bbox 1074 3383 1137 3404; x_wconf 86' lang='lat' dir='ltr'>ante</span> <span class='ocrx_word' id='word_1_565' title='bbox 1150 3374 1279 3404; x_wconf 87' lang='lat' dir='ltr'>Mortem</span> 
     </span>
     <span class='ocr_line' id='line_1_68' title="bbox 212 3415 810 3458; baseline -0.015 -6"><span class='ocrx_word' id='word_1_566' title='bbox 212 3421 306 3458; x_wconf 84' lang='lat' dir='ltr'>suam,</span> <span class='ocrx_word' id='word_1_567' title='bbox 323 3418 358 3449; x_wconf 90' lang='lat' dir='ltr'>ad</span> <span class='ocrx_word' id='word_1_568' title='bbox 375 3418 479 3448; x_wconf 80' lang='lat' dir='ltr'>Manus</span> <span class='ocrx_word' id='word_1_569' title='bbox 500 3417 606 3447; x_wconf 83' lang='lat' dir='ltr'>nostras</span> <span class='ocrx_word' id='word_1_570' title='bbox 621 3415 810 3452; x_wconf 85' lang='lat' dir='ltr'>devenerunt,</span> 
     </span>
    </p>

    <p class='ocr_par' dir='ltr' id='par_1_24' title="bbox 216 3449 1277 3536">
     <span class='ocr_line' id='line_1_69' title="bbox 249 3449 1277 3494; baseline -0.007 -5"><span class='ocrx_word' id='word_1_571' title='bbox 249 3457 366 3488; x_wconf 84' lang='lat' dir='ltr'>Proviso</span> <span class='ocrx_word' id='word_1_572' title='bbox 379 3456 487 3494; x_wconf 87' lang='lat' dir='ltr'>semper</span> <span class='ocrx_word' id='word_1_573' title='bbox 502 3455 581 3493; x_wconf 80' lang='lat' dir='ltr'>quod</span> <span class='ocrx_word' id='word_1_574' title='bbox 596 3453 631 3484; x_wconf 91' lang='lat' dir='ltr'>de</span> <span class='ocrx_word' id='word_1_575' title='bbox 646 3452 904 3491; x_wconf 83' lang='lat' dir='ltr'>Superplusagio,si</span> <span class='ocrx_word' id='word_1_576' title='bbox 919 3451 996 3491; x_wconf 89' lang='lat' dir='ltr'>quod</span> <span class='ocrx_word' id='word_1_577' title='bbox 1011 3449 1110 3488; x_wconf 85' lang='lat' dir='ltr'>fuerit,</span> <span class='ocrx_word' id='word_1_578' title='bbox 1121 3451 1202 3482; x_wconf 91' lang='lat' dir='ltr'>nobis</span> <span class='ocrx_word' id='word_1_579' title='bbox 1216 3450 1277 3482; x_wconf 91' lang='lat' dir='ltr'>Re-</span> 
     </span>
     <span class='ocr_line' id='line_1_70' title="bbox 216 3493 623 3536; baseline -0.02 -7"><span class='ocrx_word' id='word_1_580' title='bbox 216 3496 382 3536; x_wconf 80' lang='lat' dir='ltr'>spondeatur</span> <span class='ocrx_word' id='word_1_581' title='bbox 392 3517 401 3532; x_wconf 85' lang='lat'>,</span> <span class='ocrx_word' id='word_1_582' title='bbox 411 3504 438 3524; x_wconf 91' lang='lat' dir='ltr'>ut</span> <span class='ocrx_word' id='word_1_583' title='bbox 448 3494 488 3524; x_wconf 89' lang='lat' dir='ltr'>est</span> <span class='ocrx_word' id='word_1_584' title='bbox 503 3493 604 3531; x_wconf 82' lang='lat' dir='ltr'>justum</span> <span class='ocrx_word' id='word_1_585' title='bbox 613 3515 623 3530; x_wconf 91' lang='lat'>,</span> 
     </span>
    </p>

    <p class='ocr_par' dir='ltr' id='par_1_25' title="bbox 213 3526 1281 3655">
     <span class='ocr_line' id='line_1_71' title="bbox 251 3526 1280 3574; baseline -0.009 -9"><span class='ocrx_word' id='word_1_586' title='bbox 251 3535 339 3566; x_wconf 86' lang='lat' dir='ltr'>Salvis</span> <span class='ocrx_word' id='word_1_587' title='bbox 353 3534 437 3564; x_wconf 82' lang='lat' dir='ltr'>etiam</span> <span class='ocrx_word' id='word_1_588' title='bbox 451 3534 484 3563; x_wconf 74' lang='grc' dir='ltr'>δε</span> <span class='ocrx_word' id='word_1_589' title='bbox 501 3531 654 3573; x_wconf 77' lang='lat' dir='ltr'>Reservatis</span> <span class='ocrx_word' id='word_1_590' title='bbox 668 3528 880 3574; x_wconf 30' lang='lat' dir='ltr'>Nobis-Feodis</span> <span class='ocrx_word' id='word_1_591' title='bbox 895 3528 1026 3559; x_wconf 87' lang='lat' dir='ltr'>Militum</span> <span class='ocrx_word' id='word_1_592' title='bbox 1034 3549 1048 3571; x_wconf 79' lang='lat'>.².</span> <span class='ocrx_word' id='word_1_593' title='bbox 1063 3527 1096 3558; x_wconf 65' lang='grc' dir='ltr'>ὃς</span> <span class='ocrx_word' id='word_1_594' title='bbox 1105 3526 1280 3570; x_wconf 80' lang='lat' dir='ltr'>Advocatio-</span> 
     </span>
     <span class='ocr_line' id='line_1_72' title="bbox 214 3565 1281 3608; baseline -0.009 -3"><span class='ocrx_word' id='word_1_595' title='bbox 214 3575 298 3605; x_wconf 86' lang='lat' dir='ltr'>nibus</span> <span class='ocrx_word' id='word_1_596' title='bbox 312 3571 502 3604; x_wconf 84' lang='lat' dir='ltr'>Ecclesiarum</span> <span class='ocrx_word' id='word_1_597' title='bbox 518 3592 528 3608; x_wconf 88' lang='lat'>,</span> <span class='ocrx_word' id='word_1_598' title='bbox 542 3568 658 3599; x_wconf 77' lang='lat' dir='ltr'>W’ardis</span> <span class='ocrx_word' id='word_1_599' title='bbox 674 3590 682 3605; x_wconf 83' lang='grc'>,</span> <span class='ocrx_word' id='word_1_600' title='bbox 702 3567 872 3606; x_wconf 85' lang='lat' dir='ltr'>Maritagus,</span> <span class='ocrx_word' id='word_1_601' title='bbox 889 3568 922 3597; x_wconf 90' lang='lat'>&amp;</span> <span class='ocrx_word' id='word_1_602' title='bbox 940 3567 1064 3596; x_wconf 83' lang='lat' dir='ltr'>Relevus</span> <span class='ocrx_word' id='word_1_603' title='bbox 1074 3588 1085 3604; x_wconf 90' lang='lat'>,</span> <span class='ocrx_word' id='word_1_604' title='bbox 1103 3565 1197 3596; x_wconf 82' lang='lat' dir='ltr'>eidem</span> <span class='ocrx_word' id='word_1_605' title='bbox 1213 3565 1281 3596; x_wconf 84' lang='lat' dir='ltr'>Ma-</span> 
     </span>
     <span class='ocr_line' id='line_1_73' title="bbox 213 3605 1051 3655; baseline -0.011 -12"><span class='ocrx_word' id='word_1_606' title='bbox 213 3613 293 3643; x_wconf 87' lang='lat' dir='ltr'>nerio</span> <span class='ocrx_word' id='word_1_607' title='bbox 306 3609 490 3655; x_wconf 63' lang='lat' dir='ltr'>spectantibus</span> <span class='ocrx_word' id='word_1_608' title='bbox 500 3631 509 3647; x_wconf 85' lang='lat'>,</span> <span class='ocrx_word' id='word_1_609' title='bbox 528 3609 580 3638; x_wconf 51' lang='lat' dir='ltr'>unfa</span> <span class='ocrx_word' id='word_1_610' title='bbox 593 3616 661 3637; x_wconf 87' lang='lat' dir='ltr'>cum</span> <span class='ocrx_word' id='word_1_611' title='bbox 676 3606 768 3637; x_wconf 77' lang='lat' dir='ltr'>Pareo</span> <span class='ocrx_word' id='word_1_612' title='bbox 783 3608 817 3638; x_wconf 84' lang='lat'>&amp;</span> <span class='ocrx_word' id='word_1_613' title='bbox 831 3605 922 3636; x_wconf 88' lang='lat' dir='ltr'>Bosco</span> <span class='ocrx_word' id='word_1_614' title='bbox 935 3605 1051 3635; x_wconf 87' lang='lat' dir='ltr'>ibidem.</span> 
     </span>
    </p>

    <p class='ocr_par' dir='ltr' id='par_1_26' title="bbox 249 3648 1086 3726">
     <span class='ocr_line' id='line_1_74' title="bbox 249 3648 1086 3726; baseline -0.013 -6"><span class='ocrx_word' id='word_1_615' title='bbox 249 3648 473 3726; x_wconf 56' lang='lat' dir='ltr'>In&#39;Ic&#39;elffg’Rssgge</span> <span class='ocrx_word' id='word_1_616' title='bbox 487 3683 561 3723; x_wconf 87' lang='lat' dir='ltr'>apud</span> <span class='ocrx_word' id='word_1_617' title='bbox 577 3681 848 3722; x_wconf 69' lang='lat' dir='ltr'>Wstmonasterium,</span> <span class='ocrx_word' id='word_1_618' title='bbox 866 3689 920 3710; x_wconf 82' lang='lat' dir='ltr'>xxx</span> <span class='ocrx_word' id='word_1_619' title='bbox 935 3679 982 3710; x_wconf 90' lang='lat' dir='ltr'>die</span> <span class='ocrx_word' id='word_1_620' title='bbox 1004 3679 1086 3711; x_wconf 85' lang='lat' dir='ltr'>Maii.</span> 
     </span>
    </p>
   </div>
   <div class='ocr_carea' id='block_1_18' title="bbox 728 3754 1179 3793">
    <p class='ocr_par' dir='ltr' id='par_1_27' title="bbox 728 3754 1179 3793">
     <span class='ocr_line' id='line_1_75' title="bbox 728 3754 1179 3793; baseline -0.004 -7"><span class='ocrx_word' id='word_1_621' title='bbox 728 3759 780 3786; x_wconf 81' lang='lat' dir='ltr'>Per</span> <span class='ocrx_word' id='word_1_622' title='bbox 795 3759 887 3786; x_wconf 85' lang='lat' dir='ltr'>Breve</span> <span class='ocrx_word' id='word_1_623' title='bbox 900 3756 932 3785; x_wconf 84' lang='lat' dir='ltr'>de</span> <span class='ocrx_word' id='word_1_624' title='bbox 946 3758 1064 3785; x_wconf 85' lang='lat' dir='ltr'>Privato</span> <span class='ocrx_word' id='word_1_625' title='bbox 1078 3754 1179 3793; x_wconf 85' lang='lat' dir='ltr'>Sigillo.</span> 
     </span>
    </p>
   </div>
   <div class='ocr_carea' id='block_1_19' title="bbox 431 3830 1188 3841">
    <p class='ocr_par' dir='ltr' id='par_1_28' title="bbox 431 3830 1188 3841">
     <span class='ocr_line' id='line_1_76' title="bbox 431 3830 1188 3841; baseline 0 0"><span class='ocrx_word' id='word_1_626' title='bbox 431 3830 1188 3841; x_wconf 95' lang='lat' dir='ltr'> </span> 
     </span>
    </p>
   </div>
   <div class='ocr_carea' id='block_1_20' title="bbox 66 3877 1084 3937">
    <p class='ocr_par' dir='ltr' id='par_1_29' title="bbox 66 3877 1084 3937">
     <span class='ocr_line' id='line_1_77' title="bbox 66 3877 1084 3937; baseline -0.014 -13"><span class='ocrx_word' id='word_1_627' title='bbox 66 3907 109 3931; x_wconf 69' lang='lat' dir='ltr'>A„</span> <span class='ocrx_word' id='word_1_628' title='bbox 149 3887 176 3937; x_wconf 75' lang='lat'>9&#39;</span> <span class='ocrx_word' id='word_1_629' title='bbox 397 3888 444 3919; x_wconf 90' lang='lat' dir='ltr'>De</span> <span class='ocrx_word' id='word_1_630' title='bbox 461 3883 650 3928; x_wconf 72' lang='lat' dir='ltr'>Restitutione</span> <span class='ocrx_word' id='word_1_631' title='bbox 664 3880 886 3927; x_wconf 76' lang='lat' dir='ltr'>Temporalium</span> <span class='ocrx_word' id='word_1_632' title='bbox 905 3877 1084 3912; x_wconf 81' lang='lat' dir='ltr'>Landaven.</span> 
     </span>
    </p>
   </div>
   <div class='ocr_carea' id='block_1_21' title="bbox 65 3946 1285 4045">
    <p class='ocr_par' dir='ltr' id='par_1_30' title="bbox 65 3946 1285 4045">
     <span class='ocr_line' id='line_1_78' title="bbox 65 3946 1285 4032; baseline -0.007 -27"><span class='ocrx_word' id='word_1_633' title='bbox 65 3946 144 4007; x_wconf 43' lang='lat' dir='ltr'>gif..</span> <span class='ocrx_word' id='word_1_634' title='bbox 166 3988 205 4009; x_wconf 81' lang='lat' dir='ltr'>m,</span> <span class='ocrx_word' id='word_1_635' title='bbox 217 3969 359 4032; x_wconf 75' lang='lat' dir='ltr'>REX,</span> <span class='ocrx_word' id='word_1_636' title='bbox 369 3969 516 4013; x_wconf 31' lang='lat' dir='ltr'>&#39;Escaetori</span> <span class='ocrx_word' id='word_1_637' title='bbox 532 3969 619 4012; x_wconf 73' lang='lat' dir='ltr'>Regis</span> <span class='ocrx_word' id='word_1_638' title='bbox 631 3966 825 4011; x_wconf 27' lang='lat' dir='ltr'>in-Comlitatu</span> <span class='ocrx_word' id='word_1_639' title='bbox 846 3963 982 4003; x_wconf 85' lang='lat' dir='ltr'>Salopiae,</span> <span class='ocrx_word' id='word_1_640' title='bbox 999 3973 1032 3996; x_wconf 85' lang='lat' dir='ltr'>ac</span> <span class='ocrx_word' id='word_1_641' title='bbox 1047 3962 1186 3996; x_wconf 81' lang='lat' dir='ltr'>Marchiae</span> <span class='ocrx_word' id='word_1_642' title='bbox 1199 3963 1285 3997; x_wconf 74' lang='lat' dir='ltr'>Wal-</span> 
     </span>
     <span class='ocr_line' id='line_1_79' title="bbox 71 4002 949 4045; baseline -0.013 -1"><span class='ocrx_word' id='word_1_643' title='bbox 71 4026 103 4045; x_wconf 68' lang='grc' dir='ltr'>ιι</span> <span class='ocrx_word' id='word_1_644' title='bbox 290 4009 334 4040; x_wconf 82' lang='lat' dir='ltr'>11ae</span> <span class='ocrx_word' id='word_1_645' title='bbox 350 4008 443 4040; x_wconf 86' lang='lat' dir='ltr'>eidem</span> <span class='ocrx_word' id='word_1_646' title='bbox 456 4007 612 4038; x_wconf 86' lang='lat' dir='ltr'>Comitatui</span> <span class='ocrx_word' id='word_1_647' title='bbox 627 4006 794 4044; x_wconf 78' lang='lat' dir='ltr'>adjacentiS,</span> <span class='ocrx_word' id='word_1_648' title='bbox 814 4002 949 4035; x_wconf 82' lang='lat' dir='ltr'>Salutem.</span> 
     </span>
    </p>
   </div>
   <div class='ocr_carea' id='block_1_22' title="bbox 654 102 1920 167">
    <p class='ocr_par' dir='ltr' id='par_1_31' title="bbox 654 102 1920 167">
     <span class='ocr_line' id='line_1_80' title="bbox 654 102 1920 167; baseline -0.01 -2"><span class='ocrx_word' id='word_1_649' title='bbox 654 112 1457 167; x_wconf 75' lang='lat' dir='ltr'>coNvENTioNES‚</span> <span class='ocrx_word' id='word_1_650' title='bbox 1513 102 1920 159; x_wconf 76' lang='lat' dir='ltr'>LIT&#39;ERAE,</span> 
     </span>
    </p>
   </div>
   <div class='ocr_carea' id='block_1_23' title="bbox 1270 914 2364 972">
    <p class='ocr_par' dir='ltr' id='par_1_32' title="bbox 1270 914 2364 972">
     <span class='ocr_line' id='line_1_81' title="bbox 1270 914 2364 972; baseline -0.003 -10"><span class='ocrx_word' id='word_1_651' title='bbox 1270 946 1271 949; x_wconf 47' lang='lat'>¹</span> <span class='ocrx_word' id='word_1_652' title='bbox 1327 931 1469 972; x_wconf 78' lang='lat' dir='ltr'>Eftaetori</span> <span class='ocrx_word' id='word_1_653' title='bbox 1484 934 1562 969; x_wconf 85' lang='lat' dir='ltr'>Regis</span> <span class='ocrx_word' id='word_1_654' title='bbox 1576 935 1604 962; x_wconf 81' lang='lat' dir='ltr'>in</span> <span class='ocrx_word' id='word_1_655' title='bbox 1621 935 1693 961; x_wconf 89' lang='lat' dir='ltr'>Com.</span> <span class='ocrx_word' id='word_1_656' title='bbox 1712 930 1859 972; x_wconf 78' lang='lat' dir='ltr'>Herefhrd.</span> <span class='ocrx_word' id='word_1_657' title='bbox 1877 942 1910 962; x_wconf 83' lang='lat' dir='ltr'>ac</span> <span class='ocrx_word' id='word_1_658' title='bbox 1929 928 2066 961; x_wconf 79' lang='lat' dir='ltr'>Marchiae</span> <span class='ocrx_word' id='word_1_659' title='bbox 2089 914 2198 961; x_wconf 52' lang='lat' dir='ltr'>Wllisse</span> <span class='ocrx_word' id='word_1_660' title='bbox 2218 917 2300 960; x_wconf 73' lang='lat' dir='ltr'>eidem</span> <span class='ocrx_word' id='word_1_661' title='bbox 2311 933 2364 960; x_wconf 88' lang='lat' dir='ltr'>Co-</span> 
     </span>
    </p>
   </div>
   <div class='ocr_carea' id='block_1_24' title="bbox 1274 187 2494 622">
    <p class='ocr_par' dir='ltr' id='par_1_33' title="bbox 1274 187 2494 344">
     <span class='ocr_line' id='line_1_82' title="bbox 1313 187 2494 238; baseline -0.008 -7"><span class='ocrx_word' id='word_1_662' title='bbox 1313 200 1396 231; x_wconf 74' lang='lat' dir='ltr'>Cu&#39;m</span> <span class='ocrx_word' id='word_1_663' title='bbox 1411 199 1558 231; x_wconf 86' lang='lat' dir='ltr'>Dominus</span> <span class='ocrx_word' id='word_1_664' title='bbox 1580 202 1701 230; x_wconf 81' lang='lat' dir='ltr'>Summus</span> <span class='ocrx_word' id='word_1_665' title='bbox 1722 197 1854 238; x_wconf 81' lang='lat' dir='ltr'>Pontifex</span> <span class='ocrx_word' id='word_1_666' title='bbox 1867 220 1878 236; x_wconf 87' lang='lat'>,</span> <span class='ocrx_word' id='word_1_667' title='bbox 1892 204 1981 235; x_wconf 84' lang='lat' dir='ltr'>nuper</span> <span class='ocrx_word' id='word_1_668' title='bbox 2004 190 2122 227; x_wconf 80' lang='lat' dir='ltr'>vacante</span> <span class='ocrx_word' id='word_1_669' title='bbox 2146 191 2274 225; x_wconf 64' lang='lat' dir='ltr'>Ecclefifi</span> <span class='ocrx_word' id='word_1_670' title='bbox 2289 193 2348 224; x_wconf 88' lang='lat' dir='ltr'>Ca·</span> <span class='ocrx_word' id='word_1_671' title='bbox 2361 189 2438 222; x_wconf 87' lang='lat' dir='ltr'>Ann.</span> <span class='ocrx_word' id='word_1_672' title='bbox 2452 187 2494 222; x_wconf 78' lang='lat' dir='ltr'>D.</span> 
     </span>
     <span class='ocr_line' id='line_1_83' title="bbox 1274 228 2472 276; baseline -0.008 -7"><span class='ocrx_word' id='word_1_673' title='bbox 1274 239 1392 270; x_wconf 81' lang='lat' dir='ltr'>thedrali</span> <span class='ocrx_word' id='word_1_674' title='bbox 1409 238 1580 274; x_wconf 82' lang='lat' dir='ltr'>Landavensi</span> <span class='ocrx_word' id='word_1_675' title='bbox 1595 261 1605 276; x_wconf 91' lang='lat'>,</span> <span class='ocrx_word' id='word_1_676' title='bbox 1622 248 1671 276; x_wconf 87' lang='lat' dir='ltr'>per</span> <span class='ocrx_word' id='word_1_677' title='bbox 1692 237 1921 268; x_wconf 87' lang='lat' dir='ltr'>Transsationem</span> <span class='ocrx_word' id='word_1_678' title='bbox 1937 259 1946 274; x_wconf 88' lang='lat'>,</span> <span class='ocrx_word' id='word_1_679' title='bbox 1964 233 2143 266; x_wconf 87' lang='lat' dir='ltr'>Venerabilis</span> <span class='ocrx_word' id='word_1_680' title='bbox 2156 232 2262 271; x_wconf 82' lang='lat' dir='ltr'>Patris,</span> <span class='ocrx_word' id='word_1_681' title='bbox 2278 231 2348 262; x_wconf 71' lang='lat' dir='ltr'><em>Tho-</em></span> <span class='ocrx_word' id='word_1_682' title='bbox 2387 228 2472 266; x_wconf 79' lang='lat'>1408.</span> 
     </span>
     <span class='ocr_line' id='line_1_84' title="bbox 1275 269 2470 344; baseline -0.006 -37"><span class='ocrx_word' id='word_1_683' title='bbox 1275 276 1456 344; x_wconf 34' lang='lat' dir='ltr'>mae,‚.ult}mi</span> <span class='ocrx_word' id='word_1_684' title='bbox 1477 276 1598 316; x_wconf 62' lang='lat' dir='ltr'>Episcopi</span> <span class='ocrx_word' id='word_1_685' title='bbox 1621 277 1697 308; x_wconf 90' lang='lat' dir='ltr'>Loci</span> <span class='ocrx_word' id='word_1_686' title='bbox 1716 276 1806 314; x_wconf 83' lang='lat' dir='ltr'>illius,</span> <span class='ocrx_word' id='word_1_687' title='bbox 1824 275 1859 306; x_wconf 88' lang='lat' dir='ltr'>ad</span> <span class='ocrx_word' id='word_1_688' title='bbox 1878 273 2037 306; x_wconf 71' lang='lat' dir='ltr'>Ecclesiam</span> <span class='ocrx_word' id='word_1_689' title='bbox 2053 270 2256 304; x_wconf 75' lang='lat' dir='ltr'>cathedralem</span> <span class='ocrx_word' id='word_1_690' title='bbox 2269 269 2349 310; x_wconf 85' lang='lat' dir='ltr'>Wy-</span> <span class='ocrx_word' id='word_1_691' title='bbox 2367 273 2429 297; x_wconf 80' lang='lat' dir='ltr'>Hen-</span> <span class='ocrx_word' id='word_1_692' title='bbox 2440 277 2470 302; x_wconf 84' lang='lat'>4·</span> 
     </span>
    </p>

    <p class='ocr_par' dir='ltr' id='par_1_34' title="bbox 1277 323 2352 468">
     <span class='ocr_line' id='line_1_85' title="bbox 1300 323 1458 346; baseline -0.006 -1"><span class='ocrx_word' id='word_1_693' title='bbox 1300 323 1399 346; x_wconf 83' lang='lat' dir='ltr'>ornien</span> <span class='ocrx_word' id='word_1_694' title='bbox 1411 325 1458 344; x_wconf 90' lang='lat' dir='ltr'>ern</span> 
     </span>
     <span class='ocr_line' id='line_1_86' title="bbox 1278 326 2352 390; baseline -0.007 -6"><span class='ocrx_word' id='word_1_695' title='bbox 1278 326 1299 354; x_wconf 77' lang='lat' dir='ltr'><strong>g</strong></span> <span class='ocrx_word' id='word_1_696' title='bbox 1313 353 1416 384; x_wconf 89' lang='lat' dir='ltr'>Eidem</span> <span class='ocrx_word' id='word_1_697' title='bbox 1432 337 1567 383; x_wconf 58' lang='lat' dir='ltr'>Essciefiae</span> <span class='ocrx_word' id='word_1_698' title='bbox 1584 351 1775 390; x_wconf 81' lang='lat' dir='ltr'>Landavenfi,</span> <span class='ocrx_word' id='word_1_699' title='bbox 1792 350 1829 381; x_wconf 89' lang='lat' dir='ltr'>de</span> <span class='ocrx_word' id='word_1_700' title='bbox 1843 350 1984 386; x_wconf 85' lang='lat' dir='ltr'>Persona,</span> <span class='ocrx_word' id='word_1_701' title='bbox 2000 349 2099 381; x_wconf 65' lang='lat' dir='ltr'>dilecti</span> <span class='ocrx_word' id='word_1_702' title='bbox 2120 349 2222 386; x_wconf 89' lang='lat' dir='ltr'>nobis,</span> <span class='ocrx_word' id='word_1_703' title='bbox 2238 342 2352 386; x_wconf 81' lang='lat' dir='ltr'><em>Johan-</em></span> 
     </span>
     <span class='ocr_line' id='line_1_87' title="bbox 1277 385 2352 430; baseline -0.006 -9"><span class='ocrx_word' id='word_1_704' title='bbox 1277 395 1318 422; x_wconf 83' lang='lat' dir='ltr'>nis</span> <span class='ocrx_word' id='word_1_705' title='bbox 1334 414 1344 430; x_wconf 82' lang='lat'>,</span> <span class='ocrx_word' id='word_1_706' title='bbox 1370 390 1459 420; x_wconf 59' lang='lat' dir='ltr'>Elem</span> <span class='ocrx_word' id='word_1_707' title='bbox 1487 391 1673 421; x_wconf 85' lang='lat' dir='ltr'>Landavensis</span> <span class='ocrx_word' id='word_1_708' title='bbox 1686 413 1696 428; x_wconf 89' lang='lat'>,</span> <span class='ocrx_word' id='word_1_709' title='bbox 1724 390 1807 420; x_wconf 66' lang='lat' dir='ltr'>fiicrae</span> <span class='ocrx_word' id='word_1_710' title='bbox 1828 388 1945 427; x_wconf 83' lang='lat' dir='ltr'>Paginae</span> <span class='ocrx_word' id='word_1_711' title='bbox 1966 387 2132 419; x_wconf 82' lang='lat' dir='ltr'>Profefforis</span> <span class='ocrx_word' id='word_1_712' title='bbox 2144 411 2155 426; x_wconf 93' lang='lat'>,</span> <span class='ocrx_word' id='word_1_713' title='bbox 2179 385 2352 426; x_wconf 82' lang='lat' dir='ltr'>providerit,</span> 
     </span>
     <span class='ocr_line' id='line_1_88' title="bbox 1279 426 2250 468; baseline -0.003 -9"><span class='ocrx_word' id='word_1_714' title='bbox 1279 429 1430 468; x_wconf 85' lang='lat' dir='ltr'>ipsumque</span> <span class='ocrx_word' id='word_1_715' title='bbox 1444 430 1474 459; x_wconf 91' lang='lat' dir='ltr'>in</span> <span class='ocrx_word' id='word_1_716' title='bbox 1488 429 1664 466; x_wconf 87' lang='lat' dir='ltr'>Episcopum</span> <span class='ocrx_word' id='word_1_717' title='bbox 1681 428 1758 459; x_wconf 85' lang='lat' dir='ltr'>Loci</span> <span class='ocrx_word' id='word_1_718' title='bbox 1781 427 1852 457; x_wconf 90' lang='lat' dir='ltr'>illius</span> <span class='ocrx_word' id='word_1_719' title='bbox 1868 426 2072 465; x_wconf 82' lang='lat' dir='ltr'>praefecerit&amp;</span> <span class='ocrx_word' id='word_1_720' title='bbox 2085 426 2250 464; x_wconf 86' lang='lat' dir='ltr'>Pastorem,</span> 
     </span>
    </p>

    <p class='ocr_par' dir='ltr' id='par_1_35' title="bbox 1282 463 2354 543">
     <span class='ocr_line' id='line_1_89' title="bbox 1318 463 2354 505; baseline -0.006 -7"><span class='ocrx_word' id='word_1_721' title='bbox 1318 468 1396 498; x_wconf 89' lang='lat' dir='ltr'>Sicut</span> <span class='ocrx_word' id='word_1_722' title='bbox 1411 477 1459 505; x_wconf 89' lang='lat' dir='ltr'>per</span> <span class='ocrx_word' id='word_1_723' title='bbox 1478 467 1583 497; x_wconf 79' lang='lat' dir='ltr'>Literas</span> <span class='ocrx_word' id='word_1_724' title='bbox 1598 466 1715 497; x_wconf 85' lang='lat' dir='ltr'>Bullatas</span> <span class='ocrx_word' id='word_1_725' title='bbox 1730 465 1810 503; x_wconf 86' lang='lat' dir='ltr'>ipfius</span> <span class='ocrx_word' id='word_1_726' title='bbox 1824 464 1948 496; x_wconf 85' lang='lat' dir='ltr'>Domini</span> <span class='ocrx_word' id='word_1_727' title='bbox 1963 464 2077 496; x_wconf 88' lang='lat' dir='ltr'>Summi</span> <span class='ocrx_word' id='word_1_728' title='bbox 2084 463 2251 503; x_wconf 87' lang='lat' dir='ltr'>Pontificis,</span> <span class='ocrx_word' id='word_1_729' title='bbox 2269 463 2354 495; x_wconf 73' lang='lat' dir='ltr'>nobis</span> 
     </span>
     <span class='ocr_line' id='line_1_90' title="bbox 1282 504 1750 543; baseline -0.006 -6"><span class='ocrx_word' id='word_1_730' title='bbox 1282 505 1350 537; x_wconf 84' lang='lat' dir='ltr'>inde</span> <span class='ocrx_word' id='word_1_731' title='bbox 1365 506 1483 536; x_wconf 65' lang='lat' dir='ltr'>dimetas</span> <span class='ocrx_word' id='word_1_732' title='bbox 1494 527 1504 543; x_wconf 87' lang='lat'>,</span> <span class='ocrx_word' id='word_1_733' title='bbox 1522 506 1606 535; x_wconf 90' lang='lat' dir='ltr'>nobis</span> <span class='ocrx_word' id='word_1_734' title='bbox 1621 504 1750 542; x_wconf 85' lang='lat' dir='ltr'>constat,</span> 
     </span>
    </p>

    <p class='ocr_par' dir='ltr' id='par_1_36' title="bbox 1318 542 2088 583">
     <span class='ocr_line' id='line_1_91' title="bbox 1318 542 2088 583; baseline -0.005 -9"><span class='ocrx_word' id='word_1_735' title='bbox 1318 545 1401 583; x_wconf 74' lang='lat' dir='ltr'>Nos,</span> <span class='ocrx_word' id='word_1_736' title='bbox 1420 543 1480 577; x_wconf 60' lang='grc' dir='ltr'>(ἕνα.</span> <span class='ocrx_word' id='word_1_737' title='bbox 1499 550 1530 572; x_wconf 75' lang='lat' dir='ltr'>ut</span> <span class='ocrx_word' id='word_1_738' title='bbox 1544 546 1572 573; x_wconf 83' lang='lat' dir='ltr'>in</span> <span class='ocrx_word' id='word_1_739' title='bbox 1590 543 1725 573; x_wconf 75' lang='lat' dir='ltr'>similibus</span> <span class='ocrx_word' id='word_1_740' title='bbox 1739 543 1770 572; x_wconf 87' lang='lat' dir='ltr'>de</span> <span class='ocrx_word' id='word_1_741' title='bbox 1783 542 1959 581; x_wconf 77' lang='lat' dir='ltr'>Restitutione</span> <span class='ocrx_word' id='word_1_742' title='bbox 1973 542 2088 572; x_wconf 84' lang='lat' dir='ltr'>Literis.</span> 
     </span>
    </p>

    <p class='ocr_par' dir='ltr' id='par_1_37' title="bbox 1356 577 2249 622">
     <span class='ocr_line' id='line_1_92' title="bbox 1356 577 2249 622; baseline -0.004 -9"><span class='ocrx_word' id='word_1_743' title='bbox 1356 581 1446 613; x_wconf 90' lang='lat' dir='ltr'>Teste</span> <span class='ocrx_word' id='word_1_744' title='bbox 1463 581 1547 620; x_wconf 86' lang='lat' dir='ltr'>Rege</span> <span class='ocrx_word' id='word_1_745' title='bbox 1562 581 1635 621; x_wconf 78' lang='lat' dir='ltr'>apud</span> <span class='ocrx_word' id='word_1_746' title='bbox 1652 579 1925 622; x_wconf 50' lang='lat' dir='ltr'>westmonasterium,</span> <span class='ocrx_word' id='word_1_747' title='bbox 1943 581 2074 619; x_wconf 82' lang='lat' dir='ltr'>Septimo</span> <span class='ocrx_word' id='word_1_748' title='bbox 2088 578 2148 610; x_wconf 86' lang='lat' dir='ltr'>Die</span> <span class='ocrx_word' id='word_1_749' title='bbox 2159 577 2249 618; x_wconf 88' lang='lat' dir='ltr'>Junii.</span> 
     </span>
    </p>
   </div>
   <div class='ocr_carea' id='block_1_25' title="bbox 1836 659 2307 700">
    <p class='ocr_par' dir='ltr' id='par_1_38' title="bbox 1836 659 2307 700">
     <span class='ocr_line' id='line_1_93' title="bbox 1836 659 2307 700; baseline 0 -8"><span class='ocrx_word' id='word_1_750' title='bbox 1836 663 1889 692; x_wconf 80' lang='lat' dir='ltr'>Per</span> <span class='ocrx_word' id='word_1_751' title='bbox 1906 664 2000 694; x_wconf 81' lang='lat' dir='ltr'>Breve</span> <span class='ocrx_word' id='word_1_752' title='bbox 2014 662 2048 692; x_wconf 85' lang='lat' dir='ltr'>de</span> <span class='ocrx_word' id='word_1_753' title='bbox 2065 664 2185 693; x_wconf 79' lang='lat' dir='ltr'>Privato</span> <span class='ocrx_word' id='word_1_754' title='bbox 2199 659 2307 700; x_wconf 51' lang='lat' dir='ltr'>sigilla</span> 
     </span>
    </p>
   </div>
   <div class='ocr_carea' id='block_1_26' title="bbox 1286 735 2359 816">
    <p class='ocr_par' dir='ltr' id='par_1_39' title="bbox 1286 735 2359 816">
     <span class='ocr_line' id='line_1_94' title="bbox 1286 735 2359 778; baseline -0.004 -7"><span class='ocrx_word' id='word_1_755' title='bbox 1286 739 1457 771; x_wconf 76' lang='lat' dir='ltr'>Consimilia</span> <span class='ocrx_word' id='word_1_756' title='bbox 1471 738 1567 770; x_wconf 82' lang='lat' dir='ltr'>Brevia</span> <span class='ocrx_word' id='word_1_757' title='bbox 1589 738 1746 776; x_wconf 82' lang='lat' dir='ltr'>diriguntur</span> <span class='ocrx_word' id='word_1_758' title='bbox 1766 737 1961 774; x_wconf 82' lang='lat' dir='ltr'>Escaetoribus</span> <span class='ocrx_word' id='word_1_759' title='bbox 1980 739 2160 778; x_wconf 84' lang='lat' dir='ltr'>subscriptis,</span> <span class='ocrx_word' id='word_1_760' title='bbox 2185 738 2235 770; x_wconf 84' lang='lat' dir='ltr'>sub</span> <span class='ocrx_word' id='word_1_761' title='bbox 2258 735 2359 768; x_wconf 66' lang='lat' dir='ltr'>eadem</span> 
     </span>
     <span class='ocr_line' id='line_1_95' title="bbox 1683 775 1930 816; baseline 0.004 -8"><span class='ocrx_word' id='word_1_762' title='bbox 1683 775 1759 808; x_wconf 68' lang='lat' dir='ltr'>Datfi</span> <span class='ocrx_word' id='word_1_763' title='bbox 1767 788 1777 815; x_wconf 88' lang='lat'>·,</span> <span class='ocrx_word' id='word_1_764' title='bbox 1785 776 1930 816; x_wconf 89' lang='lat' dir='ltr'>videlicet,</span> 
     </span>
    </p>
   </div>
   <div class='ocr_carea' id='block_1_27' title="bbox 1290 840 2360 932">
    <p class='ocr_par' dir='ltr' id='par_1_40' title="bbox 1290 840 2360 932">
     <span class='ocr_line' id='line_1_96' title="bbox 1290 840 2360 925; baseline -0.003 -39"><span class='ocrx_word' id='word_1_765' title='bbox 1290 901 1303 925; x_wconf 59' lang='lat' dir='ltr'><em>t</em></span> <span class='ocrx_word' id='word_1_766' title='bbox 1323 855 1552 924; x_wconf 46' lang='lat' dir='ltr'>Esrffetoritssegis</span> <span class='ocrx_word' id='word_1_767' title='bbox 1566 858 1595 885; x_wconf 83' lang='lat' dir='ltr'>in</span> <span class='ocrx_word' id='word_1_768' title='bbox 1608 858 1680 885; x_wconf 86' lang='lat' dir='ltr'>Com.</span> <span class='ocrx_word' id='word_1_769' title='bbox 1698 853 1789 884; x_wconf 77' lang='lat' dir='ltr'><em>Glauc.</em></span> <span class='ocrx_word' id='word_1_770' title='bbox 1808 864 1839 884; x_wconf 88' lang='lat' dir='ltr'>ac</span> <span class='ocrx_word' id='word_1_771' title='bbox 1855 840 1991 885; x_wconf 78' lang='lat' dir='ltr'>Marchiae</span> <span class='ocrx_word' id='word_1_772' title='bbox 2015 853 2124 884; x_wconf 81' lang='lat' dir='ltr'>Walliae</span> <span class='ocrx_word' id='word_1_773' title='bbox 2140 840 2224 885; x_wconf 71' lang='lat' dir='ltr'>eidem</span> <span class='ocrx_word' id='word_1_774' title='bbox 2236 856 2360 884; x_wconf 82' lang='lat' dir='ltr'>Comita-</span> 
     </span>
     <span class='ocr_line' id='line_1_97' title="bbox 1305 903 1507 932; baseline -0.015 -7"><span class='ocrx_word' id='word_1_775' title='bbox 1305 906 1333 925; x_wconf 81' lang='lat' dir='ltr'>m</span> <span class='ocrx_word' id='word_1_776' title='bbox 1347 907 1364 924; x_wconf 86' lang='lat' dir='ltr'>a</span> <span class='ocrx_word' id='word_1_777' title='bbox 1385 905 1462 932; x_wconf 73' lang='lat' dir='ltr'>jacen</span> <span class='ocrx_word' id='word_1_778' title='bbox 1476 903 1507 922; x_wconf 62' lang='grc' dir='ltr'>ις.</span> 
     </span>
    </p>
   </div>
   <div class='ocr_carea' id='block_1_28' title="bbox 1287 970 1780 1088">
    <p class='ocr_par' dir='ltr' id='par_1_41' title="bbox 1287 970 1780 1088">
     <span class='ocr_line' id='line_1_98' title="bbox 1287 970 1577 1008; baseline -0.01 -6"><span class='ocrx_word' id='word_1_779' title='bbox 1287 974 1403 1007; x_wconf 61' lang='grc' dir='ltr'>,Μὶίαιηί</span> <span class='ocrx_word' id='word_1_780' title='bbox 1417 970 1577 1008; x_wconf 70' lang='lat' dir='ltr'>adjacentis.</span> 
     </span>
     <span class='ocr_line' id='line_1_99' title="bbox 1327 1007 1780 1047; baseline 0 -9"><span class='ocrx_word' id='word_1_781' title='bbox 1327 1008 1468 1047; x_wconf 78' lang='lat' dir='ltr'>Escaetori</span> <span class='ocrx_word' id='word_1_782' title='bbox 1476 1007 1527 1046; x_wconf 84' lang='lat' dir='ltr'>Juo</span> <span class='ocrx_word' id='word_1_783' title='bbox 1541 1012 1570 1038; x_wconf 81' lang='lat' dir='ltr'>in</span> <span class='ocrx_word' id='word_1_784' title='bbox 1583 1011 1654 1042; x_wconf 80' lang='lat' dir='ltr'>Com.</span> <span class='ocrx_word' id='word_1_785' title='bbox 1675 1007 1780 1038; x_wconf 79' lang='lat' dir='ltr'>Midds.</span> 
     </span>
     <span class='ocr_line' id='line_1_100' title="bbox 1327 1044 1724 1088; baseline -0.005 -11"><span class='ocrx_word' id='word_1_786' title='bbox 1327 1049 1471 1088; x_wconf 83' lang='lat' dir='ltr'>Escaetori</span> <span class='ocrx_word' id='word_1_787' title='bbox 1478 1044 1529 1086; x_wconf 75' lang='lat' dir='ltr'>fito</span> <span class='ocrx_word' id='word_1_788' title='bbox 1541 1050 1612 1077; x_wconf 84' lang='lat' dir='ltr'>Com.</span> <span class='ocrx_word' id='word_1_789' title='bbox 1632 1048 1724 1077; x_wconf 77' lang='lat' dir='ltr'>Wrr.</span> 
     </span>
    </p>
   </div>
   <div class='ocr_carea' id='block_1_29' title="bbox 1329 1115 1872 1161">
    <p class='ocr_par' dir='ltr' id='par_1_42' title="bbox 1329 1115 1872 1161">
     <span class='ocr_line' id='line_1_101' title="bbox 1329 1115 1872 1161; baseline -0.004 -7"><span class='ocrx_word' id='word_1_790' title='bbox 1329 1122 1367 1154; x_wconf 90' lang='lat' dir='ltr'>Et</span> <span class='ocrx_word' id='word_1_791' title='bbox 1386 1122 1556 1154; x_wconf 86' lang='lat' dir='ltr'>Mandatum</span> <span class='ocrx_word' id='word_1_792' title='bbox 1575 1120 1617 1153; x_wconf 87' lang='lat' dir='ltr'>est</span> <span class='ocrx_word' id='word_1_793' title='bbox 1634 1115 1795 1161; x_wconf 86' lang='lat' dir='ltr'>Militibus,</span> <span class='ocrx_word' id='word_1_794' title='bbox 1811 1121 1872 1153; x_wconf 91' lang='lat' dir='ltr'>&amp;c.</span> 
     </span>
    </p>
   </div>
   <div class='ocr_carea' id='block_1_30' title="bbox 1883 992 2330 1087">
    <p class='ocr_par' dir='ltr' id='par_1_43' title="bbox 1883 992 2330 1087">
     <span class='ocr_line' id='line_1_102' title="bbox 1885 992 2328 1047; baseline -0.002 -10"><span class='ocrx_word' id='word_1_795' title='bbox 1885 992 2027 1047; x_wconf 67' lang='lat' dir='ltr'>Efiaetori</span> <span class='ocrx_word' id='word_1_796' title='bbox 2035 1006 2085 1046; x_wconf 86' lang='lat' dir='ltr'>suo</span> <span class='ocrx_word' id='word_1_797' title='bbox 2099 1010 2129 1036; x_wconf 87' lang='lat' dir='ltr'>in</span> <span class='ocrx_word' id='word_1_798' title='bbox 2149 995 2222 1037; x_wconf 78' lang='lat' dir='ltr'>com.</span> <span class='ocrx_word' id='word_1_799' title='bbox 2240 1005 2328 1036; x_wconf 84' lang='lat' dir='ltr'>Derb.</span> 
     </span>
     <span class='ocr_line' id='line_1_103' title="bbox 1883 1044 2330 1087; baseline -0.002 -12"><span class='ocrx_word' id='word_1_800' title='bbox 1883 1046 2023 1087; x_wconf 78' lang='lat' dir='ltr'>Escaetori</span> <span class='ocrx_word' id='word_1_801' title='bbox 2030 1046 2083 1086; x_wconf 74' lang='lat' dir='ltr'>fico</span> <span class='ocrx_word' id='word_1_802' title='bbox 2093 1050 2124 1077; x_wconf 81' lang='lat' dir='ltr'>in</span> <span class='ocrx_word' id='word_1_803' title='bbox 2139 1049 2211 1076; x_wconf 83' lang='lat' dir='ltr'>Com.</span> <span class='ocrx_word' id='word_1_804' title='bbox 2230 1044 2330 1084; x_wconf 80' lang='lat' dir='ltr'>Straffi</span> 
     </span>
    </p>
   </div>
   <div class='ocr_carea' id='block_1_31' title="bbox 2517 69 2562 1219">
    <p class='ocr_par' dir='ltr' id='par_1_44' title="bbox 2517 69 2562 1219">
     <span class='ocr_line' id='line_1_104' title="bbox 2517 69 2562 1219; baseline 0 0"><span class='ocrx_word' id='word_1_805' title='bbox 2517 69 2562 1219; x_wconf 95' lang='lat' dir='ltr'> </span> 
     </span>
    </p>
   </div>
   <div class='ocr_carea' id='block_1_32' title="bbox 1385 1247 2271 1306">
    <p class='ocr_par' dir='ltr' id='par_1_45' title="bbox 1385 1247 2271 1306">
     <span class='ocr_line' id='line_1_105' title="bbox 1385 1247 2271 1306; baseline 0 -13"><span class='ocrx_word' id='word_1_806' title='bbox 1385 1260 1435 1293; x_wconf 92' lang='lat' dir='ltr'>De</span> <span class='ocrx_word' id='word_1_807' title='bbox 1455 1262 1659 1296; x_wconf 73' lang='lat' dir='ltr'>Renovatione</span> <span class='ocrx_word' id='word_1_808' title='bbox 1682 1261 1873 1306; x_wconf 77' lang='lat' dir='ltr'>Treugarum</span> <span class='ocrx_word' id='word_1_809' title='bbox 1889 1267 1957 1294; x_wconf 81' lang='lat' dir='ltr'>cum</span> <span class='ocrx_word' id='word_1_810' title='bbox 1978 1247 2153 1304; x_wconf 58' lang='lat' dir='ltr'>Burgundii:</span> <span class='ocrx_word' id='word_1_811' title='bbox 2174 1260 2271 1296; x_wconf 87' lang='lat' dir='ltr'>Duce.</span> 
     </span>
    </p>
   </div>
   <div class='ocr_carea' id='block_1_33' title="bbox 1295 1333 2538 3119">
    <p class='ocr_par' dir='ltr' id='par_1_46' title="bbox 1295 1333 2519 1423">
     <span class='ocr_line' id='line_1_106' title="bbox 1295 1333 2519 1408; baseline -0.003 -31"><span class='ocrx_word' id='word_1_812' title='bbox 1295 1345 1383 1408; x_wconf 87' lang='lat' dir='ltr'>LE</span> <span class='ocrx_word' id='word_1_813' title='bbox 1401 1345 1458 1377; x_wconf 90' lang='lat' dir='ltr'>Ro</span> <span class='ocrx_word' id='word_1_814' title='bbox 1469 1355 1488 1376; x_wconf 79' lang='lat' dir='ltr'>Y</span> <span class='ocrx_word' id='word_1_815' title='bbox 1498 1368 1508 1384; x_wconf 89' lang='lat'>,</span> <span class='ocrx_word' id='word_1_816' title='bbox 1528 1345 1587 1376; x_wconf 65' lang='lat' dir='ltr'>&amp;e</span> <span class='ocrx_word' id='word_1_817' title='bbox 1604 1355 1620 1376; x_wconf 87' lang='lat' dir='ltr'>a</span> <span class='ocrx_word' id='word_1_818' title='bbox 1635 1353 1700 1376; x_wconf 88' lang='lat' dir='ltr'>tous</span> <span class='ocrx_word' id='word_1_819' title='bbox 1715 1337 1798 1375; x_wconf 65' lang='lat' dir='ltr'>ceulic</span> <span class='ocrx_word' id='word_1_820' title='bbox 1811 1366 1822 1382; x_wconf 88' lang='lat'>,</span> <span class='ocrx_word' id='word_1_821' title='bbox 1847 1342 1909 1375; x_wconf 90' lang='lat' dir='ltr'>&amp;c.</span> <span class='ocrx_word' id='word_1_822' title='bbox 1929 1343 2012 1375; x_wconf 90' lang='lat' dir='ltr'>Salut.</span> <span class='ocrx_word' id='word_1_823' title='bbox 2384 1336 2460 1368; x_wconf 77' lang='lat' dir='ltr'>Ann-</span> <span class='ocrx_word' id='word_1_824' title='bbox 2475 1333 2519 1368; x_wconf 87' lang='lat' dir='ltr'>D·</span> 
     </span>
     <span class='ocr_line' id='line_1_107' title="bbox 1389 1374 2492 1423; baseline -0.001 -8"><span class='ocrx_word' id='word_1_825' title='bbox 1389 1383 1504 1423; x_wconf 87' lang='lat' dir='ltr'>Come,</span> <span class='ocrx_word' id='word_1_826' title='bbox 1521 1395 1535 1415; x_wconf 90' lang='lat' dir='ltr'>a</span> <span class='ocrx_word' id='word_1_827' title='bbox 1552 1385 1560 1414; x_wconf 95' lang='lat' dir='ltr'>l</span> <span class='ocrx_word' id='word_1_828' title='bbox 1573 1383 1702 1414; x_wconf 83' lang='lat' dir='ltr'>Instan&#39;ce</span> <span class='ocrx_word' id='word_1_829' title='bbox 1716 1383 1764 1414; x_wconf 88' lang='lat' dir='ltr'>des</span> <span class='ocrx_word' id='word_1_830' title='bbox 1775 1382 1858 1413; x_wconf 86' lang='lat' dir='ltr'>Gens</span> <span class='ocrx_word' id='word_1_831' title='bbox 1872 1381 2004 1420; x_wconf 88' lang='lat' dir='ltr'>d’Esglise</span> <span class='ocrx_word' id='word_1_832' title='bbox 2019 1382 2054 1413; x_wconf 90' lang='lat'>&amp;</span> <span class='ocrx_word' id='word_1_833' title='bbox 2067 1389 2157 1414; x_wconf 87' lang='lat' dir='ltr'>autres</span> <span class='ocrx_word' id='word_1_834' title='bbox 2169 1381 2310 1414; x_wconf 90' lang='lat' dir='ltr'>Habitans</span> <span class='ocrx_word' id='word_1_835' title='bbox 2321 1383 2370 1415; x_wconf 85' lang='lat' dir='ltr'>des</span> <span class='ocrx_word' id='word_1_836' title='bbox 2405 1374 2492 1414; x_wconf 75' lang='lat'>¹408·</span> 
     </span>
    </p>

    <p class='ocr_par' dir='ltr' id='par_1_47' title="bbox 1297 1417 2486 1494">
     <span class='ocr_line' id='line_1_108' title="bbox 1297 1417 2486 1494; baseline 0 -40"><span class='ocrx_word' id='word_1_837' title='bbox 1297 1424 1395 1494; x_wconf 52' lang='lat' dir='ltr'>gente</span> <span class='ocrx_word' id='word_1_838' title='bbox 1402 1424 1440 1492; x_wconf 55' lang='grc' dir='ltr'>ἐξ</span> <span class='ocrx_word' id='word_1_839' title='bbox 1458 1423 1531 1454; x_wconf 81' lang='lat' dir='ltr'>Paiis</span> <span class='ocrx_word' id='word_1_840' title='bbox 1545 1422 1580 1453; x_wconf 89' lang='lat' dir='ltr'>de</span> <span class='ocrx_word' id='word_1_841' title='bbox 1596 1418 1745 1461; x_wconf 85' lang='lat' dir='ltr'>Flandres,</span> <span class='ocrx_word' id='word_1_842' title='bbox 1763 1420 1882 1453; x_wconf 86' lang='lat' dir='ltr'>diverses</span> <span class='ocrx_word' id='word_1_843' title='bbox 1899 1420 2037 1460; x_wconf 89' lang='lat' dir='ltr'>Journees</span> <span class='ocrx_word' id='word_1_844' title='bbox 2057 1420 2094 1452; x_wconf 91' lang='lat' dir='ltr'>de</span> <span class='ocrx_word' id='word_1_845' title='bbox 2109 1421 2207 1453; x_wconf 86' lang='lat' dir='ltr'>Traite</span> <span class='ocrx_word' id='word_1_846' title='bbox 2221 1423 2297 1454; x_wconf 84' lang='lat' dir='ltr'>aient</span> <span class='ocrx_word' id='word_1_847' title='bbox 2311 1422 2370 1455; x_wconf 87' lang='lat' dir='ltr'>este</span> <span class='ocrx_word' id='word_1_848' title='bbox 2384 1417 2438 1481; x_wconf 47' lang='grc' dir='ltr'>ἴ·</span> <span class='ocrx_word' id='word_1_849' title='bbox 2457 1423 2486 1449; x_wconf 92' lang='grc'>9·</span> 
     </span>
     <span class='ocr_line' id='line_1_109' title="bbox 1322 1462 2478 1493; baseline -0.003 -1"><span class='ocrx_word' id='word_1_850' title='bbox 1322 1472 1386 1493; x_wconf 85' lang='lat' dir='ltr'>eues</span> <span class='ocrx_word' id='word_1_851' title='bbox 1445 1469 1541 1492; x_wconf 89' lang='lat' dir='ltr'>tenues</span> <span class='ocrx_word' id='word_1_852' title='bbox 2413 1473 2420 1480; x_wconf 93' lang='lat'><strong>·</strong></span> <span class='ocrx_word' id='word_1_853' title='bbox 2445 1462 2478 1488; x_wconf 89' lang='lat'>4·</span> 
     </span>
    </p>

    <p class='ocr_par' dir='ltr' id='par_1_48' title="bbox 1301 1484 2538 1768">
     <span class='ocr_line' id='line_1_110' title="bbox 1337 1484 2522 1538; baseline 0 -7"><span class='ocrx_word' id='word_1_854' title='bbox 1337 1501 1361 1531; x_wconf 92' lang='lat' dir='ltr'>P</span> <span class='ocrx_word' id='word_1_855' title='bbox 1372 1510 1394 1531; x_wconf 80' lang='lat' dir='ltr'>R</span> <span class='ocrx_word' id='word_1_856' title='bbox 1404 1509 1451 1530; x_wconf 80' lang='lat' dir='ltr'>IM</span> <span class='ocrx_word' id='word_1_857' title='bbox 1462 1508 1479 1530; x_wconf 80' lang='grc' dir='ltr'>Ε</span> <span class='ocrx_word' id='word_1_858' title='bbox 1490 1509 1513 1530; x_wconf 80' lang='lat' dir='ltr'>R</span> <span class='ocrx_word' id='word_1_859' title='bbox 1525 1484 1580 1530; x_wconf 71' lang='lat' dir='ltr'>E⁹M</span> <span class='ocrx_word' id='word_1_860' title='bbox 1591 1508 1608 1530; x_wconf 81' lang='lat' dir='ltr'>E</span> <span class='ocrx_word' id='word_1_861' title='bbox 1620 1508 1643 1530; x_wconf 82' lang='lat' dir='ltr'>N</span> <span class='ocrx_word' id='word_1_862' title='bbox 1653 1508 1675 1530; x_wconf 89' lang='grc' dir='ltr'>τ</span> <span class='ocrx_word' id='word_1_863' title='bbox 1689 1522 1699 1538; x_wconf 86' lang='grc'>,</span> <span class='ocrx_word' id='word_1_864' title='bbox 1719 1506 1798 1529; x_wconf 85' lang='lat' dir='ltr'>entre</span> <span class='ocrx_word' id='word_1_865' title='bbox 1821 1498 1907 1529; x_wconf 89' lang='lat' dir='ltr'>Nous</span> <span class='ocrx_word' id='word_1_866' title='bbox 1924 1507 1974 1536; x_wconf 86' lang='lat' dir='ltr'>par</span> <span class='ocrx_word' id='word_1_867' title='bbox 1994 1506 2052 1529; x_wconf 90' lang='lat' dir='ltr'>noz</span> <span class='ocrx_word' id='word_1_868' title='bbox 2075 1497 2288 1530; x_wconf 80' lang='lat' dir='ltr'>Ambassatours</span> <span class='ocrx_word' id='word_1_869' title='bbox 2305 1510 2321 1531; x_wconf 88' lang='lat' dir='ltr'>a</span> <span class='ocrx_word' id='word_1_870' title='bbox 2338 1510 2374 1532; x_wconf 90' lang='lat' dir='ltr'>ce</span> <span class='ocrx_word' id='word_1_871' title='bbox 2388 1495 2475 1519; x_wconf 73' lang='lat' dir='ltr'>franc.</span> <span class='ocrx_word' id='word_1_872' title='bbox 2492 1493 2522 1524; x_wconf 61' lang='lat'>9³</span> 
     </span>
     <span class='ocr_line' id='line_1_111' title="bbox 1301 1533 2538 1605; baseline -0.003 -35"><span class='ocrx_word' id='word_1_873' title='bbox 1301 1539 1463 1583; x_wconf 79' lang='lat' dir='ltr'>Commys,</span> <span class='ocrx_word' id='word_1_874' title='bbox 1481 1540 1515 1571; x_wconf 88' lang='lat'>&amp;</span> <span class='ocrx_word' id='word_1_875' title='bbox 1535 1538 1574 1568; x_wconf 82' lang='lat' dir='ltr'>les</span> <span class='ocrx_word' id='word_1_876' title='bbox 1595 1538 1740 1582; x_wconf 76' lang='lat' dir='ltr'>Deputees</span> <span class='ocrx_word' id='word_1_877' title='bbox 1760 1537 1805 1567; x_wconf 78' lang='lat' dir='ltr'>des</span> <span class='ocrx_word' id='word_1_878' title='bbox 1814 1536 1936 1605; x_wconf 47' lang='grc' dir='ltr'>ίῘξᾲιιιίνε</span> <span class='ocrx_word' id='word_1_879' title='bbox 1952 1537 2088 1567; x_wconf 79' lang='lat' dir='ltr'>Membres</span> <span class='ocrx_word' id='word_1_880' title='bbox 2111 1537 2144 1567; x_wconf 82' lang='lat' dir='ltr'>de</span> <span class='ocrx_word' id='word_1_881' title='bbox 2156 1536 2307 1577; x_wconf 77' lang='lat' dir='ltr'>Flandres&#39;,</span> <span class='ocrx_word' id='word_1_882' title='bbox 2325 1540 2374 1578; x_wconf 86' lang='lat' dir='ltr'>qui</span> <span class='ocrx_word' id='word_1_883' title='bbox 2390 1533 2424 1557; x_wconf 75' lang='lat' dir='ltr'>H·</span> <span class='ocrx_word' id='word_1_884' title='bbox 2440 1539 2470 1566; x_wconf 80' lang='lat'>4·</span> <span class='ocrx_word' id='word_1_885' title='bbox 2482 1534 2538 1556; x_wconf 54' lang='lat'>²⁷¹³</span> 
     </span>
     <span class='ocr_line' id='line_1_112' title="bbox 1301 1575 2438 1616; baseline -0.001 -7"><span class='ocrx_word' id='word_1_886' title='bbox 1301 1579 1338 1609; x_wconf 84' lang='lat' dir='ltr'>de</span> <span class='ocrx_word' id='word_1_887' title='bbox 1352 1589 1385 1609; x_wconf 93' lang='lat' dir='ltr'>ce</span> <span class='ocrx_word' id='word_1_888' title='bbox 1400 1578 1498 1616; x_wconf 84' lang='lat' dir='ltr'>piecha</span> <span class='ocrx_word' id='word_1_889' title='bbox 1514 1576 1597 1607; x_wconf 83' lang='lat' dir='ltr'>firent</span> <span class='ocrx_word' id='word_1_890' title='bbox 1609 1577 1745 1613; x_wconf 85' lang='lat' dir='ltr'>diligente</span> <span class='ocrx_word' id='word_1_891' title='bbox 1760 1585 1812 1613; x_wconf 89' lang='lat' dir='ltr'>pur</span> <span class='ocrx_word' id='word_1_892' title='bbox 1825 1577 1884 1607; x_wconf 90' lang='lat' dir='ltr'>uite</span> <span class='ocrx_word' id='word_1_893' title='bbox 1898 1585 1997 1606; x_wconf 84' lang='lat' dir='ltr'>envers</span> <span class='ocrx_word' id='word_1_894' title='bbox 2011 1575 2113 1613; x_wconf 89' lang='lat' dir='ltr'>Nous,</span> <span class='ocrx_word' id='word_1_895' title='bbox 2130 1585 2147 1606; x_wconf 93' lang='lat' dir='ltr'>a</span> <span class='ocrx_word' id='word_1_896' title='bbox 2161 1575 2198 1605; x_wconf 86' lang='lat' dir='ltr'>fin</span> <span class='ocrx_word' id='word_1_897' title='bbox 2213 1576 2251 1607; x_wconf 88' lang='lat' dir='ltr'>de</span> <span class='ocrx_word' id='word_1_898' title='bbox 2257 1578 2336 1608; x_wconf 88' lang='lat' dir='ltr'>avoir</span> <span class='ocrx_word' id='word_1_899' title='bbox 2350 1577 2376 1608; x_wconf 94' lang='grc'><strong>13</strong></span> <span class='ocrx_word' id='word_1_900' title='bbox 2395 1578 2438 1597; x_wconf 88' lang='lat'>¹0·</span> 
     </span>
     <span class='ocr_line' id='line_1_113' title="bbox 1304 1613 2378 1648; baseline 0 -1"><span class='ocrx_word' id='word_1_901' title='bbox 1304 1616 1399 1647; x_wconf 91' lang='lat' dir='ltr'>Cours</span> <span class='ocrx_word' id='word_1_902' title='bbox 1411 1616 1447 1646; x_wconf 91' lang='lat' dir='ltr'>de</span> <span class='ocrx_word' id='word_1_903' title='bbox 1459 1616 1484 1646; x_wconf 87' lang='lat' dir='ltr'>la</span> <span class='ocrx_word' id='word_1_904' title='bbox 1500 1615 1638 1646; x_wconf 87' lang='lat' dir='ltr'>Comune</span> <span class='ocrx_word' id='word_1_905' title='bbox 1657 1614 1867 1645; x_wconf 85' lang='lat' dir='ltr'>Marchandises</span> <span class='ocrx_word' id='word_1_906' title='bbox 1882 1613 2040 1645; x_wconf 87' lang='lat' dir='ltr'>seurement</span> <span class='ocrx_word' id='word_1_907' title='bbox 2063 1614 2155 1645; x_wconf 91' lang='lat' dir='ltr'>Overt</span> <span class='ocrx_word' id='word_1_908' title='bbox 2179 1623 2259 1645; x_wconf 87' lang='lat' dir='ltr'>entre</span> <span class='ocrx_word' id='word_1_909' title='bbox 2281 1614 2378 1648; x_wconf 82' lang='lat' dir='ltr'>nostre</span> 
     </span>
     <span class='ocr_line' id='line_1_114' title="bbox 1305 1651 2378 1691; baseline 0.001 -6"><span class='ocrx_word' id='word_1_910' title='bbox 1305 1655 1440 1685; x_wconf 84' lang='lat' dir='ltr'>Roialme</span> <span class='ocrx_word' id='word_1_911' title='bbox 1452 1653 1646 1691; x_wconf 83' lang='lat' dir='ltr'>d’Engleterre</span> <span class='ocrx_word' id='word_1_912' title='bbox 1661 1654 1695 1685; x_wconf 89' lang='lat'>&amp;</span> <span class='ocrx_word' id='word_1_913' title='bbox 1709 1661 1800 1683; x_wconf 86' lang='lat' dir='ltr'>autres</span> <span class='ocrx_word' id='word_1_914' title='bbox 1821 1661 1880 1683; x_wconf 88' lang='lat' dir='ltr'>noz</span> <span class='ocrx_word' id='word_1_915' title='bbox 1899 1651 2083 1691; x_wconf 87' lang='lat' dir='ltr'>Seignuries,</span> <span class='ocrx_word' id='word_1_916' title='bbox 2098 1652 2132 1684; x_wconf 88' lang='lat'>&amp;</span> <span class='ocrx_word' id='word_1_917' title='bbox 2149 1652 2176 1683; x_wconf 88' lang='lat' dir='ltr'>le</span> <span class='ocrx_word' id='word_1_918' title='bbox 2191 1653 2233 1684; x_wconf 87' lang='lat' dir='ltr'>dit</span> <span class='ocrx_word' id='word_1_919' title='bbox 2250 1652 2323 1685; x_wconf 85' lang='lat' dir='ltr'>Paiis</span> <span class='ocrx_word' id='word_1_920' title='bbox 2340 1654 2378 1686; x_wconf 86' lang='lat' dir='ltr'>de</span> 
     </span>
     <span class='ocr_line' id='line_1_115' title="bbox 1307 1690 2378 1731; baseline -0.001 -7"><span class='ocrx_word' id='word_1_921' title='bbox 1307 1693 1456 1731; x_wconf 83' lang='lat' dir='ltr'>Flandres,</span> <span class='ocrx_word' id='word_1_922' title='bbox 1475 1692 1515 1723; x_wconf 93' lang='lat' dir='ltr'>du</span> <span class='ocrx_word' id='word_1_923' title='bbox 1531 1691 1621 1730; x_wconf 88' lang='lat' dir='ltr'>quelle</span> <span class='ocrx_word' id='word_1_924' title='bbox 1644 1691 1670 1722; x_wconf 91' lang='lat' dir='ltr'>sa</span> <span class='ocrx_word' id='word_1_925' title='bbox 1695 1690 1868 1722; x_wconf 89' lang='lat' dir='ltr'>Sustenance</span> <span class='ocrx_word' id='word_1_926' title='bbox 1886 1690 1927 1720; x_wconf 90' lang='lat' dir='ltr'>est</span> <span class='ocrx_word' id='word_1_927' title='bbox 1948 1691 2053 1723; x_wconf 86' lang='lat' dir='ltr'>fondee</span> <span class='ocrx_word' id='word_1_928' title='bbox 2067 1691 2111 1723; x_wconf 88' lang='lat' dir='ltr'>sur</span> <span class='ocrx_word' id='word_1_929' title='bbox 2127 1690 2153 1722; x_wconf 89' lang='lat' dir='ltr'>le</span> <span class='ocrx_word' id='word_1_930' title='bbox 2167 1691 2217 1723; x_wconf 84' lang='lat' dir='ltr'>fait</span> <span class='ocrx_word' id='word_1_931' title='bbox 2229 1691 2266 1722; x_wconf 90' lang='lat' dir='ltr'>de</span> <span class='ocrx_word' id='word_1_932' title='bbox 2280 1692 2306 1724; x_wconf 78' lang='lat' dir='ltr'>la</span> <span class='ocrx_word' id='word_1_933' title='bbox 2321 1693 2378 1724; x_wconf 87' lang='lat' dir='ltr'>dite</span> 
     </span>
     <span class='ocr_line' id='line_1_116' title="bbox 1305 1728 2006 1768; baseline -0.004 -6"><span class='ocrx_word' id='word_1_934' title='bbox 1305 1731 1524 1768; x_wconf 84' lang='lat' dir='ltr'>Merchandise,</span> <span class='ocrx_word' id='word_1_935' title='bbox 1543 1731 1576 1761; x_wconf 67' lang='grc' dir='ltr'>ὅ(</span> <span class='ocrx_word' id='word_1_936' title='bbox 1611 1729 1778 1760; x_wconf 81' lang='lat' dir='ltr'>randement</span> <span class='ocrx_word' id='word_1_937' title='bbox 1791 1729 1835 1760; x_wconf 85' lang='lat' dir='ltr'>sur</span> <span class='ocrx_word' id='word_1_938' title='bbox 1849 1728 2006 1768; x_wconf 85' lang='lat' dir='ltr'>Draparie,</span> 
     </span>
    </p>

    <p class='ocr_par' dir='ltr' id='par_1_49' title="bbox 1343 1768 1765 1808">
     <span class='ocr_line' id='line_1_117' title="bbox 1343 1768 1765 1808; baseline -0.007 -7"><span class='ocrx_word' id='word_1_939' title='bbox 1343 1771 1370 1801; x_wconf 88' lang='lat' dir='ltr'>A</span> <span class='ocrx_word' id='word_1_940' title='bbox 1387 1770 1412 1801; x_wconf 87' lang='lat' dir='ltr'>la</span> <span class='ocrx_word' id='word_1_941' title='bbox 1427 1769 1517 1808; x_wconf 85' lang='lat' dir='ltr'>quelle</span> <span class='ocrx_word' id='word_1_942' title='bbox 1534 1778 1584 1806; x_wconf 87' lang='lat' dir='ltr'>pur</span> <span class='ocrx_word' id='word_1_943' title='bbox 1598 1770 1653 1799; x_wconf 90' lang='lat' dir='ltr'>uite</span> <span class='ocrx_word' id='word_1_944' title='bbox 1668 1768 1765 1806; x_wconf 91' lang='lat' dir='ltr'>Nous,</span> 
     </span>
    </p>

    <p class='ocr_par' dir='ltr' id='par_1_50' title="bbox 1304 1805 2382 1924">
     <span class='ocr_line' id='line_1_118' title="bbox 1344 1805 2380 1852; baseline -0.001 -13"><span class='ocrx_word' id='word_1_945' title='bbox 1344 1808 1430 1852; x_wconf 81' lang='lat' dir='ltr'>Meus</span> <span class='ocrx_word' id='word_1_946' title='bbox 1444 1809 1480 1839; x_wconf 92' lang='lat' dir='ltr'>de</span> <span class='ocrx_word' id='word_1_947' title='bbox 1495 1806 1614 1842; x_wconf 83' lang='lat' dir='ltr'>Charite</span> <span class='ocrx_word' id='word_1_948' title='bbox 1629 1829 1638 1846; x_wconf 87' lang='lat'>,</span> <span class='ocrx_word' id='word_1_949' title='bbox 1658 1808 1692 1839; x_wconf 91' lang='lat'>&amp;</span> <span class='ocrx_word' id='word_1_950' title='bbox 1710 1806 1858 1844; x_wconf 89' lang='lat' dir='ltr'>regardans</span> <span class='ocrx_word' id='word_1_951' title='bbox 1870 1806 1929 1838; x_wconf 87' lang='lat' dir='ltr'>leur</span> <span class='ocrx_word' id='word_1_952' title='bbox 1943 1805 2108 1840; x_wconf 81' lang='lat' dir='ltr'>En&#39;tencion</span> <span class='ocrx_word' id='word_1_953' title='bbox 2123 1805 2196 1839; x_wconf 85' lang='lat' dir='ltr'>estre</span> <span class='ocrx_word' id='word_1_954' title='bbox 2209 1807 2380 1840; x_wconf 81' lang='lat' dir='ltr'>consonable</span> 
     </span>
     <span class='ocr_line' id='line_1_119' title="bbox 1304 1844 2382 1885; baseline 0.001 -8"><span class='ocrx_word' id='word_1_955' title='bbox 1304 1857 1321 1877; x_wconf 90' lang='lat' dir='ltr'>a</span> <span class='ocrx_word' id='word_1_956' title='bbox 1338 1847 1463 1885; x_wconf 83' lang='lat' dir='ltr'>Raison,</span> <span class='ocrx_word' id='word_1_957' title='bbox 1479 1847 1513 1878; x_wconf 88' lang='lat'>&amp;</span> <span class='ocrx_word' id='word_1_958' title='bbox 1531 1845 1630 1876; x_wconf 87' lang='lat' dir='ltr'>sonner</span> <span class='ocrx_word' id='word_1_959' title='bbox 1650 1855 1686 1876; x_wconf 91' lang='lat' dir='ltr'>en</span> <span class='ocrx_word' id='word_1_960' title='bbox 1706 1844 1856 1884; x_wconf 80' lang='lat' dir='ltr'>Avantage</span> <span class='ocrx_word' id='word_1_961' title='bbox 1873 1845 1912 1876; x_wconf 93' lang='lat' dir='ltr'>du</span> <span class='ocrx_word' id='word_1_962' title='bbox 1930 1844 1999 1876; x_wconf 85' lang='lat' dir='ltr'>Bicn</span> <span class='ocrx_word' id='word_1_963' title='bbox 2017 1844 2154 1876; x_wconf 89' lang='lat' dir='ltr'>Comune</span> <span class='ocrx_word' id='word_1_964' title='bbox 2168 1869 2178 1885; x_wconf 89' lang='lat'>,</span> <span class='ocrx_word' id='word_1_965' title='bbox 2199 1854 2261 1878; x_wconf 86' lang='lat' dir='ltr'>tant</span> <span class='ocrx_word' id='word_1_966' title='bbox 2280 1847 2319 1878; x_wconf 92' lang='lat' dir='ltr'>du</span> <span class='ocrx_word' id='word_1_967' title='bbox 2336 1847 2382 1878; x_wconf 81' lang='lat' dir='ltr'>dit</span> 
     </span>
     <span class='ocr_line' id='line_1_120' title="bbox 1305 1882 2253 1924; baseline -0.001 -8"><span class='ocrx_word' id='word_1_968' title='bbox 1305 1885 1396 1924; x_wconf 79' lang='lat' dir='ltr'>Paiis,</span> <span class='ocrx_word' id='word_1_969' title='bbox 1413 1895 1468 1923; x_wconf 88' lang='lat' dir='ltr'>que</span> <span class='ocrx_word' id='word_1_970' title='bbox 1481 1885 1518 1915; x_wconf 91' lang='lat' dir='ltr'>de</span> <span class='ocrx_word' id='word_1_971' title='bbox 1531 1884 1625 1914; x_wconf 88' lang='lat' dir='ltr'>nostre</span> <span class='ocrx_word' id='word_1_972' title='bbox 1639 1883 1681 1915; x_wconf 92' lang='lat' dir='ltr'>dit</span> <span class='ocrx_word' id='word_1_973' title='bbox 1697 1882 1832 1914; x_wconf 82' lang='lat' dir='ltr'>Roialme</span> <span class='ocrx_word' id='word_1_974' title='bbox 1847 1884 1880 1915; x_wconf 91' lang='lat'>&amp;</span> <span class='ocrx_word' id='word_1_975' title='bbox 1894 1891 1986 1914; x_wconf 86' lang='lat' dir='ltr'>autres</span> <span class='ocrx_word' id='word_1_976' title='bbox 1999 1893 2059 1914; x_wconf 89' lang='lat' dir='ltr'>noz</span> <span class='ocrx_word' id='word_1_977' title='bbox 2073 1883 2253 1924; x_wconf 87' lang='lat' dir='ltr'>Seignuries,</span> 
     </span>
    </p>

    <p class='ocr_par' dir='ltr' id='par_1_51' title="bbox 1342 1921 2252 1962">
     <span class='ocr_line' id='line_1_121' title="bbox 1342 1921 2252 1962; baseline 0 -8"><span class='ocrx_word' id='word_1_978' title='bbox 1342 1923 1543 1960; x_wconf 81' lang='lat' dir='ltr'>lncliiiasmes,</span> <span class='ocrx_word' id='word_1_979' title='bbox 1561 1933 1597 1953; x_wconf 87' lang='lat' dir='ltr'>en</span> <span class='ocrx_word' id='word_1_980' title='bbox 1610 1922 1755 1953; x_wconf 86' lang='lat' dir='ltr'>Ottroiant</span> <span class='ocrx_word' id='word_1_981' title='bbox 1776 1921 1813 1952; x_wconf 87' lang='lat' dir='ltr'>les</span> <span class='ocrx_word' id='word_1_982' title='bbox 1825 1922 1897 1953; x_wconf 88' lang='lat' dir='ltr'>dites</span> <span class='ocrx_word' id='word_1_983' title='bbox 1912 1922 2050 1960; x_wconf 87' lang='lat' dir='ltr'>Journees</span> <span class='ocrx_word' id='word_1_984' title='bbox 2060 1921 2133 1954; x_wconf 87' lang='lat' dir='ltr'>estre</span> <span class='ocrx_word' id='word_1_985' title='bbox 2147 1931 2252 1962; x_wconf 88' lang='lat' dir='ltr'>tenuz,</span> 
     </span>
    </p>

    <p class='ocr_par' dir='ltr' id='par_1_52' title="bbox 1304 1958 2530 2302">
     <span class='ocr_line' id='line_1_122' title="bbox 1343 1958 2530 2000; baseline 0.003 -7"><span class='ocrx_word' id='word_1_986' title='bbox 1343 1964 1362 1983; x_wconf 74' lang='lat'>²¹¹</span> <span class='ocrx_word' id='word_1_987' title='bbox 1384 1962 1420 1993; x_wconf 90' lang='lat' dir='ltr'>Et</span> <span class='ocrx_word' id='word_1_988' title='bbox 1435 1972 1481 2000; x_wconf 77' lang='lat' dir='ltr'>par</span> <span class='ocrx_word' id='word_1_989' title='bbox 1494 1971 1590 1999; x_wconf 82' lang='lat' dir='ltr'>apres,</span> <span class='ocrx_word' id='word_1_990' title='bbox 1605 1971 1643 1992; x_wconf 84' lang='lat' dir='ltr'>en</span> <span class='ocrx_word' id='word_1_991' title='bbox 1657 1960 1854 1999; x_wconf 81' lang='lat' dir='ltr'>Conclusion,</span> <span class='ocrx_word' id='word_1_992' title='bbox 1873 1962 1966 1998; x_wconf 90' lang='lat' dir='ltr'>aient,</span> <span class='ocrx_word' id='word_1_993' title='bbox 1985 1960 2029 1991; x_wconf 88' lang='lat' dir='ltr'>sur</span> <span class='ocrx_word' id='word_1_994' title='bbox 2045 1961 2163 1992; x_wconf 89' lang='lat' dir='ltr'>meisme</span> <span class='ocrx_word' id='word_1_995' title='bbox 2177 1962 2205 1993; x_wconf 87' lang='lat' dir='ltr'>le</span> <span class='ocrx_word' id='word_1_996' title='bbox 2219 1962 2296 1999; x_wconf 85' lang='lat' dir='ltr'>Fai&#39;t,</span> <span class='ocrx_word' id='word_1_997' title='bbox 2318 1962 2352 1994; x_wconf 67' lang='grc' dir='ltr'>ὅ(</span> <span class='ocrx_word' id='word_1_998' title='bbox 2366 1973 2383 1995; x_wconf 89' lang='grc'><strong>3</strong></span> <span class='ocrx_word' id='word_1_999' title='bbox 2397 1958 2417 1980; x_wconf 68' lang='grc'>*</span> <span class='ocrx_word' id='word_1_1000' title='bbox 2443 1958 2530 1995; x_wconf 65' lang='lat' dir='ltr'>VIII-J</span> 
     </span>
     <span class='ocr_line' id='line_1_123' title="bbox 1305 1999 2483 2041; baseline 0.001 -9"><span class='ocrx_word' id='word_1_1001' title='bbox 1305 2001 1419 2032; x_wconf 86' lang='lat' dir='ltr'>l&#39;entent</span> <span class='ocrx_word' id='word_1_1002' title='bbox 1432 1999 1510 2030; x_wconf 92' lang='lat' dir='ltr'>desus</span> <span class='ocrx_word' id='word_1_1003' title='bbox 1524 2000 1670 2038; x_wconf 86' lang='lat' dir='ltr'>declarez,</span> <span class='ocrx_word' id='word_1_1004' title='bbox 1686 1999 1748 2030; x_wconf 84' lang='lat' dir='ltr'>este</span> <span class='ocrx_word' id='word_1_1005' title='bbox 1764 1999 1880 2030; x_wconf 87' lang='lat' dir='ltr'>Tenues</span> <span class='ocrx_word' id='word_1_1006' title='bbox 1901 1999 2021 2030; x_wconf 87' lang='lat' dir='ltr'>certeins</span> <span class='ocrx_word' id='word_1_1007' title='bbox 2031 1999 2171 2037; x_wconf 88' lang='lat' dir='ltr'>Journees</span> <span class='ocrx_word' id='word_1_1008' title='bbox 2183 2009 2261 2032; x_wconf 89' lang='lat' dir='ltr'>entre</span> <span class='ocrx_word' id='word_1_1009' title='bbox 2276 2000 2383 2041; x_wconf 87' lang='lat' dir='ltr'>Nous,</span> <span class='ocrx_word' id='word_1_1010' title='bbox 2415 2005 2483 2036; x_wconf 59' lang='lat'>53¹2</span> 
     </span>
     <span class='ocr_line' id='line_1_124' title="bbox 1306 2036 2383 2080; baseline 0.001 -10"><span class='ocrx_word' id='word_1_1011' title='bbox 1306 2049 1355 2080; x_wconf 87' lang='lat' dir='ltr'>par</span> <span class='ocrx_word' id='word_1_1012' title='bbox 1370 2048 1431 2070; x_wconf 82' lang='lat' dir='ltr'>noz</span> <span class='ocrx_word' id='word_1_1013' title='bbox 1447 2039 1656 2070; x_wconf 81' lang='lat' dir='ltr'>Ambassatours</span> <span class='ocrx_word' id='word_1_1014' title='bbox 1672 2048 1687 2068; x_wconf 87' lang='lat' dir='ltr'>a</span> <span class='ocrx_word' id='word_1_1015' title='bbox 1704 2047 1739 2068; x_wconf 91' lang='lat' dir='ltr'>ce</span> <span class='ocrx_word' id='word_1_1016' title='bbox 1759 2037 1911 2068; x_wconf 90' lang='lat' dir='ltr'>deuement</span> <span class='ocrx_word' id='word_1_1017' title='bbox 1925 2036 2040 2068; x_wconf 81' lang='lat' dir='ltr'>establiz</span> <span class='ocrx_word' id='word_1_1018' title='bbox 2062 2037 2098 2068; x_wconf 92' lang='lat' dir='ltr'>de</span> <span class='ocrx_word' id='word_1_1019' title='bbox 2112 2048 2161 2076; x_wconf 89' lang='lat' dir='ltr'>par</span> <span class='ocrx_word' id='word_1_1020' title='bbox 2175 2038 2280 2078; x_wconf 90' lang='lat' dir='ltr'>Nous,</span> <span class='ocrx_word' id='word_1_1021' title='bbox 2297 2039 2383 2072; x_wconf 78' lang='lat' dir='ltr'>d’une</span> 
     </span>
     <span class='ocr_line' id='line_1_125' title="bbox 1307 2074 2386 2118; baseline 0 -9"><span class='ocrx_word' id='word_1_1022' title='bbox 1307 2086 1386 2117; x_wconf 85' lang='lat' dir='ltr'>part,</span> <span class='ocrx_word' id='word_1_1023' title='bbox 1404 2078 1437 2108; x_wconf 90' lang='lat'>&amp;</span> <span class='ocrx_word' id='word_1_1024' title='bbox 1453 2077 1490 2108; x_wconf 75' lang='lat' dir='ltr'>les</span> <span class='ocrx_word' id='word_1_1025' title='bbox 1502 2076 1643 2115; x_wconf 86' lang='lat' dir='ltr'>Commys</span> <span class='ocrx_word' id='word_1_1026' title='bbox 1658 2076 1694 2106; x_wconf 89' lang='lat' dir='ltr'>de</span> <span class='ocrx_word' id='word_1_1027' title='bbox 1705 2075 1770 2106; x_wconf 88' lang='lat' dir='ltr'>haut</span> <span class='ocrx_word' id='word_1_1028' title='bbox 1781 2076 1814 2107; x_wconf 92' lang='lat'>&amp;</span> <span class='ocrx_word' id='word_1_1029' title='bbox 1830 2076 1948 2115; x_wconf 72' lang='lat' dir='ltr'>puissant</span> <span class='ocrx_word' id='word_1_1030' title='bbox 1963 2074 2068 2106; x_wconf 89' lang='lat' dir='ltr'>Prince</span> <span class='ocrx_word' id='word_1_1031' title='bbox 2081 2074 2105 2105; x_wconf 86' lang='lat' dir='ltr'>le</span> <span class='ocrx_word' id='word_1_1032' title='bbox 2120 2079 2181 2106; x_wconf 89' lang='lat' dir='ltr'>Duc</span> <span class='ocrx_word' id='word_1_1033' title='bbox 2202 2077 2234 2107; x_wconf 84' lang='lat' dir='ltr'>de</span> <span class='ocrx_word' id='word_1_1034' title='bbox 2253 2081 2386 2118; x_wconf 78' lang='lat' dir='ltr'>Bourgoi-</span> 
     </span>
     <span class='ocr_line' id='line_1_126' title="bbox 1304 2113 2383 2155; baseline 0.002 -8"><span class='ocrx_word' id='word_1_1035' title='bbox 1304 2128 1357 2155; x_wconf 85' lang='lat' dir='ltr'>gne</span> <span class='ocrx_word' id='word_1_1036' title='bbox 1373 2115 1472 2147; x_wconf 90' lang='lat' dir='ltr'>Conte</span> <span class='ocrx_word' id='word_1_1037' title='bbox 1487 2115 1522 2146; x_wconf 90' lang='lat' dir='ltr'>de</span> <span class='ocrx_word' id='word_1_1038' title='bbox 1539 2114 1890 2154; x_wconf 82' lang='lat' dir='ltr'>Flandres,plaignement</span> <span class='ocrx_word' id='word_1_1039' title='bbox 1905 2115 1939 2145; x_wconf 90' lang='lat'>&amp;</span> <span class='ocrx_word' id='word_1_1040' title='bbox 1952 2113 2168 2146; x_wconf 82' lang='lat' dir='ltr'>suffisantement</span> <span class='ocrx_word' id='word_1_1041' title='bbox 2177 2114 2337 2148; x_wconf 57' lang='lat' dir='ltr'>Austorises</span> <span class='ocrx_word' id='word_1_1042' title='bbox 2347 2117 2383 2149; x_wconf 84' lang='lat'>&amp;</span> 
     </span>
     <span class='ocr_line' id='line_1_127' title="bbox 1306 2152 2384 2193; baseline 0 -7"><span class='ocrx_word' id='word_1_1043' title='bbox 1306 2157 1380 2187; x_wconf 84' lang='lat' dir='ltr'>aians</span> <span class='ocrx_word' id='word_1_1044' title='bbox 1395 2155 1503 2186; x_wconf 81' lang='lat' dir='ltr'>Povoir</span> <span class='ocrx_word' id='word_1_1045' title='bbox 1517 2154 1553 2184; x_wconf 89' lang='lat' dir='ltr'>de</span> <span class='ocrx_word' id='word_1_1046' title='bbox 1567 2152 1655 2193; x_wconf 83' lang='lat' dir='ltr'>nostre</span> <span class='ocrx_word' id='word_1_1047' title='bbox 1671 2152 1846 2192; x_wconf 74' lang='lat' dir='ltr'>Adverfizire</span> <span class='ocrx_word' id='word_1_1048' title='bbox 1858 2153 1891 2183; x_wconf 74' lang='lat' dir='ltr'>de</span> <span class='ocrx_word' id='word_1_1049' title='bbox 1906 2155 2027 2192; x_wconf 79' lang='lat' dir='ltr'>France,</span> <span class='ocrx_word' id='word_1_1050' title='bbox 2039 2162 2089 2191; x_wconf 82' lang='lat' dir='ltr'>par</span> <span class='ocrx_word' id='word_1_1051' title='bbox 2102 2152 2141 2184; x_wconf 88' lang='lat' dir='ltr'>ses</span> <span class='ocrx_word' id='word_1_1052' title='bbox 2152 2152 2259 2185; x_wconf 82' lang='lat' dir='ltr'>Roialx</span> <span class='ocrx_word' id='word_1_1053' title='bbox 2276 2155 2384 2186; x_wconf 84' lang='lat' dir='ltr'>Lettres</span> 
     </span>
     <span class='ocr_line' id='line_1_128' title="bbox 1308 2190 2384 2232; baseline 0 -7"><span class='ocrx_word' id='word_1_1054' title='bbox 1308 2194 1452 2232; x_wconf 84' lang='lat' dir='ltr'>Patentes,</span> <span class='ocrx_word' id='word_1_1055' title='bbox 1471 2193 1574 2223; x_wconf 87' lang='lat' dir='ltr'>d&#39;autre</span> <span class='ocrx_word' id='word_1_1056' title='bbox 1589 2200 1665 2230; x_wconf 84' lang='lat' dir='ltr'>part,</span> <span class='ocrx_word' id='word_1_1057' title='bbox 1683 2199 1742 2222; x_wconf 86' lang='lat' dir='ltr'>tant</span> <span class='ocrx_word' id='word_1_1058' title='bbox 1756 2201 1812 2230; x_wconf 89' lang='lat' dir='ltr'>que</span> <span class='ocrx_word' id='word_1_1059' title='bbox 1824 2201 1862 2222; x_wconf 90' lang='lat' dir='ltr'>en</span> <span class='ocrx_word' id='word_1_1060' title='bbox 1875 2190 2029 2222; x_wconf 88' lang='lat' dir='ltr'>diffinitive</span> <span class='ocrx_word' id='word_1_1061' title='bbox 2043 2191 2139 2223; x_wconf 89' lang='lat' dir='ltr'>Seurte</span> <span class='ocrx_word' id='word_1_1062' title='bbox 2152 2193 2191 2223; x_wconf 88' lang='lat' dir='ltr'>ait</span> <span class='ocrx_word' id='word_1_1063' title='bbox 2206 2202 2333 2230; x_wconf 88' lang='lat' dir='ltr'>parentre</span> <span class='ocrx_word' id='word_1_1064' title='bbox 2344 2194 2384 2225; x_wconf 88' lang='lat' dir='ltr'>lui</span> 
     </span>
     <span class='ocr_line' id='line_1_129' title="bbox 1307 2230 2386 2302; baseline -0.001 -38"><span class='ocrx_word' id='word_1_1065' title='bbox 1307 2233 1341 2302; x_wconf 59' lang='grc' dir='ltr'>«ἐξ</span> <span class='ocrx_word' id='word_1_1066' title='bbox 1357 2232 1443 2302; x_wconf 64' lang='grc' dir='ltr'>ΝεᾸυε</span> <span class='ocrx_word' id='word_1_1067' title='bbox 1459 2230 1516 2263; x_wconf 91' lang='lat' dir='ltr'>este</span> <span class='ocrx_word' id='word_1_1068' title='bbox 1533 2231 1624 2263; x_wconf 88' lang='lat' dir='ltr'>ferme</span> <span class='ocrx_word' id='word_1_1069' title='bbox 1641 2231 1676 2263; x_wconf 90' lang='lat'>&amp;</span> <span class='ocrx_word' id='word_1_1070' title='bbox 1693 2231 1798 2261; x_wconf 89' lang='lat' dir='ltr'>ottroie</span> <span class='ocrx_word' id='word_1_1071' title='bbox 1814 2230 1848 2262; x_wconf 74' lang='grc' dir='ltr'>δε</span> <span class='ocrx_word' id='word_1_1072' title='bbox 1866 2239 1930 2271; x_wconf 90' lang='lat' dir='ltr'>mys</span> <span class='ocrx_word' id='word_1_1073' title='bbox 1947 2239 1963 2261; x_wconf 93' lang='grc'><strong>3</strong></span> <span class='ocrx_word' id='word_1_1074' title='bbox 1979 2230 2135 2261; x_wconf 87' lang='lat' dir='ltr'>execucion</span> <span class='ocrx_word' id='word_1_1075' title='bbox 2160 2239 2233 2269; x_wconf 88' lang='lat' dir='ltr'>pour</span> <span class='ocrx_word' id='word_1_1076' title='bbox 2256 2231 2386 2273; x_wconf 82' lang='lat' dir='ltr'>l’Espace</span> 
     </span>
    </p>

    <p class='ocr_par' dir='ltr' id='par_1_53' title="bbox 1339 2281 1443 2302">
     <span class='ocr_line' id='line_1_130' title="bbox 1339 2281 1443 2302; baseline 0 0"><span class='ocrx_word' id='word_1_1077' title='bbox 1339 2282 1378 2302; x_wconf 91' lang='lat' dir='ltr'>un</span> <span class='ocrx_word' id='word_1_1078' title='bbox 1425 2281 1443 2302; x_wconf 93' lang='lat' dir='ltr'>n</span> 
     </span>
    </p>

    <p class='ocr_par' dir='ltr' id='par_1_54' title="bbox 1308 2293 2386 2425">
     <span class='ocr_line' id='line_1_131' title="bbox 1345 2293 2384 2354; baseline 0.001 -12"><span class='ocrx_word' id='word_1_1079' title='bbox 1345 2293 1470 2349; x_wconf 59' lang='lat' dir='ltr'>Suppos}</span> <span class='ocrx_word' id='word_1_1080' title='bbox 1482 2309 1516 2341; x_wconf 92' lang='lat'>&amp;</span> <span class='ocrx_word' id='word_1_1081' title='bbox 1530 2319 1593 2354; x_wconf 80' lang='lat' dir='ltr'>non</span> <span class='ocrx_word' id='word_1_1082' title='bbox 1605 2307 1717 2353; x_wconf 80' lang='lat' dir='ltr'>obstant</span> <span class='ocrx_word' id='word_1_1083' title='bbox 1731 2316 1785 2346; x_wconf 86' lang='lat' dir='ltr'>que</span> <span class='ocrx_word' id='word_1_1084' title='bbox 1800 2307 1827 2339; x_wconf 85' lang='grc'><strong>13</strong></span> <span class='ocrx_word' id='word_1_1085' title='bbox 1842 2307 1954 2339; x_wconf 90' lang='lat' dir='ltr'>Guerre</span> <span class='ocrx_word' id='word_1_1086' title='bbox 1967 2306 2020 2338; x_wconf 90' lang='lat' dir='ltr'>soit</span> <span class='ocrx_word' id='word_1_1087' title='bbox 2036 2316 2076 2338; x_wconf 92' lang='lat' dir='ltr'>ou</span> <span class='ocrx_word' id='word_1_1088' title='bbox 2092 2305 2166 2338; x_wconf 89' lang='lat' dir='ltr'>feust</span> <span class='ocrx_word' id='word_1_1089' title='bbox 2181 2307 2288 2341; x_wconf 89' lang='lat' dir='ltr'>Overte</span> <span class='ocrx_word' id='word_1_1090' title='bbox 2303 2318 2384 2343; x_wconf 77' lang='lat' dir='ltr'>entre</span> 
     </span>
     <span class='ocr_line' id='line_1_132' title="bbox 1308 2345 2386 2386; baseline -0.001 -6"><span class='ocrx_word' id='word_1_1091' title='bbox 1308 2348 1398 2380; x_wconf 87' lang='lat' dir='ltr'>Nous</span> <span class='ocrx_word' id='word_1_1092' title='bbox 1408 2350 1443 2381; x_wconf 87' lang='lat'>&amp;</span> <span class='ocrx_word' id='word_1_1093' title='bbox 1459 2347 1553 2380; x_wconf 89' lang='lat' dir='ltr'>nostre</span> <span class='ocrx_word' id='word_1_1094' title='bbox 1566 2347 1608 2379; x_wconf 91' lang='lat' dir='ltr'>dit</span> <span class='ocrx_word' id='word_1_1095' title='bbox 1623 2347 1758 2378; x_wconf 88' lang='lat' dir='ltr'>Roialme</span> <span class='ocrx_word' id='word_1_1096' title='bbox 1768 2346 1963 2385; x_wconf 86' lang='lat' dir='ltr'>d&#39;Engleterre</span> <span class='ocrx_word' id='word_1_1097' title='bbox 1970 2368 1981 2385; x_wconf 90' lang='lat'>,</span> <span class='ocrx_word' id='word_1_1098' title='bbox 1997 2345 2081 2377; x_wconf 88' lang='lat' dir='ltr'>d’une</span> <span class='ocrx_word' id='word_1_1099' title='bbox 2093 2354 2172 2386; x_wconf 80' lang='lat' dir='ltr'>part,</span> <span class='ocrx_word' id='word_1_1100' title='bbox 2190 2347 2223 2379; x_wconf 91' lang='lat'>&amp;</span> <span class='ocrx_word' id='word_1_1101' title='bbox 2239 2348 2334 2382; x_wconf 87' lang='lat' dir='ltr'>nostre</span> <span class='ocrx_word' id='word_1_1102' title='bbox 2342 2348 2386 2381; x_wconf 79' lang='lat' dir='ltr'>dit</span> 
     </span>
     <span class='ocr_line' id='line_1_133' title="bbox 1310 2384 1836 2425; baseline -0.006 -6"><span class='ocrx_word' id='word_1_1103' title='bbox 1310 2387 1479 2419; x_wconf 81' lang='lat' dir='ltr'>Adversaire</span> <span class='ocrx_word' id='word_1_1104' title='bbox 1495 2386 1531 2418; x_wconf 84' lang='lat' dir='ltr'>de</span> <span class='ocrx_word' id='word_1_1105' title='bbox 1546 2386 1692 2425; x_wconf 87' lang='lat' dir='ltr'>Fraunce,</span> <span class='ocrx_word' id='word_1_1106' title='bbox 1708 2384 1814 2416; x_wconf 87' lang='lat' dir='ltr'>d’autre</span> <span class='ocrx_word' id='word_1_1107' title='bbox 1825 2408 1836 2424; x_wconf 87' lang='lat'>,</span> 
     </span>
    </p>

    <p class='ocr_par' dir='ltr' id='par_1_55' title="bbox 1312 2422 2388 2502">
     <span class='ocr_line' id='line_1_134' title="bbox 1346 2422 2388 2462; baseline -0.001 -4"><span class='ocrx_word' id='word_1_1108' title='bbox 1346 2425 1394 2458; x_wconf 85' lang='lat' dir='ltr'>En</span> <span class='ocrx_word' id='word_1_1109' title='bbox 1407 2435 1520 2457; x_wconf 88' lang='lat' dir='ltr'>manere</span> <span class='ocrx_word' id='word_1_1110' title='bbox 1534 2427 1568 2457; x_wconf 90' lang='lat'>&amp;</span> <span class='ocrx_word' id='word_1_1111' title='bbox 1582 2425 1678 2456; x_wconf 89' lang='lat' dir='ltr'>forme</span> <span class='ocrx_word' id='word_1_1112' title='bbox 1713 2434 1748 2455; x_wconf 91' lang='lat' dir='ltr'>ue</span> <span class='ocrx_word' id='word_1_1113' title='bbox 1765 2431 1918 2456; x_wconf 89' lang='lat' dir='ltr'>contenent</span> <span class='ocrx_word' id='word_1_1114' title='bbox 1933 2422 1970 2454; x_wconf 88' lang='lat' dir='ltr'>les</span> <span class='ocrx_word' id='word_1_1115' title='bbox 1986 2422 2104 2454; x_wconf 74' lang='lat' dir='ltr'>Articlee</span> <span class='ocrx_word' id='word_1_1116' title='bbox 2118 2424 2273 2462; x_wconf 70' lang='lat' dir='ltr'>comprises</span> <span class='ocrx_word' id='word_1_1117' title='bbox 2285 2432 2388 2457; x_wconf 82' lang='lat' dir='ltr'>ennoz</span> 
     </span>
     <span class='ocr_line' id='line_1_135' title="bbox 1312 2434 2331 2502; baseline -0.003 -5"><span class='ocrx_word' id='word_1_1118' title='bbox 1312 2465 1422 2497; x_wconf 71' lang='lat' dir='ltr'>Lettres</span> <span class='ocrx_word' id='word_1_1119' title='bbox 1435 2464 1564 2496; x_wconf 88' lang='lat' dir='ltr'>Patentes</span> <span class='ocrx_word' id='word_1_1120' title='bbox 1581 2463 1624 2495; x_wconf 89' lang='lat' dir='ltr'>sur</span> <span class='ocrx_word' id='word_1_1121' title='bbox 1640 2473 1674 2495; x_wconf 91' lang='lat' dir='ltr'>ce</span> <span class='ocrx_word' id='word_1_1122' title='bbox 1693 2434 1810 2494; x_wconf 58' lang='lat' dir='ltr'>gonnez</span> <span class='ocrx_word' id='word_1_1123' title='bbox 1826 2485 1836 2502; x_wconf 86' lang='lat'>,</span> <span class='ocrx_word' id='word_1_1124' title='bbox 1855 2462 1904 2493; x_wconf 87' lang='lat' dir='ltr'>des</span> <span class='ocrx_word' id='word_1_1125' title='bbox 1919 2462 2021 2501; x_wconf 70' lang='lat' dir='ltr'>queues</span> <span class='ocrx_word' id='word_1_1126' title='bbox 2035 2462 2060 2492; x_wconf 83' lang='lat' dir='ltr'>la</span> <span class='ocrx_word' id='word_1_1127' title='bbox 2075 2461 2193 2493; x_wconf 87' lang='lat' dir='ltr'>Tenure</span> <span class='ocrx_word' id='word_1_1128' title='bbox 2207 2462 2331 2502; x_wconf 85' lang='lat' dir='ltr'>s&#39;ensuit,</span> 
     </span>
    </p>

    <p class='ocr_par' dir='ltr' id='par_1_56' title="bbox 1313 2537 2388 2655">
     <span class='ocr_line' id='line_1_136' title="bbox 1313 2537 2388 2611; baseline -0.005 -36"><span class='ocrx_word' id='word_1_1129' title='bbox 1313 2544 1481 2611; x_wconf 86' lang='lat' dir='ltr'>HEnry,</span> <span class='ocrx_word' id='word_1_1130' title='bbox 1496 2552 1544 2580; x_wconf 79' lang='lat' dir='ltr'>par</span> <span class='ocrx_word' id='word_1_1131' title='bbox 1557 2543 1583 2573; x_wconf 84' lang='lat' dir='ltr'>la</span> <span class='ocrx_word' id='word_1_1132' title='bbox 1595 2541 1692 2572; x_wconf 90' lang='lat' dir='ltr'>Grace</span> <span class='ocrx_word' id='word_1_1133' title='bbox 1704 2540 1739 2571; x_wconf 90' lang='lat' dir='ltr'>de</span> <span class='ocrx_word' id='word_1_1134' title='bbox 1749 2539 1827 2570; x_wconf 91' lang='lat' dir='ltr'>Dieu</span> <span class='ocrx_word' id='word_1_1135' title='bbox 1841 2561 1852 2577; x_wconf 89' lang='lat'>,</span> <span class='ocrx_word' id='word_1_1136' title='bbox 1869 2537 1920 2568; x_wconf 92' lang='lat' dir='ltr'>Ro</span> <span class='ocrx_word' id='word_1_1137' title='bbox 1952 2537 2144 2576; x_wconf 85' lang='lat' dir='ltr'>d’Engleterre</span> <span class='ocrx_word' id='word_1_1138' title='bbox 2160 2539 2195 2571; x_wconf 68' lang='grc' dir='ltr'>ὃς</span> <span class='ocrx_word' id='word_1_1139' title='bbox 2209 2538 2246 2570; x_wconf 92' lang='lat' dir='ltr'>de</span> <span class='ocrx_word' id='word_1_1140' title='bbox 2260 2538 2285 2570; x_wconf 94' lang='lat' dir='ltr'><strong>F</strong></span> <span class='ocrx_word' id='word_1_1141' title='bbox 2285 2544 2388 2580; x_wconf 66' lang='lat' dir='ltr'>rance,</span> 
     </span>
     <span class='ocr_line' id='line_1_137' title="bbox 1394 2575 2386 2619; baseline -0.001 -8"><span class='ocrx_word' id='word_1_1142' title='bbox 1394 2581 1428 2611; x_wconf 90' lang='lat'>&amp;</span> <span class='ocrx_word' id='word_1_1143' title='bbox 1444 2581 1564 2619; x_wconf 87' lang='lat' dir='ltr'>Seignur</span> <span class='ocrx_word' id='word_1_1144' title='bbox 1577 2578 1732 2616; x_wconf 86' lang='lat' dir='ltr'>d’Irlande,</span> <span class='ocrx_word' id='word_1_1145' title='bbox 1750 2587 1767 2608; x_wconf 90' lang='lat' dir='ltr'>a</span> <span class='ocrx_word' id='word_1_1146' title='bbox 1781 2586 1843 2608; x_wconf 89' lang='lat' dir='ltr'>tous</span> <span class='ocrx_word' id='word_1_1147' title='bbox 1863 2585 1896 2607; x_wconf 86' lang='lat' dir='ltr'>ce</span> <span class='ocrx_word' id='word_1_1148' title='bbox 1959 2577 2008 2615; x_wconf 89' lang='lat' dir='ltr'>qui</span> <span class='ocrx_word' id='word_1_1149' title='bbox 2030 2575 2119 2607; x_wconf 88' lang='lat' dir='ltr'>cestes</span> <span class='ocrx_word' id='word_1_1150' title='bbox 2134 2577 2244 2609; x_wconf 83' lang='lat' dir='ltr'>Lettr&#39;es</span> <span class='ocrx_word' id='word_1_1151' title='bbox 2256 2577 2386 2611; x_wconf 80' lang='lat' dir='ltr'>Parentes</span> 
     </span>
     <span class='ocr_line' id='line_1_138' title="bbox 1313 2617 1750 2655; baseline -0.005 -5"><span class='ocrx_word' id='word_1_1152' title='bbox 1313 2627 1429 2650; x_wconf 88' lang='lat' dir='ltr'>verront</span> <span class='ocrx_word' id='word_1_1153' title='bbox 1444 2629 1482 2649; x_wconf 91' lang='lat' dir='ltr'>ou</span> <span class='ocrx_word' id='word_1_1154' title='bbox 1498 2625 1616 2655; x_wconf 87' lang='lat' dir='ltr'>orront,</span> <span class='ocrx_word' id='word_1_1155' title='bbox 1635 2617 1750 2648; x_wconf 65' lang='lat' dir='ltr'>Saltim,</span> 
     </span>
    </p>

    <p class='ocr_par' dir='ltr' id='par_1_57' title="bbox 1314 2651 2389 2956">
     <span class='ocr_line' id='line_1_139' title="bbox 1353 2651 2387 2692; baseline 0.001 -6"><span class='ocrx_word' id='word_1_1156' title='bbox 1353 2655 1452 2686; x_wconf 92' lang='lat' dir='ltr'>Come</span> <span class='ocrx_word' id='word_1_1157' title='bbox 1462 2666 1533 2686; x_wconf 89' lang='lat' dir='ltr'>nous</span> <span class='ocrx_word' id='word_1_1158' title='bbox 1554 2657 1644 2685; x_wconf 86' lang='lat' dir='ltr'>aioms</span> <span class='ocrx_word' id='word_1_1159' title='bbox 1662 2654 1815 2692; x_wconf 87' lang='lat' dir='ltr'>ordeignez</span> <span class='ocrx_word' id='word_1_1160' title='bbox 1827 2653 1861 2684; x_wconf 92' lang='lat'>&amp;</span> <span class='ocrx_word' id='word_1_1161' title='bbox 1876 2651 2009 2691; x_wconf 86' lang='lat' dir='ltr'>establiz,</span> <span class='ocrx_word' id='word_1_1162' title='bbox 2027 2662 2075 2690; x_wconf 85' lang='lat' dir='ltr'>par</span> <span class='ocrx_word' id='word_1_1163' title='bbox 2090 2661 2149 2684; x_wconf 91' lang='lat' dir='ltr'>noz</span> <span class='ocrx_word' id='word_1_1164' title='bbox 2163 2653 2270 2685; x_wconf 84' lang='lat' dir='ltr'>Lettres</span> <span class='ocrx_word' id='word_1_1165' title='bbox 2283 2654 2387 2687; x_wconf 57' lang='lat' dir='ltr'>Paten4</span> 
     </span>
     <span class='ocr_line' id='line_1_140' title="bbox 1318 2690 2387 2736; baseline -0.006 -11"><span class='ocrx_word' id='word_1_1166' title='bbox 1318 2702 1431 2730; x_wconf 50' lang='lat' dir='ltr'>rennos</span> <span class='ocrx_word' id='word_1_1167' title='bbox 1449 2693 1704 2725; x_wconf 84' lang='lat' dir='ltr'>Ambaffatours&amp;</span> <span class='ocrx_word' id='word_1_1168' title='bbox 1714 2690 1859 2729; x_wconf 81' lang='lat' dir='ltr'>Meffages</span> <span class='ocrx_word' id='word_1_1169' title='bbox 1872 2701 1923 2729; x_wconf 90' lang='lat' dir='ltr'>pur</span> <span class='ocrx_word' id='word_1_1170' title='bbox 1938 2691 2087 2722; x_wconf 82' lang='lat' dir='ltr'>affembler</span> <span class='ocrx_word' id='word_1_1171' title='bbox 2099 2692 2220 2736; x_wconf 79' lang='lat' dir='ltr'>ovesque</span> <span class='ocrx_word' id='word_1_1172' title='bbox 2236 2693 2274 2723; x_wconf 87' lang='lat' dir='ltr'>les</span> <span class='ocrx_word' id='word_1_1173' title='bbox 2291 2693 2387 2725; x_wconf 78' lang='lat' dir='ltr'>Com-</span> 
     </span>
     <span class='ocr_line' id='line_1_141' title="bbox 1314 2729 2388 2813; baseline -0.001 -11"><span class='ocrx_word' id='word_1_1174' title='bbox 1314 2732 1593 2809; x_wconf 55' lang='grc' dir='ltr'>ἓζζιζάἓεῗρέῗὲῗ</span> <span class='ocrx_word' id='word_1_1175' title='bbox 1602 2729 1818 2813; x_wconf 52' lang='grc' dir='ltr'>[ἴωὲᾷἳῖξῇῗι</span> <span class='ocrx_word' id='word_1_1176' title='bbox 1831 2729 1874 2798; x_wconf 58' lang='lat' dir='ltr'>{i}</span> <span class='ocrx_word' id='word_1_1177' title='bbox 1890 2729 2388 2808; x_wconf 48' lang='lat'>325350152‘2‘5035235332235</span> 
     </span>
     <span class='ocr_line' id='line_1_142' title="bbox 1314 2805 2389 2846; baseline -0.001 -5"><span class='ocrx_word' id='word_1_1178' title='bbox 1314 2818 1397 2841; x_wconf 87' lang='lat' dir='ltr'>treter</span> <span class='ocrx_word' id='word_1_1179' title='bbox 1411 2810 1443 2840; x_wconf 92' lang='lat'>&amp;</span> <span class='ocrx_word' id='word_1_1180' title='bbox 1458 2809 1592 2840; x_wconf 80' lang='lat' dir='ltr'>accorder</span> <span class='ocrx_word' id='word_1_1181' title='bbox 1606 2816 1710 2838; x_wconf 86' lang='lat' dir='ltr'>certem</span> <span class='ocrx_word' id='word_1_1182' title='bbox 1726 2807 1826 2837; x_wconf 88' lang='lat' dir='ltr'>Traite</span> <span class='ocrx_word' id='word_1_1183' title='bbox 1842 2806 1875 2837; x_wconf 89' lang='lat'>&amp;</span> <span class='ocrx_word' id='word_1_1184' title='bbox 1885 2805 2095 2846; x_wconf 89' lang='lat' dir='ltr'>Accorde,pur</span> <span class='ocrx_word' id='word_1_1185' title='bbox 2110 2817 2180 2837; x_wconf 89' lang='lat' dir='ltr'>nous</span> <span class='ocrx_word' id='word_1_1186' title='bbox 2194 2808 2228 2838; x_wconf 94' lang='lat'>&amp;</span> <span class='ocrx_word' id='word_1_1187' title='bbox 2241 2807 2337 2838; x_wconf 88' lang='lat' dir='ltr'>nostre</span> <span class='ocrx_word' id='word_1_1188' title='bbox 2346 2808 2389 2841; x_wconf 85' lang='lat' dir='ltr'>dit</span> 
     </span>
     <span class='ocr_line' id='line_1_143' title="bbox 1318 2844 2386 2886; baseline -0.003 -7"><span class='ocrx_word' id='word_1_1189' title='bbox 1318 2848 1453 2879; x_wconf 88' lang='lat' dir='ltr'>Roialme</span> <span class='ocrx_word' id='word_1_1190' title='bbox 1466 2847 1673 2886; x_wconf 86' lang='lat' dir='ltr'>d&#39;Engleterre,</span> <span class='ocrx_word' id='word_1_1191' title='bbox 1690 2846 1723 2877; x_wconf 89' lang='lat'>&amp;</span> <span class='ocrx_word' id='word_1_1192' title='bbox 1738 2854 1798 2876; x_wconf 90' lang='lat' dir='ltr'>noz</span> <span class='ocrx_word' id='word_1_1193' title='bbox 1810 2853 1900 2875; x_wconf 81' lang='lat' dir='ltr'>autres</span> <span class='ocrx_word' id='word_1_1194' title='bbox 1914 2844 2019 2883; x_wconf 83' lang='lat' dir='ltr'>Villes,</span> <span class='ocrx_word' id='word_1_1195' title='bbox 2037 2845 2210 2883; x_wconf 81' lang='lat' dir='ltr'>Seignuries,</span> <span class='ocrx_word' id='word_1_1196' title='bbox 2229 2845 2263 2876; x_wconf 75' lang='grc' dir='ltr'>δε</span> <span class='ocrx_word' id='word_1_1197' title='bbox 2274 2845 2386 2883; x_wconf 88' lang='lat' dir='ltr'>Juredi-</span> 
     </span>
     <span class='ocr_line' id='line_1_144' title="bbox 1316 2882 2389 2956; baseline 0 -39"><span class='ocrx_word' id='word_1_1198' title='bbox 1316 2888 1422 2956; x_wconf 45' lang='lat' dir='ltr'>gionsz</span> <span class='ocrx_word' id='word_1_1199' title='bbox 1431 2887 1515 2917; x_wconf 90' lang='lat' dir='ltr'>d&#39;une</span> <span class='ocrx_word' id='word_1_1200' title='bbox 1531 2886 1632 2924; x_wconf 88' lang='lat' dir='ltr'>partie,</span> <span class='ocrx_word' id='word_1_1201' title='bbox 1649 2885 1682 2916; x_wconf 91' lang='lat'>&amp;</span> <span class='ocrx_word' id='word_1_1202' title='bbox 1698 2884 1724 2915; x_wconf 92' lang='lat' dir='ltr'>le</span> <span class='ocrx_word' id='word_1_1203' title='bbox 1738 2883 1780 2915; x_wconf 89' lang='lat' dir='ltr'>dit</span> <span class='ocrx_word' id='word_1_1204' title='bbox 1794 2882 1865 2914; x_wconf 92' lang='lat' dir='ltr'>Duc</span> <span class='ocrx_word' id='word_1_1205' title='bbox 1874 2906 1885 2922; x_wconf 92' lang='lat'>,</span> <span class='ocrx_word' id='word_1_1206' title='bbox 1900 2891 1952 2921; x_wconf 85' lang='lat' dir='ltr'>pur</span> <span class='ocrx_word' id='word_1_1207' title='bbox 1965 2883 2028 2922; x_wconf 90' lang='lat' dir='ltr'>luy,</span> <span class='ocrx_word' id='word_1_1208' title='bbox 2047 2884 2081 2915; x_wconf 90' lang='lat'>&amp;</span> <span class='ocrx_word' id='word_1_1209' title='bbox 2093 2883 2119 2913; x_wconf 88' lang='lat' dir='ltr'>sa</span> <span class='ocrx_word' id='word_1_1210' title='bbox 2127 2884 2194 2920; x_wconf 83' lang='lat' dir='ltr'>paiis</span> <span class='ocrx_word' id='word_1_1211' title='bbox 2205 2883 2242 2914; x_wconf 91' lang='lat' dir='ltr'>de</span> <span class='ocrx_word' id='word_1_1212' title='bbox 2256 2883 2389 2917; x_wconf 87' lang='lat' dir='ltr'>Flandres</span> 
     </span>
    </p>

    <p class='ocr_par' dir='ltr' id='par_1_58' title="bbox 1320 2934 2391 3119">
     <span class='ocr_line' id='line_1_145' title="bbox 1345 2934 2390 3002; baseline -0.003 -8"><span class='ocrx_word' id='word_1_1213' title='bbox 1345 2934 1410 3002; x_wconf 48' lang='lat' dir='ltr'>agir,</span> <span class='ocrx_word' id='word_1_1214' title='bbox 1429 2947 1478 3001; x_wconf 56' lang='lat' dir='ltr'>par</span> <span class='ocrx_word' id='word_1_1215' title='bbox 1499 2970 1596 2993; x_wconf 90' lang='lat' dir='ltr'>vertue</span> <span class='ocrx_word' id='word_1_1216' title='bbox 1617 2961 1656 2992; x_wconf 94' lang='lat' dir='ltr'>du</span> <span class='ocrx_word' id='word_1_1217' title='bbox 1682 2961 1760 2999; x_wconf 85' lang='lat' dir='ltr'>poiar</span> <span class='ocrx_word' id='word_1_1218' title='bbox 1777 2960 1811 2991; x_wconf 92' lang='lat'>&amp;</span> <span class='ocrx_word' id='word_1_1219' title='bbox 1826 2959 1977 2996; x_wconf 71' lang='lat' dir='ltr'>auctorite,</span> <span class='ocrx_word' id='word_1_1220' title='bbox 1993 2967 2041 2995; x_wconf 85' lang='lat' dir='ltr'>par</span> <span class='ocrx_word' id='word_1_1221' title='bbox 2056 2967 2128 2989; x_wconf 91' lang='lat' dir='ltr'>nous</span> <span class='ocrx_word' id='word_1_1222' title='bbox 2143 2957 2286 3000; x_wconf 90' lang='lat' dir='ltr'>Commys</span> <span class='ocrx_word' id='word_1_1223' title='bbox 2300 2970 2317 2991; x_wconf 90' lang='grc'><strong>3</strong></span> <span class='ocrx_word' id='word_1_1224' title='bbox 2330 2970 2390 2993; x_wconf 89' lang='lat' dir='ltr'>noz</span> 
     </span>
     <span class='ocr_line' id='line_1_146' title="bbox 1320 2996 2391 3038; baseline -0.003 -5"><span class='ocrx_word' id='word_1_1225' title='bbox 1320 3002 1379 3033; x_wconf 75' lang='lat' dir='ltr'>diri.</span> <span class='ocrx_word' id='word_1_1226' title='bbox 1394 3001 1622 3038; x_wconf 80' lang='lat' dir='ltr'>Ambaffatours‚</span> <span class='ocrx_word' id='word_1_1227' title='bbox 1641 2999 1759 3030; x_wconf 88' lang='lat' dir='ltr'>mesmes</span> <span class='ocrx_word' id='word_1_1228' title='bbox 1779 3007 1839 3029; x_wconf 88' lang='lat' dir='ltr'>noz</span> <span class='ocrx_word' id='word_1_1229' title='bbox 1859 2996 2068 3028; x_wconf 82' lang='lat' dir='ltr'>Ambaffatours</span> <span class='ocrx_word' id='word_1_1230' title='bbox 2082 2996 2168 3028; x_wconf 87' lang='lat' dir='ltr'>&amp;les</span> <span class='ocrx_word' id='word_1_1231' title='bbox 2189 2996 2334 3038; x_wconf 88' lang='lat' dir='ltr'>Commys</span> <span class='ocrx_word' id='word_1_1232' title='bbox 2351 2999 2391 3032; x_wconf 88' lang='lat' dir='ltr'>du</span> 
     </span>
     <span class='ocr_line' id='line_1_147' title="bbox 1321 3034 2389 3109; baseline -0.005 -37"><span class='ocrx_word' id='word_1_1233' title='bbox 1321 3041 1362 3072; x_wconf 90' lang='lat' dir='ltr'>dit</span> <span class='ocrx_word' id='word_1_1234' title='bbox 1374 3038 1541 3109; x_wconf 49' lang='lat' dir='ltr'>IPuC,&amp;c.</span> <span class='ocrx_word' id='word_1_1235' title='bbox 1555 3045 1637 3078; x_wconf 84' lang='lat' dir='ltr'>prout</span> <span class='ocrx_word' id='word_1_1236' title='bbox 1647 3037 1736 3078; x_wconf 82' lang='lat' dir='ltr'>supra</span> <span class='ocrx_word' id='word_1_1237' title='bbox 1754 3038 1787 3068; x_wconf 85' lang='lat' dir='ltr'>de</span> <span class='ocrx_word' id='word_1_1238' title='bbox 1802 3040 1877 3068; x_wconf 84' lang='lat' dir='ltr'>Dat.</span> <span class='ocrx_word' id='word_1_1239' title='bbox 1900 3044 1946 3065; x_wconf 86' lang='lat'>10.</span> <span class='ocrx_word' id='word_1_1240' title='bbox 1967 3037 2090 3074; x_wconf 84' lang='lat' dir='ltr'>Martii,</span> <span class='ocrx_word' id='word_1_1241' title='bbox 2106 3039 2170 3066; x_wconf 82' lang='lat' dir='ltr'>An.</span> <span class='ocrx_word' id='word_1_1242' title='bbox 2191 3037 2219 3067; x_wconf 82' lang='lat'>8.</span> <span class='ocrx_word' id='word_1_1243' title='bbox 2237 3034 2319 3078; x_wconf 62' lang='lat' dir='ltr'>affine</span> <span class='ocrx_word' id='word_1_1244' title='bbox 2331 3037 2389 3070; x_wconf 78' lang='lat' dir='ltr'>haec</span> 
     </span>
     <span class='ocr_line' id='line_1_148' title="bbox 1321 3089 2353 3119; baseline -0.003 -10"><span class='ocrx_word' id='word_1_1245' title='bbox 1321 3089 1372 3110; x_wconf 73' lang='lat' dir='ltr'>ver</span> <span class='ocrx_word' id='word_1_1246' title='bbox 1392 3092 1426 3119; x_wconf 73' lang='lat' dir='ltr'>a,</span> <span class='ocrx_word' id='word_1_1247' title='bbox 1443 3090 1505 3109; x_wconf 75' lang='lat' dir='ltr'><em>vlz.</em></span> <span class='ocrx_word' id='word_1_1248' title='bbox 2349 3105 2353 3110; x_wconf 73' lang='grc'>,</span> 
     </span>
    </p>
   </div>
   <div class='ocr_carea' id='block_1_34' title="bbox 1320 3150 2399 3996">
    <p class='ocr_par' dir='ltr' id='par_1_59' title="bbox 1320 3150 2391 3264">
     <span class='ocr_line' id='line_1_149' title="bbox 1359 3150 2391 3193; baseline -0.003 -6"><span class='ocrx_word' id='word_1_1249' title='bbox 1359 3155 1394 3187; x_wconf 89' lang='lat' dir='ltr'>Et</span> <span class='ocrx_word' id='word_1_1250' title='bbox 1409 3156 1427 3186; x_wconf 88' lang='lat' dir='ltr'>il</span> <span class='ocrx_word' id='word_1_1251' title='bbox 1442 3155 1492 3186; x_wconf 91' lang='lat' dir='ltr'>soit</span> <span class='ocrx_word' id='word_1_1252' title='bbox 1511 3154 1577 3186; x_wconf 81' lang='lat' dir='ltr'>ainfi</span> <span class='ocrx_word' id='word_1_1253' title='bbox 1596 3164 1651 3193; x_wconf 89' lang='lat' dir='ltr'>que</span> <span class='ocrx_word' id='word_1_1254' title='bbox 1673 3153 1698 3184; x_wconf 89' lang='lat' dir='ltr'>la</span> <span class='ocrx_word' id='word_1_1255' title='bbox 1712 3153 1821 3184; x_wconf 89' lang='lat' dir='ltr'>Terme</span> <span class='ocrx_word' id='word_1_1256' title='bbox 1842 3151 1928 3182; x_wconf 89' lang='lat' dir='ltr'>d&#39;une</span> <span class='ocrx_word' id='word_1_1257' title='bbox 1950 3150 2034 3181; x_wconf 87' lang='lat' dir='ltr'>Anne</span> <span class='ocrx_word' id='word_1_1258' title='bbox 2048 3173 2058 3189; x_wconf 89' lang='lat'>,</span> <span class='ocrx_word' id='word_1_1259' title='bbox 2077 3151 2104 3181; x_wconf 94' lang='lat' dir='ltr'>le</span> <span class='ocrx_word' id='word_1_1260' title='bbox 2116 3151 2205 3189; x_wconf 89' lang='lat' dir='ltr'>quelle</span> <span class='ocrx_word' id='word_1_1261' title='bbox 2220 3150 2267 3183; x_wconf 88' lang='lat' dir='ltr'>n&#39;a</span> <span class='ocrx_word' id='word_1_1262' title='bbox 2279 3162 2295 3183; x_wconf 88' lang='lat' dir='ltr'>a</span> <span class='ocrx_word' id='word_1_1263' title='bbox 2309 3152 2391 3184; x_wconf 88' lang='lat' dir='ltr'>durer</span> 
     </span>
     <span class='ocr_line' id='line_1_150' title="bbox 1320 3189 2389 3264; baseline -0.003 -39"><span class='ocrx_word' id='word_1_1264' title='bbox 1320 3205 1375 3264; x_wconf 50' lang='lat' dir='ltr'>{ue</span> <span class='ocrx_word' id='word_1_1265' title='bbox 1385 3194 1496 3233; x_wconf 84' lang='lat' dir='ltr'>jusques</span> <span class='ocrx_word' id='word_1_1266' title='bbox 1510 3203 1543 3223; x_wconf 90' lang='lat' dir='ltr'>au</span> <span class='ocrx_word' id='word_1_1267' title='bbox 1560 3202 1596 3222; x_wconf 82' lang='lat' dir='ltr'>xv</span> <span class='ocrx_word' id='word_1_1268' title='bbox 1610 3193 1676 3229; x_wconf 90' lang='lat' dir='ltr'>jour</span> <span class='ocrx_word' id='word_1_1269' title='bbox 1691 3191 1726 3221; x_wconf 92' lang='lat' dir='ltr'>de</span> <span class='ocrx_word' id='word_1_1270' title='bbox 1736 3190 1813 3231; x_wconf 75' lang='lat' dir='ltr'>juyn</span> <span class='ocrx_word' id='word_1_1271' title='bbox 1826 3190 1974 3228; x_wconf 84' lang='lat' dir='ltr'>proschein</span> <span class='ocrx_word' id='word_1_1272' title='bbox 1982 3197 2101 3227; x_wconf 86' lang='lat' dir='ltr'>venant,</span> <span class='ocrx_word' id='word_1_1273' title='bbox 2119 3190 2145 3220; x_wconf 89' lang='lat' dir='ltr'>se</span> <span class='ocrx_word' id='word_1_1274' title='bbox 2160 3189 2220 3220; x_wconf 90' lang='lat' dir='ltr'>doit</span> <span class='ocrx_word' id='word_1_1275' title='bbox 2235 3191 2389 3222; x_wconf 85' lang='lat' dir='ltr'>briefment</span> 
     </span>
    </p>

    <p class='ocr_par' dir='ltr' id='par_1_60' title="bbox 1321 3227 2392 3427">
     <span class='ocr_line' id='line_1_151' title="bbox 1349 3227 2389 3271; baseline -0.004 -8"><span class='ocrx_word' id='word_1_1276' title='bbox 1349 3235 1456 3270; x_wconf 75' lang='lat' dir='ltr'>xpiret,</span> <span class='ocrx_word' id='word_1_1277' title='bbox 1474 3233 1507 3262; x_wconf 92' lang='lat'>&amp;</span> <span class='ocrx_word' id='word_1_1278' title='bbox 1523 3241 1576 3271; x_wconf 88' lang='lat' dir='ltr'>pro</span> <span class='ocrx_word' id='word_1_1279' title='bbox 1592 3240 1646 3260; x_wconf 88' lang='lat' dir='ltr'>ceo</span> <span class='ocrx_word' id='word_1_1280' title='bbox 1661 3230 1687 3260; x_wconf 92' lang='lat' dir='ltr'>le</span> <span class='ocrx_word' id='word_1_1281' title='bbox 1702 3229 1760 3259; x_wconf 86' lang='lat' dir='ltr'>Fait</span> <span class='ocrx_word' id='word_1_1282' title='bbox 1779 3229 1815 3260; x_wconf 92' lang='lat' dir='ltr'>de</span> <span class='ocrx_word' id='word_1_1283' title='bbox 1829 3230 1854 3259; x_wconf 85' lang='lat' dir='ltr'>la</span> <span class='ocrx_word' id='word_1_1284' title='bbox 1870 3229 1931 3259; x_wconf 89' lang='lat' dir='ltr'>dite</span> <span class='ocrx_word' id='word_1_1285' title='bbox 1946 3227 2155 3258; x_wconf 79' lang='lat' dir='ltr'>Merchandises</span> <span class='ocrx_word' id='word_1_1286' title='bbox 2170 3228 2196 3258; x_wconf 92' lang='lat' dir='ltr'>se</span> <span class='ocrx_word' id='word_1_1287' title='bbox 2210 3229 2340 3259; x_wconf 89' lang='lat' dir='ltr'>cesseroit</span> <span class='ocrx_word' id='word_1_1288' title='bbox 2353 3239 2389 3260; x_wconf 84' lang='lat' dir='ltr'>au</span> 
     </span>
     <span class='ocr_line' id='line_1_152' title="bbox 1322 3266 2392 3309; baseline -0.004 -8"><span class='ocrx_word' id='word_1_1289' title='bbox 1322 3271 1469 3309; x_wconf 87' lang='lat' dir='ltr'>Prejudice</span> <span class='ocrx_word' id='word_1_1290' title='bbox 1485 3271 1520 3299; x_wconf 92' lang='lat' dir='ltr'>de</span> <span class='ocrx_word' id='word_1_1291' title='bbox 1535 3268 1672 3299; x_wconf 91' lang='lat' dir='ltr'>chascune</span> <span class='ocrx_word' id='word_1_1292' title='bbox 1689 3267 1783 3298; x_wconf 86' lang='lat' dir='ltr'>Partie</span> <span class='ocrx_word' id='word_1_1293' title='bbox 1792 3290 1802 3306; x_wconf 85' lang='lat'>,</span> <span class='ocrx_word' id='word_1_1294' title='bbox 1818 3278 1852 3299; x_wconf 89' lang='lat' dir='ltr'>au</span> <span class='ocrx_word' id='word_1_1295' title='bbox 1866 3267 1929 3307; x_wconf 88' lang='lat' dir='ltr'>quel</span> <span class='ocrx_word' id='word_1_1296' title='bbox 1940 3266 1959 3296; x_wconf 82' lang='lat' dir='ltr'>il</span> <span class='ocrx_word' id='word_1_1297' title='bbox 1974 3266 2097 3304; x_wconf 86' lang='lat' dir='ltr'>touche,</span> <span class='ocrx_word' id='word_1_1298' title='bbox 2115 3267 2149 3297; x_wconf 91' lang='lat'>&amp;</span> <span class='ocrx_word' id='word_1_1299' title='bbox 2162 3267 2218 3296; x_wconf 90' lang='lat' dir='ltr'>s&#39;en</span> <span class='ocrx_word' id='word_1_1300' title='bbox 2227 3267 2392 3303; x_wconf 81' lang='lat' dir='ltr'>pourroient</span> 
     </span>
     <span class='ocr_line' id='line_1_153' title="bbox 1321 3304 2390 3344; baseline -0.004 -4"><span class='ocrx_word' id='word_1_1301' title='bbox 1321 3316 1479 3340; x_wconf 85' lang='lat' dir='ltr'>autrement</span> <span class='ocrx_word' id='word_1_1302' title='bbox 1492 3307 1606 3338; x_wconf 88' lang='lat' dir='ltr'>ensievir</span> <span class='ocrx_word' id='word_1_1303' title='bbox 1621 3306 1741 3344; x_wconf 85' lang='lat' dir='ltr'>pluseurs</span> <span class='ocrx_word' id='word_1_1304' title='bbox 1755 3305 2000 3337; x_wconf 85' lang='lat' dir='ltr'>Inconveniences</span> <span class='ocrx_word' id='word_1_1305' title='bbox 2014 3304 2215 3344; x_wconf 85' lang='lat' dir='ltr'>graundement</span> <span class='ocrx_word' id='word_1_1306' title='bbox 2232 3312 2390 3336; x_wconf 87' lang='lat' dir='ltr'>encountre</span> 
     </span>
     <span class='ocr_line' id='line_1_154' title="bbox 1321 3340 2388 3383; baseline -0.004 -5"><span class='ocrx_word' id='word_1_1307' title='bbox 1321 3347 1443 3378; x_wconf 87' lang='lat' dir='ltr'>l’utilitee</span> <span class='ocrx_word' id='word_1_1308' title='bbox 1456 3347 1492 3376; x_wconf 90' lang='lat' dir='ltr'>de</span> <span class='ocrx_word' id='word_1_1309' title='bbox 1507 3345 1574 3376; x_wconf 87' lang='lat' dir='ltr'>Bien</span> <span class='ocrx_word' id='word_1_1310' title='bbox 1588 3343 1744 3382; x_wconf 85' lang='lat' dir='ltr'>Comune,</span> <span class='ocrx_word' id='word_1_1311' title='bbox 1761 3344 1787 3374; x_wconf 91' lang='lat' dir='ltr'>se</span> <span class='ocrx_word' id='word_1_1312' title='bbox 1806 3355 1856 3382; x_wconf 89' lang='lat' dir='ltr'>par</span> <span class='ocrx_word' id='word_1_1313' title='bbox 1872 3344 1958 3376; x_wconf 90' lang='lat' dir='ltr'>Nous</span> <span class='ocrx_word' id='word_1_1314' title='bbox 1968 3365 1978 3381; x_wconf 86' lang='lat'>‚</span> <span class='ocrx_word' id='word_1_1315' title='bbox 1994 3352 2081 3375; x_wconf 88' lang='lat' dir='ltr'>come</span> <span class='ocrx_word' id='word_1_1316' title='bbox 2094 3351 2147 3383; x_wconf 89' lang='lat' dir='ltr'>pur</span> <span class='ocrx_word' id='word_1_1317' title='bbox 2167 3340 2263 3372; x_wconf 87' lang='lat' dir='ltr'>nostre</span> <span class='ocrx_word' id='word_1_1318' title='bbox 2277 3341 2388 3383; x_wconf 77' lang='lat' dir='ltr'>Partie,</span> 
     </span>
     <span class='ocr_line' id='line_1_155' title="bbox 1322 3382 1830 3427; baseline -0.006 -12"><span class='ocrx_word' id='word_1_1319' title='bbox 1322 3387 1369 3427; x_wconf 93' lang='lat' dir='ltr'>n’y</span> <span class='ocrx_word' id='word_1_1320' title='bbox 1383 3384 1465 3415; x_wconf 89' lang='lat' dir='ltr'>estoit</span> <span class='ocrx_word' id='word_1_1321' title='bbox 1478 3392 1604 3423; x_wconf 89' lang='lat' dir='ltr'>purveuz</span> <span class='ocrx_word' id='word_1_1322' title='bbox 1617 3383 1653 3414; x_wconf 90' lang='lat' dir='ltr'>de</span> <span class='ocrx_word' id='word_1_1323' title='bbox 1667 3382 1830 3422; x_wconf 85' lang='lat' dir='ltr'>Remedye,</span> 
     </span>
    </p>

    <p class='ocr_par' dir='ltr' id='par_1_61' title="bbox 1359 3421 1756 3459">
     <span class='ocr_line' id='line_1_156' title="bbox 1359 3421 1756 3459; baseline -0.008 -5"><span class='ocrx_word' id='word_1_1324' title='bbox 1359 3423 1457 3454; x_wconf 90' lang='lat' dir='ltr'>Savoir</span> <span class='ocrx_word' id='word_1_1325' title='bbox 1468 3423 1568 3453; x_wconf 87' lang='lat' dir='ltr'>faisons</span> <span class='ocrx_word' id='word_1_1326' title='bbox 1584 3432 1639 3459; x_wconf 87' lang='lat' dir='ltr'>que</span> <span class='ocrx_word' id='word_1_1327' title='bbox 1654 3421 1756 3459; x_wconf 90' lang='lat' dir='ltr'>Nous,</span> 
     </span>
    </p>

    <p class='ocr_par' dir='ltr' id='par_1_62' title="bbox 1322 3454 2390 3611">
     <span class='ocr_line' id='line_1_157' title="bbox 1359 3454 2390 3500; baseline -0.003 -8"><span class='ocrx_word' id='word_1_1328' title='bbox 1359 3463 1426 3500; x_wconf 86' lang='lat' dir='ltr'>Que</span> <span class='ocrx_word' id='word_1_1329' title='bbox 1449 3470 1510 3492; x_wconf 87' lang='lat' dir='ltr'>tous</span> <span class='ocrx_word' id='word_1_1330' title='bbox 1528 3461 1607 3498; x_wconf 90' lang='lat' dir='ltr'>jours</span> <span class='ocrx_word' id='word_1_1331' title='bbox 1621 3469 1710 3491; x_wconf 90' lang='lat' dir='ltr'>avons</span> <span class='ocrx_word' id='word_1_1332' title='bbox 1724 3468 1778 3490; x_wconf 93' lang='lat' dir='ltr'>euz</span> <span class='ocrx_word' id='word_1_1333' title='bbox 1793 3482 1802 3498; x_wconf 87' lang='lat'>,</span> <span class='ocrx_word' id='word_1_1334' title='bbox 1820 3457 1854 3488; x_wconf 89' lang='lat'>&amp;</span> <span class='ocrx_word' id='word_1_1335' title='bbox 1867 3468 1954 3490; x_wconf 89' lang='lat' dir='ltr'>avons</span> <span class='ocrx_word' id='word_1_1336' title='bbox 1968 3457 2004 3488; x_wconf 92' lang='lat' dir='ltr'>de</span> <span class='ocrx_word' id='word_1_1337' title='bbox 2017 3455 2124 3494; x_wconf 85' lang='lat' dir='ltr'>present</span> <span class='ocrx_word' id='word_1_1338' title='bbox 2137 3477 2148 3492; x_wconf 92' lang='lat'>‚</span> <span class='ocrx_word' id='word_1_1339' title='bbox 2165 3454 2229 3485; x_wconf 85' lang='lat' dir='ltr'>loial</span> <span class='ocrx_word' id='word_1_1340' title='bbox 2245 3455 2280 3487; x_wconf 85' lang='lat'>&amp;</span> <span class='ocrx_word' id='word_1_1341' title='bbox 2298 3456 2390 3489; x_wconf 80' lang='lat' dir='ltr'>ferme</span> 
     </span>
     <span class='ocr_line' id='line_1_158' title="bbox 1322 3493 2389 3538; baseline -0.004 -8"><span class='ocrx_word' id='word_1_1342' title='bbox 1322 3499 1427 3538; x_wconf 87' lang='lat' dir='ltr'>desire,</span> <span class='ocrx_word' id='word_1_1343' title='bbox 1444 3499 1479 3530; x_wconf 91' lang='lat' dir='ltr'>de</span> <span class='ocrx_word' id='word_1_1344' title='bbox 1503 3498 1654 3529; x_wconf 88' lang='lat' dir='ltr'>Consentir</span> <span class='ocrx_word' id='word_1_1345' title='bbox 1669 3498 1703 3528; x_wconf 90' lang='lat'>&amp;</span> <span class='ocrx_word' id='word_1_1346' title='bbox 1717 3498 1785 3528; x_wconf 82' lang='lat' dir='ltr'>faire</span> <span class='ocrx_word' id='word_1_1347' title='bbox 1805 3507 1879 3535; x_wconf 87' lang='lat' dir='ltr'>quan</span> <span class='ocrx_word' id='word_1_1348' title='bbox 1898 3506 1954 3536; x_wconf 86' lang='lat' dir='ltr'>que</span> <span class='ocrx_word' id='word_1_1349' title='bbox 1974 3504 2053 3533; x_wconf 84' lang='lat' dir='ltr'>purra</span> <span class='ocrx_word' id='word_1_1350' title='bbox 2076 3494 2165 3523; x_wconf 85' lang='lat' dir='ltr'>nurri&#39;r</span> <span class='ocrx_word' id='word_1_1351' title='bbox 2179 3493 2290 3524; x_wconf 88' lang='lat' dir='ltr'>Amour</span> <span class='ocrx_word' id='word_1_1352' title='bbox 2310 3504 2389 3526; x_wconf 84' lang='lat' dir='ltr'>entre</span> 
     </span>
     <span class='ocr_line' id='line_1_159' title="bbox 1322 3530 2388 3574; baseline -0.007 -5"><span class='ocrx_word' id='word_1_1353' title='bbox 1322 3549 1394 3570; x_wconf 88' lang='lat' dir='ltr'>nous</span> <span class='ocrx_word' id='word_1_1354' title='bbox 1410 3540 1444 3569; x_wconf 88' lang='lat'>&amp;</span> <span class='ocrx_word' id='word_1_1355' title='bbox 1462 3545 1541 3568; x_wconf 90' lang='lat' dir='ltr'>toute</span> <span class='ocrx_word' id='word_1_1356' title='bbox 1560 3535 1759 3574; x_wconf 87' lang='lat' dir='ltr'>Christianite,</span> <span class='ocrx_word' id='word_1_1357' title='bbox 1776 3535 1826 3572; x_wconf 84' lang='lat'>&amp;,</span> <span class='ocrx_word' id='word_1_1358' title='bbox 1846 3545 1893 3572; x_wconf 85' lang='lat' dir='ltr'>par</span> <span class='ocrx_word' id='word_1_1359' title='bbox 1915 3532 2063 3571; x_wconf 87' lang='lat' dir='ltr'>especiaie,</span> <span class='ocrx_word' id='word_1_1360' title='bbox 2079 3540 2135 3569; x_wconf 89' lang='lat' dir='ltr'>que</span> <span class='ocrx_word' id='word_1_1361' title='bbox 2154 3530 2181 3560; x_wconf 91' lang='lat' dir='ltr'>la</span> <span class='ocrx_word' id='word_1_1362' title='bbox 2198 3530 2336 3563; x_wconf 90' lang='lat' dir='ltr'>Comune</span> <span class='ocrx_word' id='word_1_1363' title='bbox 2353 3534 2388 3565; x_wconf 88' lang='lat'>&amp;</span> 
     </span>
     <span class='ocr_line' id='line_1_160' title="bbox 1323 3568 2390 3611; baseline -0.006 -3"><span class='ocrx_word' id='word_1_1364' title='bbox 1323 3578 1399 3609; x_wconf 85' lang='lat' dir='ltr'>seure</span> <span class='ocrx_word' id='word_1_1365' title='bbox 1417 3575 1509 3606; x_wconf 88' lang='lat' dir='ltr'>Cours</span> <span class='ocrx_word' id='word_1_1366' title='bbox 1526 3575 1562 3606; x_wconf 90' lang='lat' dir='ltr'>de</span> <span class='ocrx_word' id='word_1_1367' title='bbox 1580 3574 1604 3604; x_wconf 89' lang='lat' dir='ltr'>la</span> <span class='ocrx_word' id='word_1_1368' title='bbox 1619 3574 1675 3604; x_wconf 86' lang='lat' dir='ltr'>dite</span> <span class='ocrx_word' id='word_1_1369' title='bbox 1695 3573 1903 3604; x_wconf 84' lang='lat' dir='ltr'>Marchandises</span> <span class='ocrx_word' id='word_1_1370' title='bbox 1919 3571 1971 3601; x_wconf 86' lang='lat' dir='ltr'>soit</span> <span class='ocrx_word' id='word_1_1371' title='bbox 1989 3569 2135 3600; x_wconf 82' lang='lat' dir='ltr'>Excercez</span> <span class='ocrx_word' id='word_1_1372' title='bbox 2153 3569 2187 3599; x_wconf 90' lang='lat'>&amp;</span> <span class='ocrx_word' id='word_1_1373' title='bbox 2205 3568 2390 3611; x_wconf 82' lang='lat' dir='ltr'>Continuez‚</span> 
     </span>
    </p>

    <p class='ocr_par' dir='ltr' id='par_1_63' title="bbox 1322 3605 2393 3808">
     <span class='ocr_line' id='line_1_161' title="bbox 1360 3605 2390 3650; baseline -0.006 -5"><span class='ocrx_word' id='word_1_1374' title='bbox 1360 3615 1460 3646; x_wconf 89' lang='lat' dir='ltr'>Avons</span> <span class='ocrx_word' id='word_1_1375' title='bbox 1481 3613 1641 3650; x_wconf 91' lang='lat' dir='ltr'>Proroguie</span> <span class='ocrx_word' id='word_1_1376' title='bbox 1659 3614 1693 3644; x_wconf 66' lang='grc' dir='ltr'>ὅ(</span> <span class='ocrx_word' id='word_1_1377' title='bbox 1713 3611 1864 3650; x_wconf 88' lang='lat' dir='ltr'>Prolongie</span> <span class='ocrx_word' id='word_1_1378' title='bbox 1878 3632 1889 3648; x_wconf 85' lang='lat'>‚</span> <span class='ocrx_word' id='word_1_1379' title='bbox 1913 3609 2077 3644; x_wconf 81' lang='lat' dir='ltr'>Prorogons</span> <span class='ocrx_word' id='word_1_1380' title='bbox 2091 3608 2126 3638; x_wconf 79' lang='grc' dir='ltr'>δε</span> <span class='ocrx_word' id='word_1_1381' title='bbox 2144 3605 2326 3645; x_wconf 89' lang='lat' dir='ltr'>Prolongons</span> <span class='ocrx_word' id='word_1_1382' title='bbox 2341 3619 2390 3648; x_wconf 84' lang='lat' dir='ltr'>par</span> 
     </span>
     <span class='ocr_line' id='line_1_162' title="bbox 1325 3644 2392 3690; baseline -0.006 -5"><span class='ocrx_word' id='word_1_1383' title='bbox 1325 3665 1372 3685; x_wconf 89' lang='lat' dir='ltr'>ces</span> <span class='ocrx_word' id='word_1_1384' title='bbox 1389 3652 1501 3683; x_wconf 87' lang='lat' dir='ltr'>Presens</span> <span class='ocrx_word' id='word_1_1385' title='bbox 1509 3675 1520 3690; x_wconf 87' lang='lat'>,</span> <span class='ocrx_word' id='word_1_1386' title='bbox 1538 3653 1571 3683; x_wconf 73' lang='grc' dir='ltr'>δε</span> <span class='ocrx_word' id='word_1_1387' title='bbox 1584 3661 1633 3689; x_wconf 84' lang='lat' dir='ltr'>par</span> <span class='ocrx_word' id='word_1_1388' title='bbox 1646 3650 1834 3681; x_wconf 89' lang='lat' dir='ltr'>deliberacion</span> <span class='ocrx_word' id='word_1_1389' title='bbox 1847 3649 1882 3679; x_wconf 91' lang='lat' dir='ltr'>de</span> <span class='ocrx_word' id='word_1_1390' title='bbox 1894 3646 1989 3677; x_wconf 92' lang='lat' dir='ltr'>nostre</span> <span class='ocrx_word' id='word_1_1391' title='bbox 2003 3644 2144 3681; x_wconf 87' lang='lat' dir='ltr'>Conseill,</span> <span class='ocrx_word' id='word_1_1392' title='bbox 2160 3644 2209 3675; x_wconf 81' lang='lat' dir='ltr'>des</span> <span class='ocrx_word' id='word_1_1393' title='bbox 2223 3646 2293 3676; x_wconf 89' lang='lat' dir='ltr'>dites</span> <span class='ocrx_word' id='word_1_1394' title='bbox 2306 3648 2392 3679; x_wconf 84' lang='lat' dir='ltr'>Trai-</span> 
     </span>
     <span class='ocr_line' id='line_1_163' title="bbox 1324 3682 2393 3728; baseline -0.008 -6"><span class='ocrx_word' id='word_1_1395' title='bbox 1324 3700 1364 3722; x_wconf 89' lang='lat' dir='ltr'>tes</span> <span class='ocrx_word' id='word_1_1396' title='bbox 1379 3693 1412 3723; x_wconf 91' lang='lat'>&amp;</span> <span class='ocrx_word' id='word_1_1397' title='bbox 1428 3692 1555 3728; x_wconf 90' lang='lat' dir='ltr'>Accors,</span> <span class='ocrx_word' id='word_1_1398' title='bbox 1573 3698 1718 3720; x_wconf 87' lang='lat' dir='ltr'>contenuz</span> <span class='ocrx_word' id='word_1_1399' title='bbox 1731 3699 1766 3720; x_wconf 90' lang='lat' dir='ltr'>en</span> <span class='ocrx_word' id='word_1_1400' title='bbox 1779 3695 1838 3718; x_wconf 90' lang='lat' dir='ltr'>noz</span> <span class='ocrx_word' id='word_1_1401' title='bbox 1851 3687 1911 3717; x_wconf 81' lang='lat' dir='ltr'>ditz</span> <span class='ocrx_word' id='word_1_1402' title='bbox 1922 3693 2011 3715; x_wconf 88' lang='lat' dir='ltr'>autres</span> <span class='ocrx_word' id='word_1_1403' title='bbox 2026 3683 2195 3723; x_wconf 88' lang='lat' dir='ltr'>Lettres,cy</span> <span class='ocrx_word' id='word_1_1404' title='bbox 2209 3682 2298 3715; x_wconf 85' lang='lat' dir='ltr'>deffus</span> <span class='ocrx_word' id='word_1_1405' title='bbox 2306 3686 2393 3717; x_wconf 83' lang='lat' dir='ltr'>trans-</span> 
     </span>
     <span class='ocr_line' id='line_1_164' title="bbox 1324 3721 2391 3767; baseline -0.005 -7"><span class='ocrx_word' id='word_1_1406' title='bbox 1324 3732 1431 3767; x_wconf 89' lang='lat' dir='ltr'>criptz,</span> <span class='ocrx_word' id='word_1_1407' title='bbox 1446 3730 1556 3767; x_wconf 82' lang='lat' dir='ltr'>jusques</span> <span class='ocrx_word' id='word_1_1408' title='bbox 1575 3738 1610 3758; x_wconf 88' lang='lat' dir='ltr'>au</span> <span class='ocrx_word' id='word_1_1409' title='bbox 1633 3727 1720 3758; x_wconf 92' lang='lat' dir='ltr'>Trois</span> <span class='ocrx_word' id='word_1_1410' title='bbox 1738 3728 1815 3763; x_wconf 83' lang='lat' dir='ltr'>Ans,</span> <span class='ocrx_word' id='word_1_1411' title='bbox 1834 3735 1850 3755; x_wconf 93' lang='lat' dir='ltr'>a</span> <span class='ocrx_word' id='word_1_1412' title='bbox 1870 3723 2009 3762; x_wconf 88' lang='lat' dir='ltr'>Compter</span> <span class='ocrx_word' id='word_1_1413' title='bbox 2024 3721 2058 3752; x_wconf 90' lang='lat'>&amp;</span> <span class='ocrx_word' id='word_1_1414' title='bbox 2072 3730 2226 3752; x_wconf 88' lang='lat' dir='ltr'>comencer</span> <span class='ocrx_word' id='word_1_1415' title='bbox 2246 3721 2272 3753; x_wconf 90' lang='lat' dir='ltr'>le</span> <span class='ocrx_word' id='word_1_1416' title='bbox 2292 3723 2333 3755; x_wconf 92' lang='lat' dir='ltr'>dit</span> <span class='ocrx_word' id='word_1_1417' title='bbox 2351 3734 2391 3758; x_wconf 81' lang='lat' dir='ltr'>xv</span> 
     </span>
     <span class='ocr_line' id='line_1_165' title="bbox 1322 3765 1824 3808; baseline -0.008 -10"><span class='ocrx_word' id='word_1_1418' title='bbox 1322 3771 1386 3808; x_wconf 86' lang='lat' dir='ltr'>jour</span> <span class='ocrx_word' id='word_1_1419' title='bbox 1400 3768 1435 3797; x_wconf 90' lang='lat' dir='ltr'>de</span> <span class='ocrx_word' id='word_1_1420' title='bbox 1447 3767 1524 3806; x_wconf 82' lang='lat' dir='ltr'>Juyn</span> <span class='ocrx_word' id='word_1_1421' title='bbox 1539 3765 1688 3805; x_wconf 90' lang='lat' dir='ltr'>proschein</span> <span class='ocrx_word' id='word_1_1422' title='bbox 1703 3773 1805 3796; x_wconf 89' lang='lat' dir='ltr'>venant</span> <span class='ocrx_word' id='word_1_1423' title='bbox 1814 3785 1824 3801; x_wconf 94' lang='lat'>,</span> 
     </span>
    </p>

    <p class='ocr_par' dir='ltr' id='par_1_64' title="bbox 1324 3795 2399 3996">
     <span class='ocr_line' id='line_1_166' title="bbox 1362 3795 2391 3843; baseline -0.005 -8"><span class='ocrx_word' id='word_1_1424' title='bbox 1362 3807 1556 3843; x_wconf 84' lang='lat' dir='ltr'>Promettans,</span> <span class='ocrx_word' id='word_1_1425' title='bbox 1573 3814 1610 3834; x_wconf 91' lang='lat' dir='ltr'>en</span> <span class='ocrx_word' id='word_1_1426' title='bbox 1633 3805 1727 3833; x_wconf 89' lang='lat' dir='ltr'>bonne</span> <span class='ocrx_word' id='word_1_1427' title='bbox 1750 3802 1818 3841; x_wconf 92' lang='lat' dir='ltr'>foy,</span> <span class='ocrx_word' id='word_1_1428' title='bbox 1833 3801 1866 3831; x_wconf 92' lang='lat'>&amp;</span> <span class='ocrx_word' id='word_1_1429' title='bbox 1888 3809 1924 3829; x_wconf 88' lang='lat' dir='ltr'>en</span> <span class='ocrx_word' id='word_1_1430' title='bbox 1947 3798 2040 3836; x_wconf 87' lang='lat' dir='ltr'>parole</span> <span class='ocrx_word' id='word_1_1431' title='bbox 2060 3797 2111 3840; x_wconf 35' lang='lat' dir='ltr'>du,</span> <span class='ocrx_word' id='word_1_1432' title='bbox 2124 3795 2211 3837; x_wconf 87' lang='lat' dir='ltr'>R0y‚</span> <span class='ocrx_word' id='word_1_1433' title='bbox 2228 3797 2338 3838; x_wconf 90' lang='lat' dir='ltr'>Tenir,</span> <span class='ocrx_word' id='word_1_1434' title='bbox 2356 3801 2391 3832; x_wconf 80' lang='grc' dir='ltr'>δε</span> 
     </span>
     <span class='ocr_line' id='line_1_167' title="bbox 1325 3835 2393 3880; baseline -0.011 -6"><span class='ocrx_word' id='word_1_1435' title='bbox 1325 3845 1392 3875; x_wconf 89' lang='lat' dir='ltr'>faire</span> <span class='ocrx_word' id='word_1_1436' title='bbox 1407 3844 1698 3880; x_wconf 83' lang='lat' dir='ltr'>Tenir,fermement</span> <span class='ocrx_word' id='word_1_1437' title='bbox 1711 3842 1745 3872; x_wconf 91' lang='lat'>&amp;</span> <span class='ocrx_word' id='word_1_1438' title='bbox 1763 3839 1906 3870; x_wconf 89' lang='lat' dir='ltr'>loialment</span> <span class='ocrx_word' id='word_1_1439' title='bbox 1923 3845 1986 3867; x_wconf 90' lang='lat' dir='ltr'>tous</span> <span class='ocrx_word' id='word_1_1440' title='bbox 2002 3836 2040 3866; x_wconf 83' lang='lat' dir='ltr'>les</span> <span class='ocrx_word' id='word_1_1441' title='bbox 2057 3835 2146 3866; x_wconf 85' lang='lat' dir='ltr'>Poms</span> <span class='ocrx_word' id='word_1_1442' title='bbox 2162 3838 2196 3866; x_wconf 87' lang='lat'>&amp;</span> <span class='ocrx_word' id='word_1_1443' title='bbox 2213 3835 2333 3869; x_wconf 87' lang='lat' dir='ltr'>Articles</span> <span class='ocrx_word' id='word_1_1444' title='bbox 2343 3839 2393 3870; x_wconf 77' lang='lat' dir='ltr'>de-</span> 
     </span>
     <span class='ocr_line' id='line_1_168' title="bbox 1324 3873 2394 3919; baseline -0.005 -6"><span class='ocrx_word' id='word_1_1445' title='bbox 1324 3884 1368 3913; x_wconf 91' lang='lat' dir='ltr'>sur</span> <span class='ocrx_word' id='word_1_1446' title='bbox 1383 3882 1527 3919; x_wconf 81' lang='lat' dir='ltr'>declarez,</span> <span class='ocrx_word' id='word_1_1447' title='bbox 1544 3881 1609 3912; x_wconf 86' lang='lat' dir='ltr'>sanz</span> <span class='ocrx_word' id='word_1_1448' title='bbox 1625 3877 1779 3910; x_wconf 86' lang='lat' dir='ltr'>enfraindre</span> <span class='ocrx_word' id='word_1_1449' title='bbox 1799 3883 1986 3907; x_wconf 88' lang='lat' dir='ltr'>aucunernent</span> <span class='ocrx_word' id='word_1_1450' title='bbox 2001 3896 2012 3912; x_wconf 86' lang='lat'>,</span> <span class='ocrx_word' id='word_1_1451' title='bbox 2030 3884 2067 3904; x_wconf 86' lang='lat' dir='ltr'>ne</span> <span class='ocrx_word' id='word_1_1452' title='bbox 2091 3873 2184 3912; x_wconf 90' lang='lat' dir='ltr'>Aller,</span> <span class='ocrx_word' id='word_1_1453' title='bbox 2201 3883 2238 3904; x_wconf 88' lang='lat' dir='ltr'>ne</span> <span class='ocrx_word' id='word_1_1454' title='bbox 2255 3875 2338 3915; x_wconf 88' lang='lat' dir='ltr'>faire,</span> <span class='ocrx_word' id='word_1_1455' title='bbox 2356 3886 2394 3908; x_wconf 87' lang='lat' dir='ltr'>ne</span> 
     </span>
     <span class='ocr_line' id='line_1_169' title="bbox 1324 3911 2399 3954; baseline -0.005 -3"><span class='ocrx_word' id='word_1_1456' title='bbox 1324 3920 1438 3951; x_wconf 86' lang='lat' dir='ltr'>soeffrer</span> <span class='ocrx_word' id='word_1_1457' title='bbox 1466 3919 1536 3949; x_wconf 88' lang='lat' dir='ltr'>estre</span> <span class='ocrx_word' id='word_1_1458' title='bbox 1561 3919 1611 3949; x_wconf 83' lang='lat' dir='ltr'>fait</span> <span class='ocrx_word' id='word_1_1459' title='bbox 1625 3927 1664 3948; x_wconf 87' lang='lat' dir='ltr'>ou</span> <span class='ocrx_word' id='word_1_1460' title='bbox 1680 3917 1722 3949; x_wconf 91' lang='lat' dir='ltr'>ale</span> <span class='ocrx_word' id='word_1_1461' title='bbox 1736 3938 1746 3954; x_wconf 94' lang='lat'>,</span> <span class='ocrx_word' id='word_1_1462' title='bbox 1769 3927 1785 3946; x_wconf 89' lang='grc'><strong>3</strong></span> <span class='ocrx_word' id='word_1_1463' title='bbox 1803 3914 1956 3945; x_wconf 87' lang='lat' dir='ltr'>l’encontre</span> <span class='ocrx_word' id='word_1_1464' title='bbox 1972 3922 2020 3950; x_wconf 78' lang='lat' dir='ltr'>par</span> <span class='ocrx_word' id='word_1_1465' title='bbox 2037 3911 2124 3942; x_wconf 90' lang='lat' dir='ltr'>Nous</span> <span class='ocrx_word' id='word_1_1466' title='bbox 2135 3934 2146 3949; x_wconf 92' lang='lat'>,</span> <span class='ocrx_word' id='word_1_1467' title='bbox 2172 3921 2230 3942; x_wconf 91' lang='lat' dir='ltr'>noz</span> <span class='ocrx_word' id='word_1_1468' title='bbox 2249 3913 2375 3946; x_wconf 89' lang='lat' dir='ltr'>Officers</span> <span class='ocrx_word' id='word_1_1469' title='bbox 2388 3937 2399 3954; x_wconf 87' lang='lat'>‚</span> 
     </span>
     <span class='ocr_line' id='line_1_170' title="bbox 1324 3950 2396 3996; baseline -0.005 -7"><span class='ocrx_word' id='word_1_1470' title='bbox 1324 3959 1452 3995; x_wconf 82' lang='lat' dir='ltr'>Subgiez</span> <span class='ocrx_word' id='word_1_1471' title='bbox 1466 3980 1476 3996; x_wconf 88' lang='lat'>,</span> <span class='ocrx_word' id='word_1_1472' title='bbox 1499 3957 1594 3989; x_wconf 87' lang='lat' dir='ltr'>Alliez</span> <span class='ocrx_word' id='word_1_1473' title='bbox 1606 3978 1617 3995; x_wconf 92' lang='lat'>‚</span> <span class='ocrx_word' id='word_1_1474' title='bbox 1642 3965 1682 3987; x_wconf 90' lang='lat' dir='ltr'>ou</span> <span class='ocrx_word' id='word_1_1475' title='bbox 1714 3951 1918 3987; x_wconf 84' lang='lat' dir='ltr'>Bienvueillans</span> <span class='ocrx_word' id='word_1_1476' title='bbox 1951 3950 2151 3989; x_wconf 84' lang='lat' dir='ltr'>quelxconque</span> <span class='ocrx_word' id='word_1_1477' title='bbox 2179 3950 2280 3984; x_wconf 82' lang='lat' dir='ltr'>durant</span> <span class='ocrx_word' id='word_1_1478' title='bbox 2301 3952 2329 3984; x_wconf 90' lang='lat' dir='ltr'>le</span> <span class='ocrx_word' id='word_1_1479' title='bbox 2353 3952 2396 3984; x_wconf 83' lang='lat' dir='ltr'>dit</span> 
     </span>
    </p>
   </div>
   <div class='ocr_carea' id='block_1_35' title="bbox 1326 4006 2409 4057">
    <p class='ocr_par' dir='ltr' id='par_1_65' title="bbox 1326 4006 2409 4057">
     <span class='ocr_line' id='line_1_171' title="bbox 1326 4006 2409 4057; baseline -0.011 -27"><span class='ocrx_word' id='word_1_1480' title='bbox 1326 4006 1418 4035; x_wconf 85' lang='lat' dir='ltr'>temps</span> <span class='ocrx_word' id='word_1_1481' title='bbox 1426 4019 1436 4034; x_wconf 87' lang='lat'>,</span> <span class='ocrx_word' id='word_1_1482' title='bbox 2376 4024 2409 4057; x_wconf 68' lang='lat' dir='ltr'>Si</span> 
     </span>
    </p>
   </div>
  </div>
 </body>
</html>
