2562 4274
65 238 145 273 Ann.
158 238 200 269 D.

87 287 175 317 1414.

65 322 129 346 Hm.
147 328 176 354 5.

67 742 88 762 Ψ
106 743 160 772 IX.

70 781 133 818 138.

70 1343 147 1373 Ann.
164 1341 206 1372 D.

91 1391 178 1421 1414·

69 1435 173 1495 115¹*ss

69 1504 158 1528 franc.
177 1508 205 1528 2.

70 1586 107 1604 9,.
127 1570 170 1616 9.

73 3277 151 3310 Ann.
162 3274 204 3305 D.

94 3324 179 3354 1414.

72 3359 125 3382 An.
142 3363 169 3382 2.

73 3398 108 3420 Η.
127 3402 153 3427 5.

74 3431 138 3458 ibid.
153 3439 191 3458 m.

77 3478 122 3503 ²9·

78 3638 97 3655 *¹
118 3638 169 3664 IX.

80 3684 143 3711 ¹39·

237 161 266 189 0

247 272 442 311 ecipiendum,

249 311 417 348 Caeteraque
437 308 535 339 omnia
551 308 584 338 &
606 306 711 346 lingula
729 306 919 345 Faciendum,
936 305 1153 343 Exercendum,
1169 306 1202 335 &
1222 303 1281 334 Ex—

210 349 399 391 pediendum,
416 357 480 386 quae
499 348 529 376 in
550 345 701 376 Praemiffis
725 346 758 377 &
783 347 858 376 circa
883 356 916 376 ea
941 345 1092 376 neceffaria
1112 344 1217 374 fuerint
1233 342 1281 386 vel

212 387 428 428 quomodolibet
444 393 600 423 oportuna,
616 394 649 414 ac
664 386 728 423 quae
750 385 863 422 qualitas
880 385 913 414 &
928 383 1041 413 Natura
1057 383 1138 420 hujus
1157 382 1283 420 Negotii

212 428 329 465 exigunt
345 426 379 456 &
397 425 559 462 requirunt,
577 424 610 453 &
636 432 702 461 quae
718 423 895 460 Nosmetipfi
914 422 1006 452 facere
1027 422 1170 459 possemus
1186 421 1204 450 fi
1222 430 1284 459 per-

214 464 342 495 sonaliter
363 462 576 499 interessemus,
594 461 702 492 etiamsi
720 462 783 492 talia
799 462 896 492 forent
912 470 977 499 quae
993 459 1167 490 Mandatum
1186 468 1284 497 exige—

214 510 278 534 rent
294 510 558 540 quantumcumque
574 499 708 539 speciale,

255 539 330 580 Ipsos
339 564 349 579 ,
366 541 533 577 Henricum,
551 541 690 576 Hugonem
700 562 710 578 ‚
728 537 874 576 Thamara,
889 536 1057 576 Philippum,
1072 535 1285 580 ‹Sc-Johannem,

218 579 372 618 Qinque,
387 578 617 648 &tamonTres
650 587 696 608 aut
704 577 788 608 Duos
802 586 920 614 eorum,
935 576 1046 605 nostros
1061 575 1201 614 legitimos
1212 573 1284 604 Pro-

213 627 372 656 curatores,
432 618 592 656 egotiorum
613 601 765 654 OestoreS,
784 614 1019 652 Commissarios,
1044 613 1221 652 Deputatos,
1248 614 1282 644 ὃς

215 655 352 687 Nuncios
373 655 504 695 speciales
527 655 672 693 Facimus,
691 653 846 692 Creamus‚
864 653 1054 690 Ordinamus,
1071 653 1104 684 &
1124 652 1284 683 Constitui-

217 703 281 726 mus
316 705 344 725 er
358 694 529 732 Praesentes,

258 740 275 757 ἢ
290 705 504 770 Ιξῑοτηίῑῐεῃιεε,
522 732 598 763 bona
616 731 671 762 fide
692 732 726 764 &
743 732 772 761 in
787 731 876 762 verbo
898 731 993 770 regio,
1012 740 1045 760 ac
1061 729 1110 760 sub
1132 729 1284 767 Ypotheca

219 773 253 804 &
271 771 456 812 Obligatione
477 772 612 801 omnium
625 770 772 801 Bonorum
789 770 951 799 nostrorum
964 768 1147 799 Praesentium
1161 770 1194 800 &
1210 768 1287 798 futu-

217 810 337 849 rorum,
355 821 408 842 nos
420 810 548 848 Ratum,
565 809 707 847 Gratum,
725 809 757 839 &
775 809 903 839 Firmum
922 810 1059 846 perpetuo
1083 807 1226 837 habituros
1239 815 1285 837 to-

220 858 284 881 tum
300 851 333 881 &
347 849 482 889 quicquid
531 859 544 878 r
558 849 652 878 dicios
671 847 871 878 Procuratores
886 846 1012 883 nostrOS,
1032 846 1186 883 Quinque,
1204 846 1286 884 Qa-

222 896 306 927 tuor,
323 889 412 926 Tres,
428 888 473 919 vel
525 897 573 917 uos
589 896 712 925 eorum,
731 886 862 927 Adium,
875 884 1015 922 Gestum,
1033 884 1078 914 seu
1095 883 1286 914 Procuratum

219 927 303 958 fuerit
327 928 358 957 in
381 925 533 956 Praemiffis
554 927 588 957 ὃ(
603 927 641 956 sin
659 926 711 955 'ulis
726 924 950 954 Praemislorum.
1265 960 1270 965 ι

258 965 291 995 In
316 975 437 1003 quorum
459 965 591 994 omnium
612 972 639 994 te
667 963 810 993 'monium
832 961 880 991 has
905 961 1009 991 Literas
1022 959 1129 991 nostras
1145 959 1286 991 fierifeci-

220 1013 283 1034 mus
298 1003 426 1034 Patentes
437 1025 447 1040 ,
467 1002 543 1042 sigilli
559 1001 646 1032 nostri
662 1001 765 1040 Magni
781 999 950 1038 appensione
964 1000 1167 1030 communitas.

261 1041 330 1072 Dat.
346 1043 375 1072 in
388 1040 483 1080 Castro
501 1040 587 1081 nostro
604 1039 779 1080 Leycestriae,
796 1039 910 1078 Quarto
924 1037 968 1068 die
977 1037 1066 1077 Junii.

886 1117 939 1145 Per
957 1113 1041 1155 ipfitm
1060 1117 1164 1153 Regem.

413 1243 462 1275 De
486 1244 640 1289 Homagio
662 1254 683 1274 a
704 1240 781 1274 disto
804 1243 890 1275 Duce
915 1238 1087 1285 recipienda.

228 1327 353 1385 REX
390 1327 553 1366 Omnibus,
571 1327 605 1358 ad
622 1337 710 1367 quos,
729 1328 789 1359 ὅτε.
809 1326 942 1359 Salutem.

261 1405 301 1436 ὸά
316 1351 372 1436 1ᾒεῖ
386 1366 586 1397 Universitatis
601 1366 699 1397 vestrae
723 1365 870 1400 Notitiam
891 1366 1060 1398 deducimus
1074 1375 1123 1406 per
1143 1362 1289 1403 praesentes

242 1414 258 1434 u
353 1416 386 1436 os

221 1413 239 1443 q
261 1443 309 1474 De
328 1428 450 1475 Fideiate
464 1467 473 1482 ,
499 1443 782 1483 circumspectione,
807 1443 841 1474 &
863 1443 1030 1480 Prudentia,
1051 1440 1236 1471 Dilectorum
1255 1439 1290 1483 ὅς

224 1481 361 1513 Fidelium
385 1483 563 1521 nostrorum,
586 1485 699 1512 Henrici
721 1485 830 1511 Domini
851 1482 883 1511 de
904 1482 929 1511 le
953 1484 1048 1519 Scrop,
1076 1479 1289 1517 Consanguinei

227 1521 332 1560 nostri,
349 1525 470 1560 Hugonis
493 1525 662 1562 Mortymer,
680 1520 786 1550 Thema>
809 1519 947 1559 Chaucer,
967 1518 1201 1550 Domicellorum
1222 1516 1290 1547 Ma-

225 1560 378 1598 gistrorum
389 1583 398 1598 ,
415 1559 529 1598 Phihppi
551 1563 670 1597 Murgan
692 1559 833 1597 utriusque
845 1559 939 1598 juris,
957 1568 990 1589 ac
1009 1557 1152 1597 Johannis
1177 1558 1290 1595 Honyn-

224 1600 307 1637 ham,
327 1599 441 1636 Legum
465 1598 649 1636 DoCmrum,
672 1596 910 1628 Conliliariorum
931 1596 1113 1634 nostrorum,
1130 1596 1164 1626 &
1184 1603 1286 1625 eorum

224 1637 391 1675 cu'ussibet,
407 1638 520 1676 plenam
533 1638 566 1667 &
580 1636 693 1666 firmam
707 1636 840 1667 fiduciam
857 1638 1035 1674 optinentes,

259 1648 355 1716 ipsos,
374 1678 537 1713 Henricum,
557 1677 695 1713 Hugonem
704 1698 714 1714 ,
731 1674 874 1714 Thermum,
895 1674 1059 1713 Philippum,
1076 1671 1286 1712 &Johannem,

221 1713 376 1753 Creamus,
395 1714 588 1752 Ordinamus,
607 1714 641 1744 &
658 1713 809 1752 Facimus,
826 1724 875 1752 per
884 1713 1061 1750 praesentes,
1080 1712 1190 1754 nostros
1205 1720 1287 1754 veros

221 1754 257 1784 &
272 1754 411 1792 legitimos
424 1752 635 1791 Procuratores,
653 1752 688 1782 N
691 1753 853 1792 egotiorum
872 1751 1028 1791 Gestores,
1046 1749 1267 1782 Commiffanos
1277 1771 1287 1787 ,

220 1792 256 1823 &
272 1792 407 1822 Nuncios
422 1792 568 1830 speciales,

259 1829 367 1862 Dantes
389 1831 422 1862 &
447 1830 646 1861 Concedentes
668 1829 771 1861 eisdem
792 1829 1042 1867 Procuratoribus,
1062 1827 1289 1865 Commiffariis,

221 1869 256 1900 &
275 1869 401 1900 Nunciis
423 1869 525 1899 nostris
547 1869 717 1909 plenariam,
736 1868 939 1906 sufficientem,
963 1870 997 1900 δε
1021 1868 1136 1899 liberam
1161 1865 1289 1897 Potesta-

221 1916 301 1946 tem,
318 1918 369 1946 pro
383 1907 482 1938 Nobis
504 1908 538 1939 &
552 1909 672 1938 nomine
687 1906 804 1945 nostro,
823 1917 943 1938 ornnem
968 1907 1085 1946 Fidem,
1103 1907 1137 1938 &
1156 1905 1287 1936 Fidelita-

221 1954 300 1985 tem,
320 1946 554 1987 Homagiumque
578 1946 700 1986 Ligeum
722 1946 756 1985 a,
773 1945 915 1977 cariffimo
934 1946 1155 1985 Consanguineo
1173 1942 1290 1980 nostro,

222 1984 357 2025 Johanne
377 1987 452 2015 Duce
472 1986 655 2023 Burgundiae,
671 1994 724 2023 pro
745 1985 801 2023 Se,
819 1984 1006 2023 Haeredibus‚
1026 1985 1059 2015 ὃ(
1078 1983 1291 2015 Succefforibes

219 2025 290 2062 suis,
307 2026 340 2055 ὃ(
357 2023 602 2062 Recognitionem
617 2023 800 2061 eorumdem,
814 2024 1069 2062 Juramentumque
1086 2020 1286 2058 Fidelitatis'&

221 2062 362 2102 Homagii
383 2062 540 2093 hu'usmodi
556 2085 566 2101 ,
591 2072 641 2100 per
661 2071 727 2093 eum
743 2062 838 2093 Nobis
858 2063 891 2094 &
907 2062 1079 2093 Haeredibus
1098 2062 1199 2093 nostris
1218 2069 1291 2100 prae-

219 2101 403 2140 standorum,
445 2101 558 2139 etendi,
577 2100 762 2140 Recipiendi,
781 2101 943 2132 Obtinendi
959 2102 993 2132 &
1008 2100 1289 2140 Acceptandi,.cum

220 2141 357 2171 omnibus
372 2140 424 2170 suis
448 2139 600 2178 Capitulis,
619 2139 771 2178 clausulis,
791 2141 824 2171 δε
844 2140 993 2178 Articulis,
1008 2140 1042 2170 ad
1066 2140 1124 2171 hoc
1145 2138 1287 2171 consuetis

220 2179 268 2209 seu
281 2178 498 2218 quomodolibet
513 2179 678 2217 oportunis,

259 2217 410 2256 Ipsumque
424 2217 652 2256 consanguineum
669 2215 785 2257 nostrum
807 2217 837 2247 in
851 2216 1003 2248 Vasiallum
1017 2216 1146 2248 nostrum
1164 2216 1287 2255 Ligeum

220 2256 256 2327 fic
277 2255 595 2325 fidelencii'Recipiendi,
622 2255 827 2296 Approbandi,
856 2256 1020 2294 Laudandi,
1041 2256 1237 2293 Admittendi,
1255 2255 1289 2287 &

252 2305 304 2326 cce
326 2305 372 2326 tan
394 2305 402 2325 1

253 2334 300 2364 Ad
306 2305 468 2372 pomnia'que
483 2334 516 2365 ὃ(
534 2333 635 2373 fingula
649 2332 811 2372 Praerniffa,
827 2333 874 2364 seu
886 2343 918 2365 ea
931 2332 1149 2374 quomodolibet
1164 2342 1285 2364 concer-

218 2374 335 2409 nentia,
359 2372 522 2403 faciendum
543 2373 576 2403 &
596 2372 823 2411 expediendum,
847 2382 880 2403 ac
902 2374 1002 2404 eadem
1026 2372 1230 2410 Firmandum,
1249 2372 1282 2402 &

218 2411 432 2480 §colbermfidum
446 2410 677 2449 stipulationibus
698 2412 731 2443 &
746 2411 935 2442 Cautionibus
956 2412 1183 2451 quibuscumque
1202 2411 1284 2442 licitis

288 2460 343 2480 one
371 2459 409 2487 is,
855 2460 862 2469 ¹

257 2488 383 2518 Necnon
400 2489 496 2517 omnia
507 2488 555 2519 alia
569 2488 601 2519 &
617 2487 718 2526 fingula
733 2487 923 2527 Faciendum,
941 2488 1159 2528 Exercendum,
1176 2488 1210 2519 &
1226 2487 1283 2518 Ex-

220 2526 383 2563 plicandum
400 2537 463 2563 qux
479 2527 508 2555 in
524 2526 675 2556 Praemiffis
687 2527 719 2557 δεῖ
735 2528 810 2557 circa
825 2538 874 2565 ea,
895 2527 939 2558 vel
962 2537 1062 2558 eorum
1084 2527 1211 2567 aliquod,
1231 2536 1279 2557 ne-

219 2564 331 2632 {effisila
351 2563 455 2595 fuerint
473 2565 517 2595 vel
535 2573 675 2604 oportuna
689 2588 699 2604 ,
721 2566 806 2600 etiam
830 2565 850 2596 si
871 2565 1044 2596 Mandatum
1064 2567 1173 2604 exigant
1195 2566 1283 2604 magis

252 2612 309 2632 ecia
321 2612 336 2631 e

231 2612 250 2642 p
261 2625 481 2676 Prom’ittenres,
499 2640 576 2670 bona
591 2640 646 2671 fide
664 2642 697 2672 &
714 2643 742 2671 in
759 2642 848 2672 verbo
864 2643 963 2681 regio,
981 2642 1050 2673 Nos
1063 2643 1161 2673 omnia
1173 2643 1207 2674 &
1229 2642 1282 2672 fin-

222 2680 288 2716 gula
305 2679 438 2710 Grata&
454 2679 528 2709 Rata
548 2679 709 2717 habituros,
727 2690 790 2719 quae
811 2681 880 2711 dieii
902 2681 1116 2718 Procuratores,
1136 2680 1282 2711 Commis-

221 2718 278 2747 sarii
294 2719 326 2748 ὃ(
344 2717 456 2747 Nuncii
476 2716 582 2755 nostri,
600 2719 718 2747 nomine
737 2718 852 2756 nostro,
870 2720 989 2750 fecerint
1013 2721 1042 2749 in
1060 2719 1228 2757 Praemiffis,
1245 2720 1280 2750 &

219 2756 289 2787 sicut
305 2755 372 2786 Nos
386 2757 440 2793 ipsa
453 2757 552 2786 onmia
566 2756 600 2786 &
621 2756 728 2793 lingula
742 2757 771 2787 in
795 2756 915 2787 Persona
938 2760 1049 2797 propria
1070 2757 1241 2795 fecissemus,
1261 2758 1279 2786 fi

217 2794 393 2864 fiersonaliter
407 2794 637 2832 interfuiffemus,
654 2795 704 2825 sub
720 2795 870 2833 Ypotheca
892 2796 925 2827 &
941 2796 1123 2836 Obligatione
1146 2796 1280 2826 omnium

243 2842 367 2864 onorum
384 2832 546 2863 nostrorum
562 2833 740 2870 praesentium
757 2836 789 2866 &
802 2835 972 2865 futurorum.

261 2870 293 2901 In
325 2881 427 2912 uorum
443 2872 574 2901 omnium
589 2871 784 2903 testimonium
798 2874 888 2911 .'atque
910 2873 1011 2904 Fidem
1031 2873 1078 2903 has
1101 2873 1208 2903 Literas
1226 2882 1278 2903 no-

220 2881 364 2952 strasgeri
377 2910 496 2940 fecimus
516 2909 663 2948 Patentes,
682 2911 768 2950 Sigilli
786 2911 875 2942 nostri
893 2911 995 2951 Magni
1015 2912 1181 2952 appensione
1197 2920 1280 2942 com-

221 2957 351 2978 munitas.

257 2986 327 3018 Dat.
343 2988 371 3017 in
387 2986 480 3026 Castro
493 2985 578 3026 nostro
589 2986 763 3027 leycestriae,
782 2988 895 3027 Qrarto
908 2987 953 3019 die
965 2987 1055 3028 Junii.

855 3068 907 3096 Per
921 3065 1004 3106 ipsam
1019 3068 1122 3104 Regem.

348 3192 396 3224 De
418 3193 616 3236 Procuratore
639 3192 670 3221 in
694 3191 789 3222 Caria
814 3192 953 3222 Romana
974 3201 1026 3222 con
1051 3192 1137 3223 ituto.

733 139 1534 210 OONVENTIONES,

210 152 232 191 8

203 234 290 304 4130,
308 235 353 265 seu
370 233 451 271 ipsius
463 233 495 263 in
511 241 543 263 ea
558 238 636 270 parte
648 229 815 269 DeputatiS,
834 229 994 260 Petendum
1006 251 1016 267 ,
1031 226 1227 267 Exigendum,
1245 227 1280 259 &

1607 137 2007 191 LITERAE,

1356 225 1390 256 In
1409 227 1504 265 cujus,
1524 225 1586 256 &c.
2403 220 2480 254 Arm.
2494 223 2536 257 D.

1354 263 1444 296 Teste
1458 264 1540 303 Rege
1555 263 1629 304 apud
1643 263 1919 305 Wstmonasterium,
1934 263 2053 296 octavo
2065 262 2213 304 dieJunii.
2398 270 2516 338 Ηξὲηηὲ

1978 343 2032 371 Per
2049 340 2131 380 iinmt
2147 343 2251 379 Regem.

1539 467 1590 499 De
1613 467 1751 498 Licentia
1774 464 1955 499 traducendi
1976 468 2158 512 Peregrinos.

1322 550 1443 607 REX
1463 549 1597 582 univerfis
1609 550 1643 581 &
1657 550 1768 590 singulis
1786 550 1965 591 Admirallis,
1985 551 2046 583 &c.
2068 551 2104 582 ad
2116 559 2203 590 quos,
2221 549 2283 582 &c.
2309 551 2387 584 Salu-
2402 558 2478 589 Αῃη,
2492 559 2535 591 Ι),

1377 599 1445 620 tem.

1360 628 1460 659 Sciatis
1474 627 1554 666 quod
1565 649 1574 665 ,
1591 626 1627 657 de
1650 625 1749 658 Gratia
1767 627 1861 659 nostra
1889 628 1997 668 speciali
2013 651 2023 667 ,
2051 627 2254 659 Conceffimus
2278 629 2311 660 δε
2333 629 2385 661 Li—
2402 607 2513 667 A}24124

1322 668 1445 697 centiam
1461 666 1603 697 Dedimus
1640 664 1760 696 Dile&o
1773 667 1856 696 nobis
1868 666 2078 707 JohanniJoy,
2097 666 2241 706 Magistro
2253 667 2309 698 five
2319 667 2388 699 Pos-
2405 681 2438 704 H.
2455 686 2480 711 5,

1320 703 1415 736 seffori
1430 705 1572 749 cuiusdam
1587 688 1696 743 Navis,
1706 713 1827 748 *vocatae
1842 705 1866 734 la
1881 704 1969 735 Elene
1989 709 2026 736 de
2040 706 2234 745 Gippewico,
2250 707 2331 746 quod
2346 709 2388 746 ip-
2403 715 2469 743 [bid.
2483 725 2519 745 m.

1322 743 1350 774 se
1367 744 1584 784 Qinquaginta
1599 742 1765 782 Peregrinos
1777 752 1806 772 ln
1823 741 1906 773 Navi
1921 743 1965 774 sua
1979 745 2112 782 praedicta
2129 746 2270 786 recipere,
2289 747 2323 777 &
2339 757 2387 778 eos
2402 762 2448 790 25.

1322 784 1414 814 versus
1432 782 1572 813 SancCtum
1582 780 1730 820 Jacobum
1744 781 1866 812 Galiciae
1882 781 1986 812 ducere
2002 780 2087 819 poffit
2099 783 2186 814 libere
2201 785 2235 816 &
2248 785 2389 824 impune,

1323 822 1356 852 ali
1378 823 1459 852 uibus
1475 820 1725 859 Ordinationibus,
1744 821 1774 850 in
1788 820 1963 850 contrarium
1978 820 2076 858 fastis,
2092 831 2153 852 non
2165 822 2362 864 obstantibus,

1397 870 1445 891 um
1462 869 1556 890 tamen
1571 859 1715 898 Peregrini
1729 859 1769 889 illi
1785 859 1820 889 de
1834 858 1967 888 Amicitia
1981 858 2015 889 &
2030 857 2201 892 obedientia
2220 862 2320 893 nostris
2337 873 2387 894 ex-

1323 899 1423 937 istant,
1440 899 1473 929 &
1487 897 1568 937 quod
1583 897 1694 929 Aurum
1707 898 1753 929 vel
1770 897 1950 936 Argentum,
1968 897 1997 926 in
2014 896 2106 928 Maffa
2117 898 2161 928 seu
2177 899 2317 946 Moneta,
2334 912 2388 933 co-

1322 937 1382 967 lore
1405 936 1545 975 praesentis
1558 936 1698 968 Licentiae
1718 935 1824 967 nostrae
1841 958 1851 975 ,
1877 944 1976 966 contra
1997 934 2106 967 Statura
2130 937 2165 968 &
2188 937 2388 972 Ordinationes

1321 975 1419 1014 Regni
1433 974 1537 1020 nostri,
1553 974 1650 1006 secum
1664 984 1725 1006 non
1739 974 1865 1006 deferant
1878 974 1980 1013 quovis
1996 973 2098 1006 modo.

1356 1013 1489 1083 infeli?
1497 1013 1586 1091 ἓξὲξ.
1592 1050 1667 1090 apud
1683 1050 1959 1092 Westmonasterium,
1974 1051 2094 1084 oetavo
2109 1051 2154 1084 die
2165 1052 2254 1093 Junii.

1500 1186 1560 1218 Pro
1583 1184 1754 1215 Secretario
1776 1180 1965 1227 Adversarii
1987 1180 2024 1215 de
2047 1185 2190 1220 Francia.

1325 1267 1452 1338 RI÷X
1468 1268 1618 1300 Univerfis
1640 1270 1675 1300 &
1691 1267 1802 1308 singulis
1821 1267 2002 1306 Admirallis,
2016 1268 2079 1300 &c-
2094 1268 2130 1300 ad
2150 1278 2238 1310 quos,
2254 1271 2315 1304 &c.
2339 1272 2390 1305 Sa·
2403 1285 2471 1318 Am,
2495 1286 2528 1318 D
2553 1279 2555 1281 '

1413 1317 1500 1339 utem.
2475 1311 2481 1316 “
2527 1309 2535 1318 ’

1358 1344 1456 1378 Sciatis
1474 1345 1555 1385 quod
1570 1345 1637 1377 Nos
1655 1345 1842 1384 suscepimus,
1859 1345 1894 1377 &
1953 1356 1967 1376 r
1984 1345 2136 1378 Praesentae
2154 1347 2332 1388 suscipimus,
2357 1351 2388 1382 in
2402 1335 2514 1392 A¹4¹4'

1321 1381 1428 1415 salvum
1450 1386 1484 1417 &
1507 1386 1634 1416 securum
1655 1384 1846 1416 ConduCtum
1869 1355 2014 1423 οοίῗῐευω,
2038 1395 2072 1416 ac
2093 1386 2124 1415 in
2150 1385 2388 1428 Protefflonem,
2403 1376 2454 1431 Hn.
2470 1375 2499 1394 ²⁶

1321 1421 1492 1454 Tuirionem
1529 1424 1563 1455 ὃ(
1581 1422 1789 1455 Defenfionem
1807 1422 1915 1454 nostras
1937 1423 2083 1463 speciales,
2103 1423 2274 1464 Magistrum
2289 1430 2392 1457 Goute-
2432 1426 2438 1431 '
2448 1413 2494 1471 ἶ)

1321 1470 1381 1491 rum
1398 1461 1467 1493 Colli
1486 1447 1689 1493 Oonfiliarium
1709 1462 1748 1506 &.
1758 1461 1954 1506 Secretarium·
1961 1461 2134 1506 Adversarii
2148 1463 2230 1503 nestri
2247 1467 2390 1505 Franciae,
2433 1445 2448 1469 1
2464 1452 2471 1468 ¹
2492 1463 2499 1471 ’

1321 1500 1362 1530 ob
1374 1509 1462 1532 certas
1480 1500 1582 1532 Causas
1595 1501 1630 1532 &
1645 1499 1796 1539 Materias,
1815 1509 2002 1532 reverentiam
2016 1500 2076 1531 Det
2090 1502 2124 1532 &
2139 1504 2324 1535 evitationem
2345 1505 2389 1535 ef·

1321 1539 1435 1570 fusionis
1447 1539 1600 1577 Sanguinis
1613 1539 1730 1570 humani
1749 1540 1864 1570 notorie
1885 1548 2108 1578 concernentes,
2125 1540 2313 1581 destinatum,
2327 1543 2390 1581 jam

1321 1578 1391 1608 infra
1413 1577 1550 1618 Regnum
1571 1577 1703 1609 nostrum
1727 1576 1840 1617 Angliae
1865 1578 2056 1617 existentem,
2080 1580 2114 1610 &
2135 1580 2228 1610 versus
2252 1579 2390 1620 Regnum

1321 1615 1466 1655 Franciae,
1483 1627 1552 1648 curn
1575 1616 1806 1655 Qatuordecim
1824 1616 1969 1655 Personis,
1986 1615 2168 1656 Equestribus
2190 1618 2234 1649 vel
2251 1617 2391 1651 Pedestri-

1321 1655 1390 1693 bus,
1410 1656 1438 1685 in
1463 1654 1613 1687 Comitiva
1632 1654 1695 1693 sua,
1711 1654 1839 1686 Armatis
1854 1654 1902 1686 vel
1921 1664 1983 1685 non
2004 1655 2144 1695 Armatis,
2160 1655 2188 1687 se
2206 1657 2391 1696 divertendo,

1321 1693 1484 1732 morando,
1500 1693 1688 1733 quiescendo,
1709 1692 1895 1732 transeundo,
1920 1694 1954 1726 &
1978 1693 2143 1733 redeundo,
2160 1703 2219 1726 tam
2238 1705 2289 1734 per
2310 1697 2388 1728 Ter-

1321 1742 1399 1770 ram,
1436 1733 1502 1778 uam
1519 1742 1568 1773 per
1584 1731 1685 1770 Mare,
1700 1731 1809 1776 libere,
1825 1733 1906 1770 tute,
1922 1733 1957 1763 &
1977 1731 2093 1771 secure,
2110 1742 2161 1771 per
2182 1743 2285 1766 omnes
2306 1734 2392 1767 Civi-

1321 1778 1408 1840 {seii
1425 1769 2391 1857 Afflssirzfiss‘imffiffispfflgssigssfissqffisse‘ffssssfffflqffignss}

1321 1858 1389 1879 cum
1406 1858 1504 1880 eorum
1521 1848 1622 1889 Equis,
1639 1846 1809 1891 Hernesnrs,
1827 1845 1931 1890 Bonis,
1947 1847 2045 1886 Auro,
2063 1847 2210 1888 Argento,
2225 1849 2392 1891 jocalibus,

1322 1887 1429 1926 Libris,
1448 1887 1565 1925 Literis,
1582 1887 1616 1918 δε
1632 1886 1747 1917 Catallis
1758 1886 1812 1916 suis
1826 1885 2071 1925 quibuscumque,
2112 1916 2115 1920 ,

1358 1925 1396 1957 Et
1413 1926 1478 1957 ideo
1494 1927 1596 1964 vobis,
1613 1926 1647 1957 &
1664 1923 1793 1956 vestrum
1809 1923 1940 1961 cuilibet,
1976 1933 2041 1956 rout
2062 1923 2097 1955 ad
2119 1934 2186 1956 eum
2207 1927 2392 1968 pertinueritg

1322 1963 1441 1995 Tenore
1454 1964 1654 2002 Praesentium‚
1672 1963 1859 2000 Praecipirnus
1874 1963 1907 1994 &
1961 1963 2113 2002 andamus,
2130 1963 2284 1997 districtius
2296 1965 2394 2006 Injun-

1322 2011 1432 2042 gentes,
1452 2004 1584 2043 quatinus
1599 2001 1723 2034 eundem
1744 2001 1917 2041 Magistrum
1933 2004 2097 2046 Generum,
2115 2001 2270 2036 Praesentes
2285 2004 2394 2038 Literas

1323 2042 1446 2081 nostras,
1474 2043 1519 2074 vel
1541 2041 1570 2072 V
1582 2050 1646 2072 11³1
1657 2049 1739 2072 mus
1756 2040 1919 2071 earumdem
1938 2040 1989 2071 sub
2009 2039 2110 2079 Sigillo
2129 2044 2293 2083 autentico,
2309 2045 2395 2076 vobis

1323 2081 1520 2120 exhibentem,
1537 2079 1599 2116 &aa
1613 2087 1696 2119 prout
1712 2083 1742 2110 in
1759 2078 1883 2118 ejusmodi
1898 2079 1930 2109 de
1947 2079 2084 2109 conductu
2100 2082 2214 2111 Literis.

1361 2119 1395 2149 In
1410 2130 1532 2159 quorum
1548 2120 1680 2150 omnium
1698 2117 1976 2156 testimonium-ipsas
1992 2117 2100 2149 nostras
2114 2118 2269 2152 Praesentee
2282 2120 2389 2154 Literas

1321 2157 1381 2189 fieri
1394 2159 1511 2189 fecimus
1530 2158 1673 2196 Patentes,
1690 2157 1725 2189 δε
1739 2156 1768 2188 S'
1789 2156 1826 2186 illi
1841 2155 1930 2186 nostri
1942 2157 2102 2188 munimine
2117 2158 2253 2190 roborari.

1359 2196 1428 2229 Dat.
1442 2198 1473 2228 in
1488 2195 1599 2228 Palatio
1615 2199 1694 2236 Regis
1708 2196 1757 2226 W
1881 2198 1931 2226 erii
1942 2194 2116 2227 Undecimo
2129 2196 2175 2228 die
2187 2196 2280 2236 Junii.

1948 2274 2002 2304 Per
2017 2272 2102 2313 ipsimi
2119 2276 2225 2314 Regem.

1356 2352 1508 2394 Confimiles
1526 2354 1638 2384 Literas
1653 2353 1731 2391 Regis
1751 2351 1783 2382 de
1794 2350 1881 2392 salvo
1898 2351 2037 2382 Conduezu
2052 2351 2136 2382 habet
2149 2350 2295 2390 Johannae
2310 2351 2387 2386 Lau-

1319 2401 1380 2424 nart
1395 2391 1576 2432 Domicellus,
1587 2399 1638 2431 per
1655 2392 1725 2422 idem
1743 2398 1844 2430 tempus
1864 2391 2031 2430 duraturas,
2040 2390 2095 2431 fieb
2112 2391 2204 2442 eadem
2221 2393 2313 2421 Data.

1907 2512 1914 2515 ³
1954 2468 2008 2497 Per
2022 2464 2106 2506 ipfiam
2122 2470 2228 2505 Regem.

1364 2607 1392 2634 ἐ*
1414 2612 1462 2643 De
1478 2609 1700 2657 fhpervidendo
1721 2612 1905 2643 Executores
1926 2604 2104 2651 Testamenti
2126 2618 2219 2656 nuper
2238 2611 2338 2657 Regis·
2399 2621 2419 2642 ‚¹
2441 2624 2493 2654 IX·

1316 2693 1436 2752 REX
1447 2694 1623 2739 anstws,
1641 2693 1676 2725 ad
1695 2702 1784 2734 quos,
1799 2691 2012 2726 &c.Sa1utern.
2396 2670 2474 2730 ffi-
2489 2699 2529 2733 D.

1407 2733 1504 2764 Sciatis
1522 2733 1618 2771 quod,
2417 2746 2504 2778 1414.

1353 2770 1435 2802 Cum
1450 2794 1459 2810 ,
1491 2771 1651 2802 recolendae
1668 2770 1833 2809 memoriae,
1861 2768 2008 2802 Dominus
2029 2772 2161 2808 Hernicus
2174 2794 2185 2810 ,
2209 2777 2293 2810 mer
2319 2772 2380 2801 Rex
2395 2779 2447 2805 An.
2466 2787 2495 2807 2.

1317 2809 1449 2848 Angliae,
1467 2808 1550 2840 Pater
1563 2809 1658 2840 noster
1668 2831 1678 2847 ,
1696 2810 1824 2847 cogitans
1837 2808 1914 2839 diem
1930 2808 2019 2840 exitiis
2029 2808 2077 2846 su'g
2086 2810 2328 2849 appropinquare,
2346 2819 2379 2840 ac
2397 2819 2433 2842 H.
2445 2824 2474 2851 5.

1317 2851 1362 2886 pie
1378 2848 1544 2892 desiderans,
1563 2847 1633 2879 dum
1646 2847 1739 2879 adhuc
1756 2858 1770 2878 a
1790 2855 1848 2878 eret
1868 2849 1896 2878 in
1911 2846 2071 2887 Humanis,
2089 2849 2231 2886 praecipue
2247 2846 2382 2887 Pauperi·
2396 2857 2456 2882 Par.
2476 2862 2503 2881 2.

1318 2888 1370 2918 bus
1393 2887 1486 2926 Ligeis
1501 2887 1567 2925 suis,
1587 2887 1689 2925 quibus
1709 2887 1739 2916 in
1780 2886 1872 2917 iverfis
1886 2885 2073 2917 Pecuniarum
2093 2886 2218 2917 Summis
2228 2894 2288 2917 erat
2301 2886 2382 2917 astri·
2396 2896 2430 2920 H,
2445 2901 2473 2928 5,
2529 2901 2533 2905 Δ

1317 2926 1396 2964 dtus,
1416 2925 1583 2969 satisfacere,
1601 2926 1634 2956 &
1648 2925 1708 2956 aliis
1721 2923 1836 2956 Pietatis
1855 2924 1999 2965 Operibus
2013 2923 2089 2954 saluti
2110 2924 2227 2956 Animae
2240 2924 2297 2956 suae
2313 2925 2384 2957 salu·
2396 2937 2420 2969 p.
2442 2929 2466 2958 ι’.
2491 2939 2528 2959 m.

1317 2965 1405 2995 briter
1417 2964 1582 3003 providere,
1601 2963 1826 2995 Testamentum
1842 2961 1921 2994 suum
1935 2961 2110 3001 condiderit,
2399 2979 2447 2998 20,

1354 3002 1387 3033 In
1401 3013 1474 3041 quo,
1493 3003 1529 3032 de
1544 3000 1630 3033 Bonis
1642 3004 1675 3033 &
1692 3001 1805 3032 Catallis
1820 3001 1891 3039 suis,
1909 3000 1959 3030 sibi
1978 3001 1994 3031 a
2016 3000 2085 3031 Deo
2101 3000 2229 3040 collatis,
2246 3000 2384 3032 Credito-

1323 3042 1398 3072 ribus
1413 3042 1462 3072 suis
1474 3042 1571 3080 primo
1587 3040 1724 3079 satisfieri,
1740 3038 1801 3074 &a
1813 3046 1896 3077 prout
1907 3036 1993 3078 supra
2014 3039 2047 3069 de
2064 3041 2146 3070 Data
2170 3049 2216 3079 15.
2238 3039 2281 3070 die
2295 3042 2387 3080 Maii,

1317 3079 1500 3156 ηνΙὶξῐῙεὲἲεῃπ
1521 3128 1576 3162 pro
1597 3127 1633 3148 eo
1646 3115 1728 3156 quod
1749 3115 1825 3146 circa
1844 3113 2024 3153 Supervisum
2043 3116 2214 3154 praedictum
2236 3117 2384 3149 intendere

1319 3157 1625 3232 nochggtFrscleslimte,
1643 3192 1677 3223 &
1691 3191 1962 3232 circumspectione,
1980 3191 2195 3224 Venerabilium
2217 3194 2247 3224 in
2263 3192 2383 3225 Christo

1283 3225 1286 3227 Α
1320 3232 1435 3264 Parrum
1449 3255 1458 3270 ‚
1482 3235 1593 3262 Hem-ici
1618 3230 1747 3270 Archiepi
1761 3235 1814 3276 cqpi
1832 3230 2052 3271 Cantuarienfis,
2071 3241 2104 3263 ac
2126 3234 2239 3263 Henrici
2262 3231 2385 3272 Eptfiopi

224 3273 504 3344 ΚΕῑΞζΠῖΒΠεᾶο
521 3274 637 3306 Clerico
649 3274 767 3313 nostro,
786 3274 928 3314 Magistro
949 3273 1056 3305 Thomae
1070 3273 1184 3313 Polton,
1202 3274 1284 3305 Salu-

256 3350 304 3381 Te
332 3351 379 3387 (de
400 3351 480 3388 cujus
499 3350 692 3388 Discretione,
717 3348 878 3390 Fidel‘itate,
903 3351 937 3382 δε
962 3350 1099 3381 Industria
1123 3351 1234 3389 plenam
1254 3352 1284 3380 in

223 3387 359 3420 Domino
373 3388 506 3419 fiduciam
521 3389 694 3426 optinemus)
713 3389 747 3418 ad
762 3389 1011 3428 Prosequendum,
1028 3391 1058 3420 in
1073 3389 1207 3420 Romana
1222 3388 1284 3419 Cu-

1321 3270 1513 3312 Wyntonienfis
1533 3269 1677 3301 Avunculi
1691 3279 1730 3300 no
1757 3280 1796 3308 ri,
1818 3269 1928 3308 plenius
1941 3269 2133 3310 confidentes,

1319 3309 1567 3387 riessgiffngcviaus
1582 3308 1832 3346 &Deputavimus
1846 3308 1994 3348 praefatos,
2011 3306 2143 3347 Archiepi
2155 3315 2242 3346 coprem
2259 3311 2384 3339 cantua-

1543 3347 1656 3416 l¹fi⁰P¹¹m
1673 3348 1889 3386 wyntoniensem
1906 3346 2064 3384 Deputatos
2084 3356 2124 3377 no
2162 3356 2211 3384 os,
2227 3347 2261 3378 ad
2281 3356 2383 3377 omnes

1318 3388 1353 3418 &
1369 3386 1487 3422 lingulas
1502 3386 1542 3416 So
1554 3387 1663 3417 utionoe

1721 3395 1751 3416 er
1763 3385 1837 3425 ipsos
1861 3384 2095 3424 Archiepifiopum
2117 3383 2253 3422 Eborum,
2271 3383 2382 3427 Eptfio-

223 3428 278 3466 ria,
297 3437 350 3472 pro
366 3427 464 3457 Nobis
478 3428 510 3458 &
525 3427 659 3457 Nomine
677 3427 792 3466 nostro,
814 3427 1015 3458 promotiones
1032 3437 1281 3465 quorumcumque
1312 3434 1377 3464 pum
1394 3423 1616 3468 Duaolmensbm,
1631 3395 1810 3469 inialx'mem
1827 3422 2012 3492 pober-tuma
2029 3423 2063 3454 &
2080 3421 2262 3490 chhartiinetg,
2274 3431 2311 3491 ff
2328 3423 2382 3454 hac

224 3466 407 3543 32¹5&
419 3466 593 3542 ‘Sssstfflffi
607 3465 1002 3542 ssefssgfffiffitffisshfflfssffsss
1010 3474 1074 3542 ,Ρὲἓέ
1085 3475 1285 3544 ῑὲἶέἒῗῐὲιεέῗῖ
1319 3463 1565 3539 ἣὲἑὲῗῑὲἓὲῗῑὲῗὲῖῗ
1574 3472 1700 3538 ἕξεᾙὲἓ
1710 3462 2383 3540 ffliisspysssszvssffi?aasabim&

222 3553 298 3574 mare
315 3542 487 3574 intendimus
501 3543 675 3579 temporibus
689 3543 852 3580 oportunis,

1311 3540 1341 3581 fi
1348 3563 1357 3581 ,
1374 3538 1505 3578 'Johanni
1515 3563 1524 3577 ,
1538 3539 1656 3569 Roberto
1667 3562 1676 3578 ,
1695 3539 1729 3570 &
1742 3538 1890 3578 Johanni,
1907 3539 1936 3568 in
1951 3538 2004 3569 hac
2019 3543 2096 3576 parte
2111 3534 2273 3568 necessarias
2293 3537 2327 3570 &

2345 3547 2380 3569 0-

258 3581 389 3612 Necnon
409 3580 443 3611 ad
466 3580 650 3618 Gerendum,
675 3580 911 3619 Excercendum,
935 3580 970 3610 &
991 3580 1210 3618 Expediendum
1232 3581 1283 3611 alia
1321 3587 1470 3622 porruuas,
1489 3578 1539 3609 sub
1553 3578 1655 3618 Sigillis
1670 3577 1722 3609 suis
1731 3576 1899 3609 faciendum.

223 3620 356 3657 Negotia
367 3618 459 3650 nostra
473 3628 680 3658 quaecumque,
695 3618 769 3656 apud
785 3618 888 3649 Sedem
910 3618 1109 3656 Apostolicam
1124 3621 1142 3638 *
1158 3629 1285 3658 quomo-

224 3659 333 3689 dolibet
347 3658 532 3697 emergentia,
551 3665 620 3686 curn
642 3655 785 3687 Potestate
804 3657 958 3687 inducendi
972 3658 1161 3695 quascumque
1176 3658 1286 3688 Pr'oba-

225 3698 316 3728 tiones
330 3697 468 3736 requisitas
483 3696 511 3725 in
526 3696 588 3725 hoc*
600 3693 673 3724 Casu
682 3717 691 3730 ‚

263 3734 408 3766 Nostrum
430 3743 552 3771 verum,
569 3733 744 3771 legitimum,
763 3733 797 3764 δε
819 3732 1005 3763 indubitatum
1031 3733 1285 3772 Ambaffiatorem,

224 3773 461 3811 Procuratorem,
480 3771 636 3809 Adtorem,
652 3770 801 3800 Factorem
838 3770 1034 3809 Negotiorum
1060 3771 1230 3810 Gestorem,
1248 3772 1283 3802 ὃς

227 3810 379 3876 Ιῦἶυηείωη
394 3811 543 3849 specialem
565 3808 789 3847 Constituimus,
806 3793 1001 3845 i’raefictmus,
1018 3811 1051 3840 δε
1079 3809 1215 3841 Creamus
1236 3819 1286 3848 per

254 3851 378 3879 neferites

263 3873 441 3924 Injunger'ites
455 3886 570 3917 firmiter
584 3886 617 3917 &
633 3885 804 3916 Mandantes
815 3884 1038 3923 quibuscumque
1056 3886 1150 3925 Ligeis
1165 3884 1285 3923 nostris,

225 3925 299 3960 apud
314 3925 415 3954 Sedem
432 3925 550 3955 eandem
567 3934 619 3962 pro
641 3934 770 3964 tompore
792 3922 970 3953 existentibus
991 3925 1207 3964 (cujuscumque
1221 3924 1284 3954 Sta-

224 3965 285 3999 tus,
302 3961 435 3999 Gradus,
456 3963 509 3992 live
531 3961 714 3993 Conditionis
735 3961 864 3992 existant»
884 3963 1011 3999 quatinus
1025 3962 1112 4001 Tibi,
1132 3965 1161 3993 in
1181 3972 1283 3993 execu-

223 4002 302 4030 tione
318 3998 545 4040 Praemill'orum,
564 4010 631 4030 cum
647 4001 698 4031 suis
711 4001 779 4031 sanis
795 3998 940 4037 Consiliis,
958 4000 1091 4040 Auxiliis‚
1111 4003 1144 4034 &
1164 4001 1282 4033 Favori-

225 4039 294 4076 bus,
311 4038 491 4069 effectualiter
507 4039 639 4069 obediant
653 4040 686 4071 ὃς
700 4037 844 4070 intendant
859 4047 941 4075 prout
956 4038 1047 4069 decet.

1358 3616 1487 3686 1Πέἓέξέ
1494 3617 1584 3695 'Rffgce
1595 3654 1669 3696 apud
1684 3651 1957 3694 Westmonasterium,
1970 3650 2084 3702 decimo
2099 3650 2176 3680 sexto
2189 3649 2235 3681 die
2243 3650 2332 3690 Junii.

1972 3727 2027 3758 Per
2043 3725 2126 3766 ipfinn
2141 3728 2246 3766 Regem.

2316 4079 2384 4107 Pro·
