2562 4274
166 114 247 154 κῆ

22 188 102 222 nnn.
115 184 159 216 D.

57 224 144 264 1416.

29 269 95 295 Hm.
111 273 140 300 5.

280 274 330 306 De
348 269 517 306 Tmfbando
525 269 616 316 fitper
635 269 762 315 Tieugis
782 264 930 300 Flandriae
948 259 1157 310 Prorogana'is.

28 369 164 403 ‹Anu-D,
186 358 319 414 REX
336 356 506 395 Omnibus,
533 354 568 385 ad
595 364 667 393 quos
692 352 796 385 nostrae
821 351 973 382 Praesentes
999 350 1104 381 Literae
1129 356 1252 385 pevene-

55 410 143 448 1416.
261 400 317 428 rint
326 420 340 441 ¹,
367 396 491 440 Salutem
507 417 515 432 ,
533 395 566 424 &
587 393 689 438 Fidem
706 392 853 435 indubiam
875 390 1055 420 Praesentibus
1073 386 1215 416 adhibere.

28 451 82 478 Aa,
100 457 126 483 3·
220 437 267 486 ᾼά
283 434 465 467 universitatis
474 432 575 464 vestrae
593 441 727 464 notitiam
738 430 841 462 deduci
855 430 1006 465 volumus,
1024 437 1073 465 per
1086 424 1256 462 praesentes,

31 492 133 555 Ηίρῖζι,
183 476 304 546 qugl't’m
316 521 403 544 certae
419 510 613 548 Sufferentiae,
629 510 772 549 Treugae,
790 506 987 542 Provffiones,
1005 504 1050 535 seu
1066 501 1256 535 Abstinentiae

182 557 274 592 inter,
290 553 366 584 divae
382 550 721 589 memoriae,Dominum
737 548 770 579 &
785 548 898 576 Patrem
911 542 1043 582 nostrum,
1061 552 1149 580 nuper
1160 545 1257 578 Regem

183 593 317 631 Angliae,
335 590 522 628 defuneturn,
541 599 595 627 pro
610 597 686 626 parte
701 587 765 624 sua,
783 586 816 615 &
838 582 996 622 Johannem
1015 585 1117 611 Ducem
1131 583 1258 617 Burgun-

183 634 236 663 diae
252 655 262 670 ,
279 630 430 662 Comitem
455 628 593 659 Flandriae
606 651 616 666 ,
633 624 889 661 consanguineum
910 620 1043 651 nostrum
1061 643 1071 659 ,
1089 621 1123 652 &
1143 619 1204 649 illos
1222 617 1258 648 de

183 672 309 711 partibus
325 668 482 706 Flandriae,
892 700 896 705 Ι
938 699 943 704 ·

224 710 251 741 A
268 707 498 747 Quintodecitno
514 705 560 735 die
572 704 670 743 Junii,
690 702 775 733 Anno
799 700 899 737 Regni
919 697 1042 737 ejusdem
1066 699 1162 726 Patris
1178 694 1259 734 nostri

186 748 394 785 Duodecimo,
412 746 496 785 usque
512 744 547 774 ad
561 744 737 774 Terminum
755 739 894 779 Quinque
902 737 1186 776 Annorum2e><tunc
1194 744 1260 772 pro·

187 789 269 818 ximo
283 786 459 824 sequentium
474 783 611 813 duraturae
620 805 630 820 ,

224 825 308 896 ἐξῆπτε
327 826 360 856 &
377 832 468 862 captae
487 821 624 860 existant,

250 865 294 894 los

226 903 275 933 De
290 887 433 938 fi'delitate,
451 895 763 937 circumspectione&
779 893 872 925 instria
881 916 892 935 ,-
907 892 1075 923 dilectorum
1088 890 1121 921 &
1137 888 1262 933 fidelium

188 941 369 978 nostrorum,
390 938 521 978 Magistri
536 937 652 975 Philippi
667 938 786 972 Murgan
803 934 939 969 utrimque
950 931 1024 969 Juris
1038 929 1194 965 Doetoris,
1206 926 1263 971 Ja-

188 980 289 1010 hminis·⁴
312 977 422 1009 chirche
448 975 681 1007 Locumtenentis
704 971 825 1010 Stapulae
848 971 953 1000 nostrae
977 967 1079 1011 Calesii
1094 990 1103 1006 ‚
1118 965 1261 1005 Johanms

190 1017 297 1049 Michel
309 1017 390 1047 Civis
404 1017 438 1047 &
457 1014 640 1046 Alderinanni
658 1011 790 1042 Civitatis
803 1008 910 1039 nostrae
925 1007 1087 1039 Londoniae
1100 1006 1134 1037 ὅτ.
1147 1003 1262 1044 Johan-

190 1061 231 1088 m's
247 1057 405 1095 Pykeryng,
425 1055 458 1085 «Sc
471 1063 573 1084 eorum
588 1050 752 1090 cujussibet,
771 1048 882 1086 plenius
895 1045 1086 1083 confidentes,
1172 1082 1177 1087 θ

227 1095 294 1132 Iplis
312 1095 458 1133 Quatuor,
477 1091 655 1128 Tribus,aut
671 1088 794 1119 Duobus
807 1085 976 1117 eorumdem
997 1088 1137 1122 (quorum
1150 1081 1262 1112 dffltum

190 1133 366 1171 Magistrum
382 1130 548 1168 Philippum
566 1139 654 1160 unum
678 1128 734 1158 effe
758 1124 908 1161 volumus)
930 1123 1071 1154 Dedimus
1083 1145 1092 1160 ,
1110 1118 1262 1163 Concessi-

190 1183 254 1204 mus
270 1195 280 1211 ,
297 1172 330 1202 &
353 1169 575 1206 Commifimus,
593 1178 625 1198 ac
651 1166 762 1197 Damus
775 1187 785 1203 ,
805 1162 1022 1200 Concedimus,
1041 1162 1074 1192 &
1090 1159 1262 1203 Committi-

190 1222 272 1250 mus,
291 1220 339 1248 per
354 1208 506 1239 Praesentes
519 1229 529 1245 ,
546 1207 734 1238 sufficientem
749 1202 957 1234 Auctoritatem
973 1225 982 1239 ,
1000 1201 1168 1239 plenamque
1180 1207 1213 1228 ac
1229 1198 1263 1228 li-

191 1251 288 1282 beram
305 1247 476 1279 Potestatem
489 1269 500 1285 ,
519 1248 552 1276 &
569 1245 738 1276 Mandatum
754 1241 884 1279 generale
894 1263 904 1279 ,
922 1250 974 1278 pro
987 1239 1087 1271 Nobis
1101 1239 1135 1269 &
1152 1236 1263 1268 Nomi-

190 1299 229 1320 ne
243 1287 340 1318 nostro
350 1310 360 1326 ,
383 1287 472 1317 dietas
492 1283 673 1316 Suffcrentias
684 1305 695 1321 ,
711 1281 843 1317 Treugas
855 1303 866 1318 ,
880 1279 1058 1310 Provisiones
1071 1300 1081 1316 ,
1097 1276 1142 1307 seu
1165 1274 1263 1320 Absti-

191 1328 318 1365 nentias,
336 1326 370 1356 ad
385 1325 564 1356 Terminum
579 1330 790 1361 quemcumque
805 1319 966 1356 longiorem
976 1340 986 1357 ,
1005 1317 1074 1347 ultra
1085 1316 1262 1346 Terminum

191 1366 313 1405 superius
328 1365 481 1395 limitatum
497 1364 531 1394 ὃς
549 1361 694 1400 praefixum
710 1382 720 1398 ,
739 1368 792 1397 pro
814 1358 969 1388 Securitate
992 1353 1237 1386 Mercandisarum
1254 1375 1263 1391 ,

191 1407 263 1436 inter
279 1403 346 1434 Nos
362 1404 393 1434 sc
410 1402 551 1437 Regnum
566 1400 696 1431 nostrum
710 1398 839 1436 Angliae,
857 1396 976 1433 Terras,
995 1392 1263 1430 Dominia,&Lo-

191 1454 226 1474 cs
242 1444 291 1474 alia
307 1443 406 1473 Nobis
420 1440 536 1471 Subdita
546 1462 555 1477 ,
573 1441 606 1471 ὃς
620 1438 781 1477 Jolmnnem
796 1438 897 1466 Ducem
906 1432 1092 1470 Burgundiae,
1111 1430 1263 1462 Comitem

191 1483 216 1514 F
218 1482 332 1513 iandriae
345 1504 354 1518 ,
372 1479 623 1518 Consanguineum
641 1476 771 1507 nostrum
786 1496 796 1512 ,
815 1483 848 1504 ac
870 1473 963 1504 Partes
981 1470 1118 1502 Flandriae
1131 1493 1141 1509 ,
1160 1468 1264 1500 Conti-

192 1520 298 1553 nuandi
313 1521 345 1551 δε
362 1517 560 1555 Prorogandi,

231 1559 285 1596 Et,
304 1559 322 1588 fi
339 1568 393 1596 qua
411 1557 502 1587 Verba
518 1555 562 1585 seu
579 1553 714 1584 Clausulte
729 1560 920 1590 quaecumque
932 1550 962 1579 in
976 1548 1115 1586 praediffis
1124 1545 1265 1578 Sufferen-

191 1599 254 1637 tiis,
272 1598 394 1634 'i'reugis
410 1618 420 1634 ,
440 1594 649 1625 Provisionibus
662 1615 671 1630 ,
689 1591 732 1622 seu
750 1590 935 1620 Abstinentiis
953 1588 1127 1617 inveniantur
1149 1585 1264 1627 Dubia,

191 1636 342 1673 Obscura,
361 1635 414 1664 sive
431 1634 577 1669 Ambigua
594 1654 603 1669 ,
621 1641 653 1661 ea
672 1627 874 1666 Interprctundi
889 1651 899 1666 ,
916 1626 1083 1657 Declarandi
1099 1648 1108 1663 ,
1119 1625 1158 1667 ⁴&
1173 1626 1266 1654 conii·

195 1677 294 1707 milern
318 1673 578 1710 interpretationem
594 1671 637 1701 seu
654 1668 886 1700 Declarationem
902 1667 917 1696 a
930 1665 1010 1696 Parte
1025 1664 1137 1696 adversa
1151 1661 1264 1693 Petendi

195 1715 229 1746 &
251 1713 425 1748 Obtincndi,

235 1753 281 1783 Ac
298 1752 384 1781 exiam
401 1750 475 1780 de&
486 1749 564 1787 super
580 1747 721 1778 diCtarum
738 1739 1268 1779 sufferentiarum‚Treuearumfflrm

197 1792 338 1822 visionum
348 1813 356 1829 ,
371 1789 414 1819 scu
426 1787 665 1819 Abstinentiarum
674 1784 902 1820 Violationibus,
920 1791 953 1811 ac
967 1792 1063 1812 earum
1073 1779 1268 1810 Reformatio—

196 1831 278 1861 nibus
288 1853 297 1868 ,
311 1839 343 1860 ac
368 1836 466 1858 contra
479 1836 572 1857 earum
592 1825 731 1861 formam,
747 1823 794 1853 seu
809 1821 891 1859 alias,
909 1819 1009 1858 injuste
1025 1820 1268 1856 Attemptatorutn

196 1867 432 1906 Reparationibus
446 1866 478 1896 ὃ(
494 1864 631 1895 Emendis
647 1885 657 1901 ,
675 1861 783 1893 Dandis
794 1883 804 1898 ,
829 1860 853 1890 F
854 1859 977 1890 aciendis
989 1883 998 1896 ,
1017 1860 1051 1890 &
1067 1856 1270 1895 Recipiendis,

217 1906 418 1945 uibuscumque
437 1905 526 1935 Locis
546 1905 580 1935 &
599 1901 774 1939 temporibus
787 1899 1028 1936 oportunis,cum
1042 1897 1124 1927 disto
1133 1896 1270 1927 Domino

194 1918 302 1982 ibimet,
321 1944 542 1983 Con-sanguineo
557 1940 724 1978 nostro,seu
737 1939 796 1977 ejus
807 1936 976 1968 sufficienter
991 1935 1139 1973 Deputatis
1152 1934 1198 1965 vel
1206 1934 1270 1964 De-

194 1984 324 2022 putandis
346 1985 375 2014 in
397 1983 450 2012 hac
472 1991 546 2019 parte
562 2003 571 2018 ,
591 1977 792 2009 Conveniendi
807 1998 817 2014 ,
834 1974 990 2006 Tractandi
1006 1997 1016 2012 ,
1041 1973 1270 2011 Componendi,

191 2022 372 2060 Paciscendi,
390 2019 587 2059 Traniigendi,
603 2015 813 2054 Sententiandi,
827 2012 1031 2052 Praecipiendi,
1050 2012 1169 2043 finaliter
1186 2011 1270 2042 Con-

190 2061 328 2093 cordandi
357 2061 390 2092 &
425 2057 646 2099 Concludendi,

230 2101 249 2121 ⁴¹¹
271 2100 416 2137 Necnon,
435 2098 454 2128 si
467 2097 577 2128 necesse
592 2096 688 2131 fuerit,
707 2104 794 2124 novas
817 2092 1014 2130 Sufferentias,
1032 2091 1178 2132 Treugas,
1194 2089 1270 2121 Tol-

192 2140 319 2172 lerantias
330 2162 340 2178 ‚
359 2136 534 2168 provisiones
546 2159 556 2175 ,
573 2135 617 2165 seu
641 2133 832 2165 Abstinentias
847 2155 856 2170 ,
876 2131 1015 2168 generales
1030 2153 1040 2169 ,
1058 2130 1185 2170 speciales
1200 2151 1210 2167 ,
1224 2129 1270 2160 seu

194 2177 370 2218 particulares
384 2201 393 2214 ,
412 2185 472 2207 tam
491 2185 539 2213 per
560 2174 683 2204 Terram
699 2195 708 2210 ,
729 2172 843 2210 Aquam
858 2193 868 2208 ,
887 2172 972 2208 quam
988 2180 1037 2208 per
1052 2169 1153 2206 Mare,
1174 2167 1272 2205 simul,

196 2218 244 2250 vel
259 2217 402 2255 separatim
417 2238 428 2253 ,
448 2214 613 2245 melioribus
631 2213 681 2241 viis
699 2234 708 2249 ,
727 2210 817 2240 modo
833 2232 843 2248 ,
861 2209 894 2240 &
909 2209 1003 2239 forma
1018 2209 1118 2246 quibus
1133 2208 1194 2238 fieri
1208 2208 1271 2246 poi-

198 2256 250 2294 fit,
264 2255 374 2286 tamdiu
388 2255 421 2286 &
437 2261 515 2284 tanto
529 2261 662 2289 tempore
676 2249 817 2280 duraturas
828 2271 837 2284 ,
856 2249 925 2278 inter
942 2249 1001 2277 Nos
1015 2248 1049 2278 δε
1065 2247 1204 2284 Regnum
1218 2256 1272 2277 no·

199 2294 305 2333 strum,
320 2294 440 2328 Terram,
460 2291 661 2327 Dominia,&
678 2288 758 2319 Loca
773 2287 871 2318 Nobis
883 2286 987 2317 subdita
1002 2295 1273 2324 quaecumqueprae-

198 2334 292 2371 dista,
312 2334 345 2365 &
362 2330 511 2371 praefatum
533 2333 636 2360 Ducem
652 2351 661 2366 ,
681 2326 936 2366 Consanguineum
957 2328 1086 2356 nostrum
1100 2348 1110 2363 ,
1127 2327 1162 2356 &
1185 2331 1275 2363 partes

199 2373 353 2410 Flandriae,
370 2370 522 2401 secundum
537 2368 612 2407 quod
631 2366 750 2405 praefatis
765 2364 971 2395 Commissariis
986 2364 1105 2402 nostris,
1125 2364 1275 2403 Qiatuor,

173 2433 183 2440 .
198 2410 322 2449 Tribus,
340 2411 385 2440 vel
403 2409 525 2439 Duobus
538 2417 636 2437 eorum
652 2408 796 2447 (quorum
811 2402 961 2441 praefatum
977 2402 1153 2440 Magistrum
1169 2401 1275 2440 Philip-

194 2457 260 2488 pum
275 2459 366 2480 unum
381 2448 437 2479 esse
452 2446 601 2481 volumus)
623 2444 744 2483 placebit
769 2452 799 2472 in
821 2451 959 2472 eventum
978 2452 1047 2472 cum
1063 2441 1145 2472 dicio
1158 2444 1275 2471 Domino

201 2491 278 2518 Duce
294 2510 303 2524 ,
323 2487 542 2523 Coniiinguineo
560 2483 656 2514 nostro
688 2482 733 2512 seu
756 2483 812 2519 ejus
835 2481 865 2510 in
887 2480 941 2509 liae
960 2489 1040 2517 parte
1063 2479 1211 2517 Deputatis
1229 2480 1275 2511 seu

204 2525 380 2563 Deputandis
393 2526 429 2554 ab
444 2524 546 2554 eodem
562 2523 650 2553 Ineun
673 2523 698 2559 i,
716 2518 890 2555 Traenndi,
908 2517 1276 2556 Capiendi,Firmandi,&

155 2573 157 2575 ’
202 2563 318 2594 finaliter
340 2562 540 2593 Concludendi
555 2583 564 2598 ,
582 2570 651 2591 cum
667 2558 890 2597 quibuscumque
905 2555 1117 2586 provisionibus
1135 2579 1143 2593 ,
1162 2555 1276 2587 Condi-

202 2603 346 2638 tionibus,
366 2599 648 2633 Modisicationibus,
665 2596 880 2632 AdditionibuS,
899 2594 932 2625 &
948 2593 1210 2633 Declarationibus,
1228 2594 1276 2624 In-

203 2640 465 2679 terpretationibus,
483 2640 515 2670 &
533 2636 768 2668 Circumstanciis
786 2632 958 2671 neceffiiriis,
978 2634 1110 2672 utilibus,
1127 2634 1173 2665 vel
1187 2643 1276 2671 opor-

200 2687 289 2718 tunis,

241 2719 288 2750 Ac
308 2717 448 2748 disiirum
472 2713 707 2746 Sufferentiarum
719 2736 730 2752 ,
754 2711 936 2749 Treugarum
950 2733 960 2749 ,
985 2709 1186 2741 Provifionum
1203 2734 1212 2749 ,
1231 2710 1275 2742 seu

205 2757 447 2787 Abstinentiarum
462 2754 718 2785 Continuationem
732 2750 777 2781 seu
790 2750 1029 2788 prorogationem
1048 2771 1057 2787 ,
1075 2758 1188 2779 necnon
1204 2759 1276 2787 prae-

203 2796 271 2826 fatas
286 2795 463 2826 Sufferentias
479 2816 488 2832 ,
505 2792 635 2829 Treugas
649 2814 660 2830 ,
677 2789 863 2821 Tollerantias
875 2811 885 2827 ,
905 2787 1099 2826 Provisiones,
1117 2787 1163 2818 seu
1178 2787 1277 2818 Absti-

205 2835 312 2865 nentias
328 2857 337 2872 ,
355 2833 392 2863 sic
408 2856 418 2871 ,
436 2841 465 2862 ut
482 2831 659 2869 praemittitur
677 2851 684 2862 ‚
705 2828 741 2858 de
757 2838 838 2858 novo
862 2828 890 2856 in
906 2834 1043 2856 eventum
1058 2825 1237 2865 Capiendas,
1256 2826 1275 2856 si

226 2873 327 2903 raefatis
339 2871 546 2902 Commiffariis
562 2868 674 2906 nostris,
694 2865 961 2905 Quatuor,Tribus
976 2864 1020 2895 vel
1039 2864 1160 2895 Duobus
1174 2875 1275 2895 eorum

203 2884 350 2951 {quorum
364 2909 511 2948 praefatum
528 2907 701 2944 Magistrum
718 2905 867 2943 Philippum
881 2912 971 2933 unum
987 2903 1043 2933 effe
1057 2903 1206 2941 volumus)
1217 2904 1275 2942 ubi,

228 2950 338 2987 nando,
356 2951 389 2980 &
407 2949 536 2986 quotiens
549 2945 680 2984 expedire
693 2943 852 2982 videbitur,
871 2941 1275 2981 Publicandifflroclamandi,

205 2959 352 3022 {amicari
367 2988 399 3018 &
416 2986 589 3018 Proclamari
604 2983 746 3020 faciendi,

246 3028 293 3059 Ac
310 3025 568 3056 Confirinationem
591 3022 805 3058 prorogationis
818 3044 828 3059 ,
846 3020 891 3051 seu
913 3020 943 3049 in
964 3027 1096 3050 eventurn
1120 3019 1276 3050 Novarum

208 3065 439 3097 Sufferentiarum
453 3063 651 3100 Trcugarum‚
670 3060 889 3096 Provisionum,
906 3057 951 3089 seu
967 3057 1208 3089 Abstinentiarum
1224 3058 1275 3088 hu-

207 3104 331 3143 jusmodi
347 3125 356 3141 ,
374 3104 410 3133 de
425 3112 502 3133 novo
518 3099 717 3138 capiendarum
732 3122 742 3136 ,
761 3108 810 3136 per
825 3097 911 3135 Nos,
929 3097 980 3127 sub
997 3097 1095 3128 Literis
1109 3095 1208 3127 nostris
1223 3096 1278 3128 Pa-

211 3144 332 3173 tentibus
344 3140 600 3177 fiendis,Nomine
614 3137 712 3167 nostro
726 3136 932 3173 Promittendi,

251 3182 295 3211 Ac
311 3181 470 3211 consimiles
483 3177 764 3209 proclamationes&
773 3174 1015 3206 confirmationes
1029 3175 1065 3205 ab
1078 3173 1189 3205 adversa
1199 3173 1279 3204 Parte

213 3219 274 3249 fieri
292 3218 410 3250 Petendi
426 3219 459 3249 &
480 3215 637 3255 optinendi.

253 3257 449 3288 promittimus
464 3256 592 3292 insuper,
610 3252 687 3283 bon&
702 3251 756 3282 fide
770 3253 804 3284 ὃς
819 3254 848 3282 in
867 3252 959 3282 verbo
973 3252 1108 3289 veritatis,
1126 3250 1211 3288 Nos,
1228 3260 1281 3288 pro

214 3296 330 3333 Nobis,
348 3295 531 3331 Haeredibus,
549 3295 581 3325 &
596 3291 820 3328 Success'oribuS,
834 3289 998 3322 &Subditis
1009 3289 1126 3326 nostris,
1145 3298 1282 3327 quantum

217 3335 249 3365 in
272 3333 371 3364 Nobis
383 3333 422 3362 est
437 3355 446 3370 ,
465 3332 587 3368 Ratum,
606 3331 731 3361 Gratum
749 3352 758 3366 ,
774 3330 808 3359 &
829 3328 973 3365 Firmum,
991 3328 1131 3367 perpetuis
1146 3328 1282 3364 tempori-

217 3374 288 3410 bus,
305 3372 447 3402 habituros
461 3379 554 3400 totum
569 3371 603 3401 δε
618 3367 752 3406 quicquid
762 3377 825 3404 ,per
842 3366 998 3405 hujusmodi
1008 3365 1226 3396 Commiffarios
1239 3365 1283 3396 seu

215 3411 396 3449 Deputatos,
416 3410 564 3448 Quatuor,
581 3407 668 3445 Tres,
686 3405 824 3437 velDuos
838 3405 1007 3435 eorumdem
1027 3406 1169 3442 (quorum
1184 3404 1281 3441 praedi-

218 3451 300 3481 <stum
323 3447 500 3487 Magistrum*
515 3445 664 3484 Philippum
680 3454 770 3474 unum
787 3443 843 3474 effe
857 3443 1004 3479 volumus)
1024 3453 1091 3473 cum
1106 3443 1179 3472 dicflo
1194 3445 1286 3481 Duce,

220 3487 444 3524 Consanguineo
460 3484 626 3523 nostro‚vel
641 3485 699 3522 ejus
714 3482 861 3520 Deputatis
874 3482 919 3512 vel
933 3481 1108 3519 Deputandis
1122 3482 1158 3511 ab
1173 3480 1288 3519 eodem,

219 3527 333 3557 Adtum
350 3548 360 3564 ,
380 3525 499 3556 Fadium
515 3546 525 3561 ,
551 3523 739 3553 Conventum
755 3544 765 3559 ,
788 3519 1008 3551 Concordatum
1020 3542 1030 3558 ,
1057 3520 1091 3551 &
1111 3519 1288 3550 Conclusum

222 3565 307 3596 fuerit
320 3565 348 3594 in
362 3561 532 3599 Praemiffis,
548 3562 593 3591 vel
609 3562 639 3590 in
653 3561 748 3598 aliquo
763 3558 993 3598 Praemifforum,

266 3603 303 3634 Et
316 3604 484 3642 exponimus
497 3600 668 3630 Cautionem
684 3609 731 3636 per
743 3597 902 3628 Praesentes.

261 3640 297 3671 In
321 3643 397 3679 cujus
420 3642 460 3671 rei
481 3639 679 3670 testimonium
703 3638 750 3666 has
771 3637 875 3666 Literas
900 3636 1009 3666 nostras
1030 3634 1159 3667 Patentes
1179 3634 1238 3666 fieri
1258 3634 1291 3666 &

226 3679 425 3718 MagniSigilli
438 3677 526 3709 nostri
543 3677 699 3707 munimine
711 3675 829 3705 fecimus
844 3675 977 3704 roborari.

267 3718 334 3749 Dat.
349 3719 380 3749 in
396 3717 506 3748 Palatio
524 3719 602 3754 Regis
623 3711 860 3754 Wstmonasterii,
877 3712 954 3744 sexto
968 3712 1013 3742 die
1029 3711 1136 3743 Martii.

78 3792 160 3826 Ann-
175 3791 216 3823 D.
917 3752 971 3781 Per
986 3749 1070 3790 ipfiaem
1087 3753 1191 3789 Regem.

111 3832 199 3869 1416.
589 3836 604 3838 -
660 3834 672 3836 “

85 3873 199 3944 usmis-
574 3883 633 3914 Pro
651 3881 764 3913 Comite
788 3874 959 3921 Marchiae„

88 3951 157 3973 scot.
177 3953 202 3981 3.

64 2081 85 2103 ὓ
109 2084 173 2113 IX.

65 2131 130 2160 332.

90 3988 127 4011 H«
138 3992 203 4018 5-m-
237 3967 323 4024 RE
332 3965 365 4011 X
374 3976 440 4014 ‚sper
452 3968 559 3998 Literas
571 3967 628 3998 suas
642 3965 771 3998 Patentes
784 3988 794 4003 ,
810 3964 894 4009 usque
909 3961 1042 3992 Primum
1053 3961 1130 3992 diem
1147 3961 1215 4000 Julii
1253 3969 1300 3990 ro-

88 4027 103 4054 ε
115 4033 129 4047 2
316 4014 399 4037 ximo
415 4005 542 4038 futurum
557 4003 845 4044 duraturas,Suscepit
861 4012 891 4033 in
904 3999 1010 4034 salvum
1026 4001 1060 4035 ὅς
1073 3999 1204 4032 securum
1246 4008 1302 4035 οῐι-Δ

621 83 1428 136 CONVENTIONEQ

1482 80 1888 133 LITERAE,

1289 171 1406 202 dud’tum
1422 169 1502 200 suurn
1512 192 1522 208 ,
1540 180 1574 200 ac
1588 170 1618 199 in
1633 168 1852 200 Proteenonem
1869 191 1880 207 ,
1896 166 2067 198 Tuitionem
2081 169 2092 206 ⁷,
2108 166 2142 199 &
2156 166 2367 201 Defenfionem
2376 165 2452 199 Ann.
2464 163 2510 199 D.

1292 210 1350 241 suas
1372 209 1502 246 speciales
1516 230 1527 246 ,
1548 210 1689 244 Georgium
1712 208 1745 237 de
1766 205 1916 237 Dunbam·
1937 209 2066 236 Comitem
2087 205 2224 237 Marabiae
2247 210 2342 238 Scotiae
2393 203 2483 245 1416.

1292 258 1363 280 cum
1380 247 1576 284 Quadraginta
1591 246 1718 276 Personis
1731 247 1762 276 in
1776 245 1926 276 Comitiva
1940 244 1986 275 sua
2001 267 2011 283 ,
2026 244 2102 274 infra
2122 244 2153 277 R
2186 266 2188 268 v
2210 255 2259 276 um
2277 232 2368 284 Regis
2376 249 2439 276 Hen.
2457 252 2486 281 ς,

1293 286 1429 324 Angliae,
1444 285 1479 316 ad
1495 284 1686 328 quascumque
1700 293 1789 322 partes
1799 284 1851 314 sibi
1865 283 2016 322 placuerit,
2033 291 2091 313 tam
2105 293 2156 321 per
2201 284 2260 315 illas
2276 284 2370 316 firma-

1293 334 1351 364 tas,
1370 325 1459 368 quam
1472 323 1538 354 alibi
1551 345 1561 361 ,
1578 323 1719 353 veniendo
1735 346 1745 361 ,
1764 322 1871 353 ibidem
1886 320 2044 360 morand0,
2062 322 2097 352 &
2111 323 2214 354 exinde
2227 322 2262 354 ad
2279 332 2367 362 partes

1293 364 1491 434 {igirsnpffiprias
1505 361 1649 392 redeundo
1663 383 1674 399 ,
1689 371 1806 393 necnon
1821 360 1900 392 Bona
1914 382 1925 399 ,
1939 359 2016 399 Res,
2033 361 2067 390 &
2078 359 2216 393 Hemesia
2229 362 2274 394 sua
2289 372 2368 401 quae-

1333 412 1453 471 Prcssviso
1468 437 1577 477 semper
1591 437 1671 476 quod
1687 437 1764 468 idern
1777 439 1904 477 Georgius
1916 436 2062 478 praesentes
2076 437 2184 470 Literas
2215 437 2276 474 &a
2292 446 2326 474 ut
2340 443 2371 471 in

1291 478 1424 521 fimilibus
1438 478 1471 507 de
1486 477 1624 507 conduaelu
1639 478 1761 514 Litoris,
2190 461 2201 478 ³

1335 516 1426 549 Teste
1439 515 1522 556 Rege
1537 514 1611 556 apud
1627 513 1887 554 Wstmonastemm
1897 537 1908 555 ‚
1924 515 2045 547 decimo
2057 515 2165 547 oetavo
2178 515 2226 553 die
2241 515 2351 548 Martii.

2047 595 2102 623 Per
2118 591 2205 633 ipfimt
2223 596 2328 632 Regem.

1479 723 1536 755 Pro
1558 714 1826 761 Ambaffiatoribm
1845 718 1942 749 Ducis
1957 717 2145 764 Burgundiae.

2419 727 2461 761 55

1302 808 1373 882 H
1384 807 1518 850 Enrifuij,
1533 803 1591 835 Dei
1605 803 1713 843 gratia,
1730 806 1810 842 Rex,
1827 802 1889 834 &c.
1908 801 2043 834 Salutem.
2384 809 2462 840 Am,-
2477 809 2509 840 D

1412 845 1513 875 Sciatis
1529 843 1625 882 quod,
2405 850 2495 885 1416.
2509 834 2519 843 ’

1341 881 1420 912 Cum
1429 906 1439 921 ,
1455 891 1487 914 ut
1498 883 1680 920 accepimus,
1697 880 1851 912 cariffimus
1866 880 2102 918 Consanguineus
2115 879 2213 911 noster
2224 879 2370 920 Johannes
2383 891 2437 916 An.
2452 899 2481 925 4.

1302 922 1371 950 Dux
1382 921 1548 965 ssurgundiae
1561 929 1653 953 certos
1667 918 1900 957 Ambaffiatores,
1918 919 2073 957 Nuncios,
2092 920 2126 950 δε
2144 918 2372 959 Commiffarios,
2385 931 2419 955 H.
2436 936 2464 963 5,

1302 968 1336 989 ac
1364 960 1428 989 alias
1448 959 1581 1003 Personas
1599 983 1609 998 ,
1641 958 1817 989 diversorum
1841 957 1934 989 Status
1956 959 1989 989 δε
2011 957 2194 988 Conditionis
2224 957 2372 989 existentes
2385 969 2473 993 Franc⁴
2488 975 2518 1003 4.

1303 998 1447 1037 (quorum
1467 997 1603 1028 Nomina
1616 998 1699 1029 nobis
1714 1007 1773 1027 non
1788 996 1969 1034 certificavit)
1989 997 2020 1027 in
2044 996 2184 1034 Regnum
2203 995 2334 1027 nostrum
2354 999 2371 1014 ³*
2385 1007 2415 1030 H
2445 1013 2464 1040 5

1303 1036 1418 1080 Angliae
1427 1059 1438 1075 ,
1451 1046 1536 1074 penes
1547 1035 1727 1066 Praesentiam
1742 1034 1886 1073 nostram,
1902 1036 1942 1065 ob
1955 1044 2044 1067 certas
2057 1034 2160 1066 Causas
2173 1036 2206 1066 &
2221 1035 2372 1075 Materias,
2384 1025 2421 1069 ,η’
2440 1027 2485 1079 33⁸,

1302 1074 1418 1113 Nobis,
1434 1084 1469 1106 ex
1484 1083 1560 1113 parte
1575 1073 1684 1112 praefati
1700 1071 1894 1112 Confiznguinei
1912 1072 2013 1113 nostri,
2031 1072 2203 1106 Intimandas
2217 1075 2252 1106 &
2264 1073 2372 1106 Decla-
2405 1063 2421 1098 *ἶ
2448 1081 2501 1108 lx.

1302 1114 1414 1183 ratigas,
1428 1114 1458 1143 in
1472 1114 1608 1152 proximo
1623 1112 1760 1144 destinare
1772 1110 1901 1142 intendat
1914 1112 1948 1143 &
1961 1120 2122 1151 proponat,
2417 1126 2485 1158 333.

1376 1163 1408 1183 os

1340 1190 1399 1222 Pro
1415 1175 1567 1222 &ecuritate
1580 1189 1729 1223 Adventfis
1741 1188 1946 1228 praedieorum
1961 1186 2220 1229 Ambaffiatorum,
2236 1190 2377 1222 Nuncio-

1302 1240 1388 1300 rurssfi
1403 1228 1676 1262 commissariorum
1691 1251 1702 1268 ,
1719 1230 1753 1262 &
1768 1228 1955 1261 Personarum
1970 1250 1980 1266 ,
1996 1228 2027 1258 in
2041 1228 2094 1259 hac
2109 1237 2185 1266 parte
2200 1230 2377 1268 ,providere

1303 1279 1343 1300 vo
1390 1278 1446 1308 tes,

1341 1307 1546 1351 Suscepimus,
1564 1308 1598 1340 &
1611 1329 1622 1346 ,
1639 1316 1689 1345 per
1705 1305 1857 1339 Praesentes
1873 1328 1883 1345 ,
1902 1306 2035 1345 ponimus
2049 1306 2084 1338 &
2098 1304 2266 1343 suscipimus
2276 1316 2380 1338 omnes

1304 1346 1337 1377 &
1353 1347 1477 1385 {lngulos
1487 1345 1648 1389 hujusmodi
1664 1345 1903 1382 Ambaffiatores‚
1921 1345 2070 1383 Nuncios,
2088 1344 2307 1376 Commiffirios
2343 1347 2379 1378 &

1302 1385 1455 1430 Personas,
1472 1384 1677 1428 cujuscumque
1692 1384 1937 1422 Praeerninentiae,
1953 1382 2061 1422 Status,
2077 1382 2209 1422 Gradus,
2224 1383 2280 1414 sive
2317 1385 2325 1394 “
2346 1394 2382 1414 n-

1304 1423 1419 1455 ditionis
1431 1424 1532 1455 fuerint
1548 1447 1558 1460 ,
1577 1424 1607 1454 in
1628 1423 1741 1454 dietum
1763 1421 1898 1462 Regnum
1920 1422 2052 1453 nostrum
2067 1445 2076 1460 ,
2095 1432 2180 1460 penes
2199 1422 2381 1453 Praesentiam

1304 1462 1447 1501 nostram,
1466 1463 1507 1493 ob
1523 1461 1622 1493 Causas
1637 1463 1671 1494 &
1691 1461 1828 1493 Materias
1852 1461 2020 1500 praedictas,
2038 1461 2203 1499 veniendo,
2219 1470 2253 1492 ac
2269 1460 2382 1492 Homi-

1303 1511 1351 1532 nes
1366 1503 1400 1534 &
1415 1501 1573 1536 Servientes
1587 1501 1648 1532 suos
1691 1510 1808 1533 necnon
1822 1499 1922 1539 Equos
1935 1522 1946 1538 ‚
1963 1499 2041 1530 Bona
2056 1523 2067 1538 ,
2085 1500 2146 1531 Res
2159 1524 2168 1539 ,
2186 1500 2221 1531 &
2242 1498 2379 1531 Hernefia

1303 1539 1349 1583 sua
1364 1549 1554 1583 quaecumque
1572 1562 1582 1578 ,
1600 1541 1629 1569 in
1649 1524 1754 1570 silvam
1771 1540 1802 1570 &
1818 1539 1948 1570 securum
1964 1538 2158 1569 Condudirutn
2173 1537 2322 1577 nostrum,
2342 1547 2377 1570 ac

1304 1588 1334 1609 in
1349 1579 1566 1609 Protedhonem
1600 1578 1788 1616 Tuitionem,
1808 1578 1842 1609 &
1857 1576 2060 1609 Defensionem
2074 1577 2184 1608 nostras
2194 1576 2339 1615 speciales,

1343 1617 1496 1655 Volentes,
1515 1617 1547 1648 &
1562 1601 1782 1660 &oncedenteffi
1799 1626 1834 1646 ac
1856 1615 1933 1646 bona
1953 1614 2008 1646 fide
2031 1615 2232 1647 Prominentes
2248 1615 2328 1654 quod
2342 1616 2378 1646 ii-

1305 1655 1373 1686 dem
1387 1655 1622 1693 Ambaffiatores,
1640 1654 1675 1685 N
1678 1656 1771 1693 uncii,
1789 1653 2000 1692 Commissarii,
2014 1655 2048 1686 ὃς
2065 1654 2194 1686 Personae
2225 1656 2260 1686 ὃς
2273 1663 2377 1686 eorum

1307 1696 1439 1733 quilibet,
1456 1694 1660 1731 incontinenti,
1679 1692 1743 1731 post
1759 1692 1926 1723 Adventum
1943 1691 2022 1722 suurn
2039 1692 2124 1730 usque
2131 1677 2313 1724 Praesentiam
2323 1702 2380 1723 no-

1309 1734 1410 1772 stram,
1427 1733 1548 1764 habeant
1562 1734 1596 1764 ὃς
1613 1732 1710 1762 habeat
1724 1740 1767 1762 tot
1781 1732 1815 1763 ὃ(
1832 1740 1920 1761 tantas
1934 1730 2063 1767 speciales
2077 1732 2111 1762 &
2127 1730 2258 1768 seper-ales
2274 1731 2380 1763 Literas

1309 1773 1416 1802 nostras
1429 1771 1464 1802 de
1479 1771 1553 1802 salvo
1569 1769 1726 1801 Condustu
1742 1769 1847 1800 validas
1862 1769 1896 1799 &
1912 1768 2100 1807 sufficientes,
2117 1777 2188 1807 quot
2201 1770 2236 1800 &
2252 1777 2382 1808 quantae,

1308 1820 1368 1841 tam
1383 1821 1436 1849 pro
1452 1810 1539 1840 Mora
1553 1809 1597 1840 sua
1611 1808 1681 1839 infra
1696 1808 1810 1839 dic‘tum
1833 1806 1970 1845 Regnum
1995 1806 2143 1845 nostrum,
2158 1807 2243 1845 quarn
2259 1817 2313 1844 pro
2329 1817 2381 1838 eo-

1309 1860 1373 1880 rum
1387 1849 1492 1880 Reditu
1506 1857 1581 1879 extra
1597 1847 1673 1878 idem
1686 1846 1825 1886 Regnum
1840 1846 1931 1878 versus
1943 1853 2032 1884 partes
2047 1847 2107 1877 suas
2123 1845 2267 1886 proprias,
2283 1846 2383 1881 necesz

1308 1887 1383 1919 sarire
1398 1888 1544 1918 fuerint&
1561 1895 1728 1924 oportunae,

1345 1926 1382 1957 Et
1402 1927 1469 1957 ideo
1493 1925 1576 1955 vobis
1599 1924 1771 1955 Mandamus
1792 1923 1873 1962 quod
1895 1932 1996 1953 omnes
2016 1923 2050 1955 ὃς
2073 1922 2113 1953 fin
2134 1921 2195 1953 ulos
2218 1921 2384 1962 hujusmodi

1307 1964 1543 2002 Ambasfiatores,
1561 1962 1722 2010 Nuncios,
1739 1961 1958 1994 Commiffarios
1974 1986 1984 2001 ,
2002 1962 2035 1992 &
2049 1930 2182 1992 perignas
2203 1960 2386 2000 (cujuscum-

1308 2013 1363 2072 ἷξε
1378 2003 1605 2035 Praeeminentiae
1618 2025 1628 2040 ,
1648 2001 1741 2032 Status
1756 2024 1767 2040 ,
1785 2000 1900 2032 Gradus
1940 2000 1995 2032 sive
2010 1999 2197 2031 Conditionis
2210 1999 2313 2032 fuerint
2352 2001 2385 2033 in

1341 2052 1446 2082 egnum
1461 2041 1589 2086 nostrum
1605 2040 1792 2085 praedictum,
1810 2049 1896 2078 penes
1910 2024 2092 2071 l'raesentiam
2106 2037 2298 2077 nostram,0b
2351 2049 2386 2070 u—

1308 2081 1347 2112 sas
1360 2083 1394 2114 &
1410 2080 1543 2111 Materias
1556 2079 1721 2118 praedictas,
1741 2087 1770 2109 ut
1784 2078 1955 2117 praedffium
1971 2077 2031 2117 est,
2049 2077 2192 2109 veniendo
2226 2087 2259 2109 ac
2275 2076 2386 2108 Homi-

1309 2130 1359 2151 nes
1373 2121 1408 2151 &
1422 2119 1580 2150 Servientes
1591 2117 1669 2157 suos,
1684 2127 1798 2161 necnon
1810 2116 1925 2156 Equos,
1944 2115 2021 2148 Bona
2031 2139 2040 2155 ‚
2059 2115 2132 2156 Res,
2150 2100 2326 2148 &Hernefiz
2338 2115 2385 2149 sua

1309 2168 1514 2198 quaecumque,
1532 2155 1597 2192 &c.
1616 2163 1648 2186 ut
1662 2160 1691 2186 in
1698 2155 1847 2197 hujusmodi
1861 2156 1894 2186 de
1908 2156 2046 2186 Condueiu
2062 2157 2177 2186 Literis.

1352 2196 1385 2228 In
1400 2198 1480 2235 cujus
1494 2197 1534 2228 rei
1549 2194 1764 2227 Testimonium
1778 2194 1825 2224 has
1842 2194 1948 2226 Literas
1961 2193 2068 2225 nostras
2081 2192 2139 2224 fieri
2150 2193 2272 2224 fecimus
2281 2191 2388 2229 Pata-1

1310 2245 1369 2274 tes,
1383 2236 1468 2273 usque
1483 2236 1611 2273 primum
1623 2233 1701 2265 diem
1738 2233 1796 2264 unii
1809 2234 1944 2270 proximo
1965 2232 2093 2264 futurum
2105 2232 2255 2264 duraturas.

1347 2274 1436 2308 Teste
1451 2273 1559 2313 meipso
1575 2272 1648 2312 apud
1660 2274 1710 2306 We
1733 2270 2029 2312 monasterium,Anno
2045 2271 2148 2310 Regni
2161 2269 2250 2302 nostri
2260 2271 2388 2312 Quarto-j

2067 2350 2122 2381 Per
2138 2346 2222 2389 ipfitm
2238 2350 2348 2388 Regem:

1314 2480 1363 2512 De
1389 2480 1496 2516 Salvis
1525 2475 1722 2512 ConduHibus
1753 2476 2002 2523 Contemplatione
2040 2476 2127 2520 Regis
2160 2475 2363 2507 Romanorum
2371 2477 2387 2516 ,“

1367 2530 1474 2574 vcrfhs
1495 2531 1629 2574 Regnum
1645 2529 1745 2560 Scotiae
1769 2550 1780 2567 ,
1799 2536 1856 2572 pro
1874 2527 1953 2558 Bono
1969 2521 2174 2569 Sacrofimffae
2192 2521 2331 2566 Ecclesia.

1317 2612 1459 2667 REX,
1477 2611 1727 2649 Contemplatione
1741 2633 1752 2649 ,
1771 2609 1945 2641 Sereniffimi
1967 2608 2001 2639 &
2022 2606 2254 2638 Excellentisfimi
2269 2606 2380 2638 Princi-
2402 2605 2533 2641 Ann.D.

1313 2653 1451 2720 Ρπεὲίῗξ
1468 2645 2384 2726 {52'53‘53‘13‘351'5'2}effjfiifis‘ssrgssi‘ss‘ffheuffif„Llfffzssufff
2400 2654 2483 2720 2124ss
2487 2646 2517 2676 ⁶·

1313 2728 1430 2766 suscepit
1446 2711 1475 2757 i’n
1488 2727 1593 2758 salvum
1606 2727 1641 2758 δε
1654 2725 1783 2756 securum
1798 2723 1991 2756 Conductum
2005 2724 2085 2754 suum
2099 2746 2110 2762 ,
2128 2724 2205 2754 acin
2222 2706 2381 2754 l'roted‘ltio³
2401 2726 2435 2750 H.
2454 2732 2483 2758 5.

1313 2776 1380 2797 nem
1395 2789 1404 2804 ,
1423 2765 1596 2796 Tuitionem
1609 2787 1620 2803 ,
1637 2765 1672 2796 &
1694 2763 1898 2794 Defenfionem
1919 2763 1975 2793 suas
1996 2761 2126 2800 speciales
2140 2786 2150 2800 ,
2201 2761 2332 2791 ohannem
2347 2761 2381 2791 de
2398 2765 2466 2789 Scor.
2484 2762 2517 2798 45

1313 2805 1403 2835 Lethe
1421 2803 1597 2836 Scutiferum
1617 2802 1654 2834 de
1675 2801 1788 2840 Scotia,
1806 2811 1876 2832 curn
1895 2800 1950 2832 Sex
1965 2800 2092 2831 Personis
2107 2802 2137 2831 in
2202 2800 2300 2832 mitiva
2318 2799 2380 2838 sua,
2400 2803 2435 2826 Η.
2455 2807 2486 2834 5.

1313 2845 1343 2874 in
1361 2843 1494 2883 Regnum
1511 2841 1602 2879 Regis
1617 2841 1664 2871 An
1684 2841 1730 2871 liae
1742 2863 1752 2879 ,
1781 2850 1814 2871 ac
1839 2840 1890 2870 alia
1913 2839 2051 2870 Dominia
2065 2840 2099 2871 &
2114 2836 2268 2868 Potestates
2292 2837 2382 2875 Regis
2399 2847 2434 2866 m.
2447 2846 2495 2866 io.

1312 2892 1517 2920 quaecumque,
1534 2889 1593 2912 tam
1607 2890 1655 2917 per
1701 2889 1807 2915 erram,
1827 2879 1914 2917 quam
1922 2888 1972 2916 per
1988 2875 2255 2916 Mare,veniendo,
2272 2876 2383 2907 ibIdem

1314 2921 1453 2951 morando
1468 2943 1478 2958 ,
1495 2922 1528 2950 &
1550 2918 1651 2950 exinde
1670 2918 1761 2949 versus
1783 2917 1919 2957 Regnum
1940 2916 2048 2947 Scotiae
2062 2936 2073 2953 ,
2087 2924 2173 2952 penes
2198 2913 2383 2946 Praesentiam

1313 2963 1396 2989 Ducis
1408 2958 1558 2996 Albaniae,
1576 2956 1784 2988 Gubernatoris
1798 2955 1898 2992 Regni
1911 2953 2017 2984 Scotiae
2031 2976 2041 2991 ,
2058 2963 2112 2990 pro
2134 2952 2218 2983 Bono
2230 2952 2384 2984 Sacrosan-

1315 2998 1372 3028 ‹ftae
1388 2997 1544 3035 Ecclesiae,
1559 2995 1724 3027 transeundo
1737 3017 1748 3034 ,
1765 2994 1799 3025 δε
1818 2992 1921 3024 deinde
1937 3002 1985 3031 per
1999 2991 2112 3023 dietum
2135 2990 2272 3030 Regnum
2289 2991 2385 3029 Regis

1314 3036 1447 3075 Angliae,
1465 3046 1498 3067 ac
1511 3035 1587 3066 dista
1601 3034 1652 3065 alia
1667 3033 1807 3064 Dominia
1820 3032 1854 3062 &
1870 3030 2026 3073 Potestates
2038 3029 2129 3067 Regis
2164 3037 2226 3060 tam
2240 3039 2290 3068 per
2305 3029 2383 3062 Ter-

1313 3085 1390 3119 ram,
1407 3076 1491 3113 quam
1506 3083 1554 3112 per
1567 3072 1670 3111 Mare,
1687 3081 1772 3115 peries
1786 3069 1981 3107 Praesentiam,
1999 3052 2251 3099 dietilllustrissuni
2268 3067 2385 3100 Princi—

1314 3124 1356 3152 pis
1368 3117 1446 3151 Regis
1460 3116 1657 3149 Romanorum,
1676 3110 1703 3141 se
1717 3107 1884 3140 divertendo
1896 3130 1908 3148 ,
1923 3107 1958 3140 ὃς
1972 3107 2117 3139 redeundo
2130 3130 2142 3146 ,
2157 3116 2274 3139 necnon
2288 3106 2387 3147 Bona,

1315 3153 1374 3183 Res
1383 3176 1392 3191 ,
1407 3153 1441 3184 &
1452 3149 1588 3182 Hernesia
1599 3149 1644 3180 sua
1654 3157 1843 3187 quaecumque
1850 3169 1860 3186 ‚

1353 3190 1465 3221 Nolens
1484 3190 1562 3219 enim
1581 3187 1658 3218 idem
1680 3186 1743 3218 Rex
1759 3185 1839 3224 quod
1859 3185 1936 3216 idem
1950 3184 2096 3224 Johannes
2109 3192 2155 3218 aut
2170 3183 2300 3216 Personae
2310 3192 2386 3224 prae-

1317 3228 1421 3267 didiae,
1441 3229 1547 3259 ratione
1561 3225 1675 3263 alicujus
1690 3225 1839 3263 Marquae,
1857 3222 2114 3264 Contromarquae,
2130 3223 2310 3264 Reprisaliae,
2329 3222 2387 3254 five

1319 3265 1494 3298 Intercursiis
1508 3288 1518 3304 ,
1535 3273 1583 3296 aut
1605 3265 1719 3301 alicuius
1741 3263 1858 3301 Debiti,
1876 3263 2039 3301 Compoti,
2057 3262 2156 3294 Trans
2168 3261 2311 3299 remonis,
2327 3260 2386 3292 five

1318 3306 1428 3337 alterius
1449 3302 1623 3335 Contraetfis
1638 3302 1854 3341 cujuscumque,
1874 3312 1923 3341 per
1937 3300 2049 3341 Regem
2066 3324 2077 3340 ,
2094 3300 2140 3331 vel
2194 3298 2305 3331 inistros
2322 3298 2388 3330 suos

1321 3344 1511 3383 quoscumque
1525 3365 1536 3381 ,
1552 3341 1703 3374 arestentur
1718 3364 1729 3380 ,
1744 3342 1915 3383 impetantur
1929 3362 1940 3379 ‚
1957 3339 2142 3378 molestentur
2160 3339 2199 3373 in,
2210 3337 2322 3377 aliquo,
2339 3336 2387 3368 seu

1343 3391 1485 3413 raventur·
2225 3400 2228 3402 -

1320 3393 1341 3422 g
1359 3405 1602 3457 Proviso’semper
1616 3418 1696 3458 quod
1712 3417 1861 3456 praediaus
1871 3416 2021 3456 Johannes
2038 3424 2085 3448 aut
2097 3413 2228 3446 Personae
2241 3411 2388 3452 praediaae

1322 3461 1387 3497 quic
1408 3469 1475 3490 uam
1484 3482 1494 3497 ,
1512 3458 1589 3497 quod
1605 3459 1636 3488 in
1650 3457 1738 3497 Regis
1752 3464 2025 3499 contemptum,aut
2039 3453 2143 3495 Populi
2157 3452 2198 3485 sui
2212 3450 2387 3491 Datnpnum

1323 3500 1378 3529 five
1420 3497 1594 3536 raejudicium
1609 3520 1618 3535 ,
1645 3496 1745 3527 cedere
1767 3495 1854 3526 Valeat
1866 3517 1876 3532 ,
1894 3504 1953 3525 non
1971 3499 2153 3530 attemptent,
2170 3497 2217 3521 aut
2230 3488 2326 3521 facere
2343 3488 2389 3522 vel

1325 3545 1486 3574 attemptare
1503 3536 1686 3573 praesumant,
1705 3536 1804 3572 quovis
1819 3532 1916 3564 modo.

1362 3575 1450 3608 Teste
1464 3573 1544 3614 Rege
1555 3573 1628 3612 apud
1643 3572 1920 3613 Wstmonasterium,
1936 3569 2074 3602 vicefimo
2089 3567 2167 3598 sexto
2179 3565 2226 3596 die
2244 3564 2354 3597 Martii.

2077 3643 2131 3672 Per
2147 3640 2231 3683 ipsum
2246 3643 2355 3680 Regem:

1329 3726 1462 3799 REBX
1472 3751 1482 3765 ,
1500 3726 1561 3762 εὖτ.
1579 3733 1611 3757 ut
1618 3726 1704 3766 stapra
1715 3724 1800 3769 ustae
1812 3724 1866 3763 ibi,
1881 3721 2009 3767 speciales
2038 3719 2078 3755 &
2091 3725 2155 3749 tunc
2167 3718 2202 3758 fic
2211 3742 2221 3757 ,
2232 3718 2395 3764 Johannegae

1444 3767 1506 3804 usby
1525 3765 1711 3804 Capellanum
1726 3788 1736 3804 ,
1769 3762 1977 3795 Cancellarium
1992 3791 1997 3796 ,
2029 3758 2136 3790 cclefiae
2167 3757 2349 3795 Glasguenfis
2365 3767 2400 3788 in

1332 3805 1442 3842 Scotia,
1461 3815 1530 3836 cum
1544 3804 1600 3834 Sex
1613 3804 1741 3842 Personis
1750 3803 1783 3840 in
1796 3801 1944 3838 comitiva
1957 3798 2020 3838 sua,
2036 3796 2098 3834 &c-
2117 3796 2251 3836 utsupra.

1368 3843 1457 3876 Teste
1475 3851 1505 3875 ut
1520 3843 1608 3881 supra.
2091 3876 2146 3905 Per
2159 3872 2242 3914 ipfiem
2260 3874 2368 3913 Regm-

2293 4021 2405 4059 *Libe-
