2562 4274
219 104 303 142 124

83 173 212 208 Ann.D.
223 176 309 214 biles,
326 183 385 206 tam
410 174 481 204 infra
496 173 667 209 Libertates,
685 171 771 210 quom
784 178 878 208 extra,
893 177 962 200 cum
977 168 1059 200 omni
1075 167 1215 198 celeritate
1228 173 1294 203 pos-

104 221 190 253 14-15-
225 215 295 246 sibili
331 213 504 244 Uniendum
521 212 554 241 &
571 209 823 248 Congregandum.
1233 242 1239 247 .
1258 210 1262 225 r

83 258 149 283 Hen-
162 261 192 289 5·
260 237 414 291 Ipsumque
429 249 547 281 Clerum
562 250 636 278 bene
651 249 684 278 δε
699 255 895 286 competenter
910 244 1094 276 Arraiandum
1106 245 1139 274 ὃς
1154 241 1292 284 Munien-

224 291 294 324 dum
304 313 315 330 ,
332 300 364 321 ac
382 289 501 320 Arraiari
516 289 549 318 &
567 287 677 316 Muniri
687 309 695 324 ,
713 287 787 323 juxta
803 285 886 316 status
901 286 933 316 &
947 284 1091 314 facultates
1106 282 1164 311 suas
1173 304 1182 320 ‚
1200 289 1295 311 nemi-

226 331 258 362 ni
273 331 302 359 in
317 329 370 358 hac
384 337 462 366 parte
476 325 632 365 parcendo,
650 324 812 355 faciendum
829 325 862 355 &
876 322 1128 360 compellendum,

267 368 313 399 Ac
325 368 355 396 in
370 367 543 396 Arraiatione
557 363 719 402 hujusmodi
733 362 908 393 Ponendum
925 362 957 391 &
974 358 1208 390 Conservandum
1218 380 1227 394 ,

269 405 310 435 Ita
331 405 411 443 quod
435 403 566 440 Prompti
582 402 679 433 sint&
694 401 786 432 Parati
802 400 835 431 ad
853 399 1055 430 Resistendum
1070 396 1204 440 Malitiae,
1223 395 1294 425 Pro-

231 444 327 474 tcrviae
336 444 385 481 ,&
399 441 573 473 Infestationi
586 440 777 471 Inimicorum
792 439 1144 480 praedi&orum,quot1ens
1156 436 1189 466 &
1206 443 1295 473 quan-

232 482 272 513 do
286 480 396 512 neceffe
411 481 493 511 fuerit
508 481 541 511 ὃς
553 488 746 517 oportunum,

270 522 286 537 ¹*
306 519 353 550 Sic
376 518 475 558 quod,
494 519 524 549 in
545 528 647 549 eorum
664 517 840 554 Defedfflm,
858 515 903 545 seu
919 513 1004 545 vestri
1016 513 1231 552 negligentiam,
1250 510 1296 541 vel

231 567 259 591 te
280 559 422 597 iditatem,
441 557 614 596 Dampnum
630 558 659 586 in
672 554 822 586 Praemissis
837 564 896 584 non
909 554 1020 582 eveniat
1034 552 1093 582 ullo
1107 550 1198 580 modo
1207 573 1216 588 ,

305 607 401 628 ecnon
422 596 456 627 ad
479 595 548 627 Nos
571 595 606 626 de
629 594 820 630 Arraiatione,
843 593 876 623 &
903 591 1086 627 Munitione‚
1102 599 1136 619 ac
1158 588 1296 632 Numero

231 635 420 668 Personarum
442 633 520 665 Cleri
541 633 689 672 praediffl,
707 632 745 663 fic
765 630 917 668 arraiandi,
939 630 1007 659 citra
1032 628 1295 670 sextumdecimum

231 674 310 705 diem
326 673 396 714 Julii
434 674 569 712 proximo
589 672 734 708 futurum,
751 670 782 699 in
805 668 979 699 cancellaria
1002 666 1115 705 nostra,
1133 665 1182 696 sub
1196 665 1294 704 Sigillo

229 712 344 750 vestr0,
361 697 496 743 distinete
511 713 544 742 &
559 712 670 749 aperte,
687 708 918 745 certificandum,
1070 745 1074 750 ,
1089 745 1094 750 .
1207 743 1213 749 .

240 766 242 769 ·
267 750 304 783 Et
330 751 398 782 ideo
421 751 501 781 vobis
515 748 689 780 Mandamus
701 747 782 787 quod
799 748 875 777 circa
889 744 1034 776 Praemiffa
1048 743 1191 783 diligenter
1206 750 1298 773 inten-

233 789 318 829 datis,
335 800 369 821 ac
385 799 417 820 ea
431 789 535 820 faciatis
551 789 584 819 &
603 786 781 824 exequamini
795 786 824 815 in
838 783 935 815 formai
948 783 1098 824 praediQA:
1231 820 1237 825 ⁸

238 838 242 842 ’
270 827 385 859 Damus
398 836 492 859 autern
507 826 638 857 univerfis
650 826 683 856 &
698 826 736 855 sin
760 823 809 854 ulis
821 822 902 854 Cleri
919 822 1065 861 praedieti,
1082 831 1115 852 ac
1129 820 1186 851 aliis
1202 820 1297 858 Ligeis

231 866 335 897 nostris
349 868 359 901 (
368 876 440 906 quos
452 867 533 897 vobis
548 865 669 895 similiter
680 863 726 893 assi
754 872 798 892 ere
813 862 945 891 volumus
959 862 988 890 in
1004 860 1056 889 hac
1071 859 1295 897 parte)Tenore

230 905 416 941 Praesentium
425 928 436 943 ,
453 905 504 935 sub
527 901 706 933 forisfactura
719 901 851 930 omnium
866 909 929 938 quae
943 899 1028 928 nobis
1042 897 1201 928 forisfacere
1215 905 1295 934 pote-

231 953 298 974 runt
309 966 317 982 ,
336 942 452 973 firmiter
477 943 506 971 in
535 940 675 971 Mandatis
690 939 770 977 quod
784 938 884 975 vobis,
899 938 929 966 in
945 936 1119 966 Executione
1135 935 1297 965 Praemiiso-

233 992 317 1019 rum,
340 981 376 1010 de
398 989 525 1019 tempore
550 980 579 1008 in
602 987 729 1017 tempus,
755 976 933 1006 Intendentes
953 975 1024 1011 sint,
1041 973 1243 1012 consulentes,
1261 974 1295 1005 &

231 1020 405 1088 Aiixiliantes
415 1042 424 1057 ,
441 1027 524 1056 prout
539 1016 704 1047 neceffitatis
721 1023 836 1046 eventus
850 1014 934 1052 exigit
947 1014 979 1044 ὃς
994 1013 1114 1051 requirit.

286 1068 302 1086 n
321 1058 400 1087 cu'us
435 1059 498 1089 &c.
1024 1059 1033 1067 ·

288 1067 379 1125 Testle
396 1079 482 1134 flege
493 1092 568 1133 apud
582 1089 1003 1132 Wstmonasterium‚vicefimo
1015 1088 1122 1121 oetavo
1135 1088 1180 1120 die
1197 1087 1281 1120 Maii.

85 530 106 551 *
126 534 180 562 IX.

88 582 154 609 254.

871 1170 925 1199 Per
941 1166 1023 1207 ipsum
1040 1169 1144 1206 Regem.

231 1248 398 1282 Consimilia
418 1248 519 1282 Brevia
527 1249 690 1294 diriguntur
707 1245 932 1290 Archiepiscopo
947 1245 979 1289 ξε
994 1244 1142 1286 Episcopis
1156 1241 1294 1282 subscrip-

511 1296 565 1328 tis,
580 1290 630 1319 iub
645 1287 743 1319 eadem
759 1286 850 1323 Data,
874 1283 1026 1322 videlicet,

272 1369 313 1397 H.
331 1363 533 1406 Archiepistopo
553 1365 674 1396 Eborum
689 1362 801 1402 Angliae
819 1364 944 1392 Primati.

270 1408 307 1437 R.
323 1404 447 1445 Episcopo
462 1405 584 1434 Loudon.

271 1447 314 1474 H.
330 1444 455 1483 Epfiopo
473 1445 602 1484 Wynton.

270 1485 306 1513 P.
322 1482 447 1522 Epifiopo
461 1481 586 1512 Lincoln.

271 1522 313 1551 N.
333 1520 456 1560 Episcopo
475 1520 597 1549 Bathon.
613 1518 651 1555 ᾤ’
666 1516 777 1549 W’Ilen.
791 1514 829 1552 ὠ
843 1515 900 1554 ejus
916 1515 1024 1546 Vitario
1032 1511 1171 1553 generali,
1186 1511 1240 1552 ipso
1254 1512 1297 1542 Ε-

226 1560 330 1600 pfiopo
349 1563 379 1589 in
395 1562 511 1589 Remotis
526 1565 631 1596 agente.

270 1598 309 1638 J.
326 1597 452 1637 Epifiopo
469 1595 565 1638 Εζγεη.

269 1640 305 1667 R.
325 1635 450 1674 Eptfiopo
468 1637 626 1665 Norwicen.

268 1679 304 1706 R.
323 1674 448 1713 Episcopo
465 1673 569 1713 Cicestr.

268 1716 303 1745 R.
322 1712 448 1752 Epifiopo
462 1711 607 1753 erqford.

267 1755 306 1783 E.
326 1751 450 1790 Episcopo
467 1753 558 1781 Exon.

268 1793 304 1821 R.
326 1789 447 1829 Episcopo
458 1793 572 1828 Sarum,
590 1786 628 1824 &
643 1787 699 1827 ejus
715 1789 824 1819 Vitario
835 1784 972 1825 generali,
990 1783 1041 1824 ipso
1055 1783 1178 1825 Episcopo
1192 1785 1222 1814 in
1238 1784 1291 1813 Re-

230 1833 309 1860 motis
323 1836 426 1866 agente.

267 1870 313 1898 W.
329 1866 455 1906 Epissopo
472 1865 590 1896 Karliol.

270 1906 321 1937 Th.
339 1905 464 1944 Epifiopo
485 1907 609 1943 Wygorn.

266 1948 292 1976 R
326 1945 447 1982 Epiftopo
467 1942 569 1982 Roffin.

265 1983 316 2014 Th.
340 1984 463 2020 Episcopo
479 1982 647 2011 Landaven.

264 2021 302 2060 J.
320 2020 446 2059 Epifiopo
465 2023 612 2050 Meneven.

264 2063 301 2089 Β.
324 2059 447 2099 Episcopo
464 2062 616 2096 Bangoren.

265 2100 320 2137 „Epi¹
334 2105 390 2135 copo
409 2097 546 2135 Affitven.

264 2142 305 2166 Cu
330 2137 373 2166 odi
399 2135 610 2174 Spirttualitatis
632 2134 803 2174 Episcopatus
823 2137 986 2165 Coventren.
1008 2130 1047 2168 ᾤ’
1068 2129 1205 2171 Licqueld.
1229 2130 1294 2161 Sede

227 2183 358 2206 vacante.

262 2213 314 2244 Th.
336 2211 462 2252 Epifiopo
477 2212 639 2243 Dunolmen.

538 2345 631 2390 Super
653 2340 737 2375 dista
762 2344 898 2374 Arraiat
904 2344 978 2374 ione.

646 2431 691 2458 De
701 2435 755 2467 par
771 2427 797 2458 Ie
815 2429 881 2468 Roy.

79 2520 158 2552 A‘nn.
167 2519 209 2552 D.

99 2568 185 2599 1415.

77 2602 129 2627 An.
149 2608 174 2635 3.

79 2641 114 2665 H.
131 2644 159 2674 5.

79 2679 151 2703 Penes

77 2712 211 2742 cler.i³ell.

228 2508 514 2568 TRascann
534 2515 585 2538 ετ
603 2514 708 2538 ΜΕΝ
725 2504 837 2542 ΑΜΕ,

266 2586 325 2618 Por
340 2595 374 2617 ce
386 2594 441 2623 que
453 2583 543 2615 Nous
555 2584 645 2613 sumes
658 2582 694 2613 de
709 2581 834 2620 present,
852 2579 960 2610 ficome
973 2588 1043 2609 vous
1056 2578 1122 2608 bien
1137 2576 1233 2615 savez,
1248 2576 1292 2607 sur

228 2625 324 2656 nostre
343 2623 456 2663 Paffige
480 2631 541 2653 vers
560 2622 599 2652 les
617 2621 722 2652 Parties
741 2621 777 2650 de
797 2619 876 2656 dela,
892 2626 944 2656 pur
963 2616 989 2647 le
1010 2617 1169 2648 Recoverir
1183 2616 1220 2646 de
1234 2625 1293 2646 noz

228 2662 375 2702 Heritages
399 2663 432 2694 &
455 2660 564 2692 Droitz
584 2658 733 2699 illoeques,
750 2658 789 2688 les
810 2665 902 2695 queux
922 2664 992 2686 ount
1013 2654 1070 2686 este
1091 2656 1119 2693 ja
1133 2656 1229 2694 piecea
1244 2663 1293 2695 par

228 2710 288 2732 noz
304 2701 463 2733 Adversairs
475 2700 510 2731 ὅτ.
525 2698 651 2737 Enemys
667 2697 790 2728 detenuz
801 2696 834 2726 δι’,
849 2705 864 2725 a
880 2701 959 2734 grant
974 2693 1052 2725 Tort
1067 2693 1221 2732 Occupiez.

267 2740 304 2771 Et
320 2749 408 2771 avons
420 2738 568 2769 ordennez
582 2736 616 2766 &
632 2735 681 2767 fait
690 2734 854 2765 Proclamer
868 2742 923 2771 que
937 2740 1006 2762 touz
1020 2733 1058 2762 les
1064 2731 1165 2763 Gentz
1172 2732 1208 2761 de
1215 2715 1294 2768 §ain-

226 2785 257 2809 te
279 2778 391 2817 Eglise,
408 2778 444 2807 de
465 2775 561 2807 nostre
585 2773 728 2805 Roiaume
750 2772 959 2811 d’Engleterre,
976 2771 1013 2801 de
1026 2770 1147 2809 quelque
1164 2769 1242 2801 Estat
1259 2771 1293 2802 &

228 2817 390 2848 Condition
407 2815 470 2854 q’ils
486 2815 595 2851 soient,
610 2813 656 2852 soy
671 2820 792 2842 mettent
805 2820 842 2841 en
859 2810 978 2847 Arraye,
993 2810 1026 2840 &
1041 2809 1087 2847 soy
1102 2809 1293 2847 Apparaillent

227 2866 265 2886 en
285 2856 310 2886 la
336 2854 472 2885 Meillour
486 2853 519 2884 &
533 2852 596 2889 plus
609 2851 742 2881 Forcible
757 2859 868 2880 manere
880 2848 963 2885 qu'ils
975 2848 1102 2878 saveront
1114 2847 1147 2878 &
1161 2855 1293 2885 putrent,

227 2904 282 2931 pur
301 2892 405 2924 resistet
428 2893 453 2922 la
476 2891 584 2922 Malice
608 2889 656 2920 dec
679 2888 802 2928 Enemys
822 2887 857 2917 de
874 2887 950 2917 Dieu
965 2888 998 2918 &
1013 2886 1049 2916 les
1065 2885 1192 2924 nostres,
1208 2886 1228 2916 fi
1243 2895 1292 2918 au-

227 2942 316 2970 cuns,
333 2942 369 2963 en
389 2931 486 2999 [ῐίοίὶὶξ
500 2928 646 2974 Absence,
660 2927 691 2996 ξ
702 2928 844 2995 νοτέῗὶεηῑ
858 2925 948 2994 Ῑενὸ,
964 2933 1101 2993 εῐίξοέπτὲ
1115 2923 1202 2955 Nous
1212 2946 1223 2963 ,
1240 2934 1292 2962 pur

228 2979 477 3040 ωέξῐῖὲᾃηὲεδε
486 2974 888 3048 (ἰιιέἓξὶἰῗίὶῗῐζᾷοξπξιέᾳῐ’νεὲῖιξ
904 2973 976 3033 vivii}
998 2972 1156 3032 meetettezeEn
1171 3000 1294 3040 Arraye,

229 3048 265 3079 δε
280 3055 359 3078 vouz
373 3046 490 3077 Trehez
503 3055 518 3074 a
530 3043 624 3074 vostre
641 3044 697 3074 dite
712 3042 860 3082 Eglise,&
879 3051 896 3078 y
912 3041 1066 3071 demourez
1082 3048 1128 3070 tan
1150 3049 1185 3069 ue
1197 3049 1212 3069 a
1226 3049 1292 3070 nos-

231 3094 274 3116 tre
294 3085 408 3116 Retour
424 3094 461 3115 en
483 3081 579 3113 nostre
592 3082 633 3112 dit
648 3081 812 3118 Roiaume,
830 3089 902 3116 pour
916 3078 1115 3109 forciblement
1160 3077 1250 3110 efister
1266 3078 1292 3110 la

232 3123 342 3157 Malice
356 3123 392 3154 de
405 3124 482 3154 tieux
499 3120 625 3160 Enemys
639 3120 657 3150 si
672 3119 809 3158 busoigne
823 3119 909 3154 serra3
961 3156 966 3160 .

268 3162 306 3191 Et
321 3171 355 3191 ce
369 3171 405 3192 en
419 3160 494 3192 nulle
511 3158 630 3188 Manere
647 3168 683 3188 ne
698 3157 782 3187 leffez
799 3156 843 3186 sur
863 3156 887 3186 le
904 3154 978 3185 Perii
994 3154 1125 3185 Garrant.

266 3197 350 3229 Don.
366 3200 428 3231 &c.
441 3209 457 3229 a
468 3196 567 3229 nostre
580 3195 690 3236 Chastel
702 3196 734 3225 de
748 3193 898 3233 Porchestre
910 3194 936 3224 le
949 3194 996 3224 vii.
1007 3193 1078 3231 Jour
1090 3192 1218 3233 d'Augst.

266 3274 306 3305 'A
318 3275 403 3315 nostre
418 3274 477 3304 bien
491 3276 565 3304 Ame
582 3272 656 3304 clerc
665 3271 761 3313 Johan
778 3270 954 3310 Macworth,
971 3272 1052 3300 Dean
1067 3270 1099 3300 de
1113 3269 1224 3309 I’Eglifi
1237 3273 1292 3300 Ca·

233 3313 357 3345 thedrale
371 3313 404 3343 de
421 3312 526 3343 Nicole.

270 3388 417 3421 semblable
439 3391 539 3418 Lettre
555 3400 572 3418 a
590 3388 690 3428 Mestre
701 3387 802 3425 Henry
817 3386 926 3418 Weues
936 3408 946 3423 ,
965 3385 1143 3417 Arcedeakne
1160 3385 1192 3416 de
1207 3385 1293 3416 Nico·

233 3428 275 3469 Ie,
284 3437 337 3468 pur
354 3428 393 3457 lui
408 3426 500 3457 treher
514 3439 531 3457 a
544 3426 630 3466 I'Egli
645 3439 658 3457 e
670 3425 834 3456 Cathedrale
850 3426 882 3455 de
898 3424 1002 3455 Nicole.

458 3554 485 3581 Ξ*
497 3559 554 3589 Pro
573 3554 776 3599 Menestrallis
800 3557 830 3586 in
848 3552 923 3586 ditio
943 3556 980 3586 V
977 3556 1066 3601 iagio.

89 3576 109 3596 '¹‘
126 3577 183 3604 ix.

94 3624 224 3683 &sinn
240 3643 355 3706 CES
375 3643 437 3675 sont
457 3641 496 3673 les
515 3640 635 3672 Noums
653 3640 688 3671 de
705 3640 744 3670 les
762 3637 946 3671 Menestreux
964 3638 1003 3669 du
1020 3637 1090 3669 Roi.

95 3698 151 3755 AInff
157 3699 201 3764 ἒς]
240 3719 320 3757 John
338 3718 420 3758 cliff,
786 3713 912 3745 Waulter
925 3712 1064 3754 Hulisiay,

96 3771 130 3795 H.
148 3776 175 3801 5,
242 3757 353 3803 Thomas
365 3760 453 3797 Norys
467 3758 591 3795 Tromper
602 3778 613 3794 ,
787 3751 924 3792 Meysham
942 3754 1041 3792 Pyper,

135 3804 200 3832 Ihm,
242 3796 369 3824 Wzllmm
386 3795 554 3834 Baldwyn,
786 3793 895 3819 Bronne
913 3791 937 3818 P
950 3798 1012 3827 per,

240 3831 321 3870 John
340 3833 454 3871 Michel‚
787 3828 872 3868 Snyth
883 3831 920 3868 Fy
940 3826 1010 3865 eler,

241 3870 330 3899 Panel
345 3874 467 3908 Tromper
475 3893 485 3908 ,

240 3910 311 3936 Peut
329 3911 470 3946 Tromper,

240 3945 363 3975 Richard
375 3947 473 3985 Pyper,

240 3982 354 4013 Thomas
371 3982 510 4023 Halahy,

789 3868 831 3896 W
829 3865 915 3895 illium
932 3868 1063 3902 Langton

786 3903 901 3934 Thomas
917 3888 1092 3942 Hardffierd,

788 3941 914 3974 William
931 3940 1062 3982 Haliday.

652 77 1451 127 CONVENT'IONES,

1535 78 1933 139 LITERAE,

1373 162 1416 193 Le
1439 162 1508 203 Roy
1527 164 1605 208 veult
1629 164 1689 202 q'ils
1709 166 1782 194 aient
1804 164 1915 195 Garant
1930 174 2003 205 pour
2024 165 2099 197 ceste
2126 164 2235 205 Voiage
2248 174 2320 206 pour
2334 166 2406 199 leurs
2421 166 2499 199 Ann.
2513 169 2555 202 D.

1335 199 1429 241 Gages
1438 225 1448 239 ,
1466 202 1523 232 enfi
1538 202 1587 241 q'il
1601 213 1617 234 a
1630 203 1689 233 este
1701 203 1890 234 Acoustume.

1783 282 1824 311 H.
1844 279 2020 313 chambellan
2041 279 2248 319 d’Engleterre.

1372 352 1442 384 Dat.
1457 356 1530 385 xxix.
1547 354 1622 387 Maii
1635 356 1724 388 Anno
1738 357 1850 389 Tertio.

1641 493 1692 524 De
1720 494 1918 526 Arraiatione
1935 490 2094 537 facienda.

1336 571 1483 634 REX,
1501 574 1611 606 dilectis
1622 575 1667 620 ’ὃς
1691 575 1817 607 fidelibus
1831 577 1900 614 suis,
1917 576 2034 608 Roberto
2047 576 2161 617 Rokley,
2178 576 2313 608 Richardo
2323 578 2396 607 Red-
2412 576 2490 609 Ann.
2506 579 2549 610 D.

1418 623 1498 642 mane
1507 635 1517 650 ,
1536 615 1654 643 Henrtco
1668 614 1815 652 Hoghton,
1830 616 1864 647 ὃς
1879 615 2011 645 Halnath
2024 616 2220 655 Mauleverer,
2239 615 2398 655 MilitibuS,
2442 625 2529 657 1415.

1336 650 1452 681 Roberto
1478 652 1622 681 Waterton
1635 675 1644 689 ,
1669 651 1821 682 Willielmo
1846 653 2010 692 Gafioigne‚
2035 654 2141 685 Thomae
2161 656 2314 692 Redmane,
2337 655 2398 684 Ed·
2413 658 2468 683 An.
2484 666 2512 693 3.

1336 690 1434 719 mundo
1454 689 1518 719 Filz
1532 692 1575 720 W
1573 690 1675 728 illium,
1694 690 1801 720 Thomae
1818 689 1934 728 clarell,
1950 691 2079 730 Johanm'
2093 693 2127 722 de
2143 693 2281 735 Wortley,
2297 693 2400 723 Rober-
2416 697 2450 720 H·
2465 703 2496 730 5.

1337 734 1372 773 to·
1387 728 1522 774 Tempest,
1540 728 1682 767 Radulpho
1703 728 1828 769 Pudfizy,
1844 730 1877 760 ὃς
1892 729 2008 760 Roherto
2027 731 2223 772 Mauleverer,
2238 742 2273 764 ac
2291 735 2319 763 V
2321 735 2400 763 iceco-
2414 735 2474 761 Pat.
2496 742 2522 771 3.

1335 773 1396 795 mm
1409 767 1544 806 Eborum,
1561 768 1697 798 Salutem·
2416 775 2451 798 H.
2464 780 2493 806 5.

1372 805 1467 843 Qn'a,
1485 814 1515 836 ut
1536 807 1617 836 vobis
1633 807 1693 837 saris
1707 805 1833 844 constat,
1847 807 1960 845 sumus,
1978 815 2048 837 curn
2062 806 2118 837 Dei
2132 809 2289 849 adjutorio,
2306 810 2400 843 versus
2415 815 2440 845 p-
2457 819 2481 839 2.
2493 819 2532 838 m·

1335 853 1423 888 partes
1443 843 1573 884 Exteras,
1592 855 1645 883 pro
1663 845 1894 885 Recuperatione
1915 846 1948 876 &
1972 845 2133 883 Adeptione
2147 847 2349 880 Haereditatum
2366 851 2400 881 δε
2418 857 2463 886 37-
2481 849 2509 878 d.

1332 881 1447 920 Jurium
1466 882 1594 927 Coronae
1607 883 1729 922 nostrae,
1745 886 1761 914 a
1775 885 1840 922 diu,
1858 892 1889 914 ut
1904 883 2016 914 cundiis
2032 884 2138 922 liquet,
2154 886 2289 924 injuriose
2298 887 2399 920 deten-

1336 929 1450 960 torum,
1464 931 1494 950 in
1510 923 1644 959 proximo
1659 924 1828 960 profecturi,

1373 958 1421 1002 Et·
1432 959 1559 990 volentes
1579 961 1699 1000 proinde
1719 971 1772 1000 pro
1792 961 1950 992 Salvatione
1962 961 1995 992 &
2010 960 2185 993 Defenfione
2202 961 2297 1002 Regni
2309 963 2398 995 nostri

1334 995 1466 1040 Angliae,
1483 1007 1583 1042 contra
1602 999 1746 1029 Malitiarn
1769 999 1957 1031 Inimicorum
1977 999 2139 1031 nostrorum
2162 1000 2352 1042 Exterorum,
2377 1002 2397 1034 fi

1338 1035 1424 1073 illud,
1442 1035 1541 1066 Nobis
1554 1047 1583 1066 1n
1599 1036 1734 1081 Remotis
1749 1037 1787 1068 fic
1802 1050 1816 1069 a
1836 1039 1963 1075 entibus,
1981 1038 2089 1077 ingredi
2104 1039 2192 1078 (quod
2207 1040 2288 1077 abfit)
2308 1041 2341 1071 &
2352 1041 2397 1071 in-

1331 1074 1434 1143 ἕεάετε
1457 1074 1696 1115 praesumpserint,
1719 1084 1803 1115 prout
1849 1078 1904 1108 otis
1921 1076 2100 1116 astringimur
2124 1079 2287 1117 praecipuis,
2301 1080 2397 1119 provi-

1352 1123 1398 1143 ere
1408 1137 1417 1151 ,

1369 1151 1577 1191 Affignavimus
1589 1152 1669 1191 Vos,
1687 1152 1864 1191 conjunctim
1901 1152 1935 1184 &
1951 1152 2078 1192 divifim,
2095 1154 2130 1185 ad
2144 1164 2246 1186 omnes
2256 1155 2291 1186 ὃς
2305 1155 2343 1187 fin
2365 1167 2398 1189 u-

1332 1189 1375 1221 los
1395 1190 1538 1234 Homines
1559 1192 1594 1222 ad
1615 1192 1722 1230 Arma,
1739 1202 1772 1223 ac
1791 1192 1859 1223 alios
1872 1175 2018 1222 i-iomines
2032 1191 2236 1232 Defensabiles,
2254 1203 2314 1225 tarn
2361 1206 2398 1226 o-

1335 1229 1453 1274 belarios
1469 1253 1479 1269 ,
1500 1231 1587 1270 quam
1611 1231 1785 1270 Sagittarios,
1810 1230 1883 1261 infra
1904 1229 2163 1269 Westrithingum,
2190 1233 2221 1262 in
2247 1231 2397 1265 Comitatu

1333 1268 1493 1312 praedicto,
1510 1278 1568 1302 tarn
1589 1269 1662 1300 infra
1681 1269 1856 1308 Libertates,
1873 1270 1960 1309 quam
1980 1277 2071 1308 extra,
2090 1272 2322 1310 commorantes,
2339 1272 2397 1303 Ar-

1333 1308 1477 1338 raiandum
1492 1309 1526 1340 &
1540 1307 1699 1340 Triandum
1709 1333 1719 1347 ,
2414 1317 2417 1318 ⁷

1372 1345 1410 1375 Et
1426 1356 1490 1385 eos,
1508 1346 1546 1376 fic
1570 1346 1710 1377 Arraiatos
1733 1346 1870 1377 continue
1891 1347 1921 1376 in
1933 1344 2107 1376 Arraiatione
2122 1346 2298 1387 hujusmodi,
2315 1348 2349 1380 &
2367 1349 2398 1380 in

1335 1382 1479 1423 Millenis,
1489 1384 1649 1428 Centenis,
1667 1385 1701 1416 ὃ(
1716 1384 1857 1423 Vintenis‚
1873 1384 1907 1415 &
1923 1385 1999 1416 aliter
2014 1394 2098 1423 prout
2112 1387 2286 1418 conveniens
2297 1387 2331 1419 ὃς
2346 1396 2398 1419 ne-

1334 1423 1409 1454 cesse
1425 1424 1526 1462 fuerit,
1542 1424 1632 1454 teneri
1646 1425 1680 1455 ὃ(
1695 1425 1764 1462 poni
1782 1422 1963 1461 faciendum,

1373 1461 1420 1506 Ac
1447 1463 1532 1493 etiam
1556 1462 1591 1492 ad
1614 1471 1680 1500 eos,
1694 1471 1751 1493 tam
1774 1463 1808 1492 ad
1828 1461 1981 1492 Costeram
1996 1460 2109 1501 Maris,
2127 1465 2215 1502 quam
2230 1463 2283 1495 alia
2295 1464 2397 1505 Loca,

1335 1501 1385 1531 ubi
1404 1502 1438 1533 &
1462 1502 1590 1539 quotiens
1608 1501 1722 1531 neceffe
1739 1499 1842 1538 fuerit,
1857 1500 1893 1531 ad
1912 1500 2004 1531 dictos
2017 1500 2154 1533 Inimicos
2167 1501 2278 1533 nostros
2292 1502 2396 1543 Expel-

1334 1539 1449 1570 lendum
1459 1561 1468 1577 ,
1487 1538 1714 1578 Debellandum‚
1734 1539 1768 1570 &
1784 1538 2015 1578 Destruendum,
2031 1539 2068 1570 de
2083 1549 2212 1579 tempore
2224 1541 2252 1570 in
2266 1550 2393 1581 ternpus,

1331 1578 1403 1648 gum
1427 1578 1538 1618 aliquod
1559 1578 1718 1618 periculum
1739 1578 1889 1610 immineat
1905 1599 1916 1616 ‚
1948 1576 2125 1610 Ducendum
2147 1580 2182 1611 &
2203 1579 2269 1611 duci
2288 1581 2396 1613 facien-

1353 1626 1401 1647 um
1411 1640 1423 1656 ‚

1371 1655 1408 1686 Et
1424 1656 1458 1687 ad
1475 1654 1643 1687 Monstrum
1660 1655 1717 1688 five
1732 1654 1975 1687 Monstrationem
1990 1656 2159 1687 eorumdem
2174 1656 2344 1688 Hominum
2358 1658 2396 1690 ad

1332 1693 1439 1732 Arma,
1455 1693 1676 1725 Hobelariorum
1713 1695 1746 1726 &
1768 1694 1993 1734 Sagittariorum,
2010 1695 2047 1725 de
2068 1703 2196 1733 tempore
2217 1697 2247 1726 in
2270 1705 2380 1737 tempus

1332 1735 1462 1777 quotiens
1477 1717 1799 1772 indiguerit,diiigenter
1815 1732 1976 1764 Faciendum
1990 1733 2024 1763 &
2037 1733 2290 1772 supervidendum3
2385 1719 2396 1736 ²

1371 1771 1409 1802 Et
1429 1771 1495 1802 ideo
1520 1773 1604 1803 vobis
1641 1772 1674 1802 &
1697 1772 1814 1802 cuilibet
1830 1768 1974 1809 vestrum,
1991 1770 2143 1802 distrietius
2155 1782 2215 1811 quo
2230 1773 2378 1811 poffumus

1332 1810 1509 1855 Iniungirnus
1528 1812 1562 1842 &
1584 1794 1755 1840 Mandamus
1769 1809 1847 1849 quod
1861 1809 1974 1847 statim,
1991 1809 2054 1840 vifis
2070 1808 2271 1849 Praesentibus,
2287 1821 2339 1842 vos
2350 1797 2395 1850 ipl

1332 1850 1376 1880 sos
1396 1849 1516 1880 Arrarari
1537 1849 1570 1880 &
1594 1849 1722 1887 Armati,
1740 1858 1772 1880 ac
1797 1857 1899 1878 omnes
1920 1848 1953 1878 δε
1975 1846 2095 1887 singulos
2113 1847 2259 1879 Homines
2269 1849 2394 1880 Westri-

1333 1889 1422 1932 thingi
1436 1887 1580 1928 praedicti,
1598 1888 1632 1918 ad
1651 1887 1851 1918 Laborandum
1867 1893 2005 1924 potentes,
2019 1896 2118 1917 coram
2133 1887 2214 1917 vobis
2229 1889 2336 1926 venire,
2349 1889 2394 1926 &‚

1328 1935 1406 1966 Juxta
1424 1928 1498 1957 sanas
1521 1927 1700 1956 discretiones
1721 1925 1842 1962 vestras,
1861 1925 2000 1962 Arraiari,
2017 1925 2147 1963 Armari,
2166 1926 2200 1956 &
2215 1925 2343 1964 Muniri,
2359 1936 2394 1957 ac

1330 1975 1396 2004 eos,
1413 1966 1451 1996 s1c
1473 1965 1633 2003 Arraiatos‚
1651 1965 1802 2003 Armams,
1817 1964 1851 1995 &
1874 1963 2007 1994 Munitos
2020 1985 2031 2002 ‚
2052 1964 2083 1994 in
2101 1963 2277 1996 Arraiatione
2300 1964 2396 2004 hujus-

1332 2004 1412 2034 modi
1428 2005 1515 2035 teneri
1531 2004 1651 2042 faciatis,
1995 2029 1999 2033 .

1369 2042 1405 2073 Et
1428 2042 1539 2080 insuper
1561 2042 1662 2082 Signa,
1687 2048 1789 2074 vocata
1805 2041 1929 2081 Bekyns,
1953 2041 1984 2072 in
2002 2039 2073 2072 locis
2094 2040 2247 2080 consuetis,
2262 2051 2313 2080 per
2330 2051 2396 2082 quae

1331 2080 1441 2112 Gentes
1464 2081 1582 2120 Patriae,
1605 2081 1640 2112 de
1664 2081 1786 2112 adventu
1810 2080 1999 2112 Inimicorum
2024 2078 2185 2118 hujusmodi
2209 2079 2396 2121 Exterorum,

1331 2128 1484 2160 potuerunt
1499 2130 1555 2151 con
1576 2122 1630 2151 ruis
1645 2120 1820 2160 temporibus
1835 2118 2018 2157 praemuniri,
2035 2118 2124 2156 poni,

1368 2159 1406 2191 Et
1421 2159 1534 2190 eosdem
1549 2128 1709 2197 lglomines,
1722 2159 1760 2189 fic
1776 2158 1924 2196 Armatos,
1939 2157 2097 2194 Arraiatos,
2111 2157 2145 2187 δε
2160 2155 2310 2196 Munitos,
2325 2157 2398 2189 cum

1330 2198 1489 2266 Bericulum
1509 2198 1673 2236 immineat,
1698 2199 1728 2228 in
1748 2195 1953 2227 Defenfionem
1978 2195 2012 2226 &
2034 2195 2227 2226 Salvationem
2247 2195 2276 2226 R
2335 2197 2344 2227 i
2361 2197 2397 2228 &

1356 2238 1433 2267 atriae
1455 2236 1676 2274 praedictorum,
1697 2236 1733 2267 de
1752 2243 1880 2274 tempore
1906 2236 1937 2265 in
1961 2242 2090 2271 ternpuS,
2106 2242 2163 2264 tam
2187 2235 2222 2266 ad
2244 2233 2294 2265 Co
2322 2244 2398 2268 eram

1330 2274 1438 2313 Maris,
1455 2276 1542 2314 qu‘arn
1559 2275 1609 2308 alia
1631 2274 1728 2312 Loca,
1743 2274 1793 2304 ubi
1816 2274 1904 2312 magis
1917 2270 2146 2314 neceflenfueriss
2164 2280 2248 2312 prout
2260 2274 2398 2305 haetenus

1330 2314 1360 2344 in
1383 2314 1446 2346 casu
1462 2314 1601 2345 confimili
1613 2313 1812 2344 rationabiliter
1829 2311 1889 2343 fieri
1904 2310 2070 2348 consuevit,
2088 2311 2122 2343 &
2136 2311 2299 2344 neceffitatis
2309 2322 2397 2344 even-

1330 2360 1374 2384 tus
1389 2353 1524 2391 exigerit,
1542 2352 1608 2384 duci
1623 2352 1727 2383 faciatis

1352 2390 1415 2436 'Ita‘
1423 2391 1518 2429 quod,
1535 2400 1588 2431 pro
1605 2390 1720 2422 defe&u
1734 2374 1928 2427 Definitionis,
1947 2390 1981 2421 &
1997 2389 2193 2428 Arraiationis,
2209 2389 2253 2420 seu
2268 2388 2395 2420 Duetio-

1330 2440 1372 2461 ms
1388 2429 1532 2461 dretorum
1551 2429 1732 2467 Hominum,
1750 2429 1795 2460 vel
1809 2439 1858 2468 per
1873 2428 2092 2468 Negligentiam
2106 2427 2242 2466 vestram,
2260 2427 2395 2466 Dampna

1330 2469 1432 2514 Patriae
1454 2468 1607 2538 1raedieffe,
1625 2476 1671 2500 aut
1684 2468 1761 2507 alias,
1780 2477 1828 2508 per
1845 2466 1981 2498 Inimicos
1996 2466 2115 2504 nosti-03,
2129 2466 2238 2497 amodo
2250 2475 2312 2496 non
2327 2474 2395 2497 eve-

1329 2516 1408 2538 mant
1424 2518 1442 2538 u
1464 2517 1483 2538 0
1498 2517 1548 2537 mo
1568 2517 1607 2538 o:
1938 2532 1939 2535 ,

1366 2545 1479 2577 Damus
1491 2553 1586 2576 autem
1606 2545 1736 2577 univerfis
1746 2545 1781 2577 &
1798 2544 1910 2583 fingulis
1922 2541 2102 2579 Comitibus,
2118 2541 2292 2582 Bai-onibus,
2311 2542 2394 2573 Mili-

1329 2585 1418 2622 tibus,
1436 2583 1612 2622 Maioribus,
1631 2583 1755 2621 Ballivis‚
1770 2582 1925 2620 Ministris‚
1942 2591 1976 2612 ac
1999 2582 2056 2612 aliis
2075 2581 2217 2612 Fidelibus
2237 2582 2272 2612 &
2296 2581 2393 2622 Ligeis

1329 2623 1431 2654 nostris
1448 2622 1650 2659 Westrithingi
1668 2621 1814 2660 praedieci,
1831 2622 1851 2640 ³²
1865 2629 1924 2651 tam
1941 2619 2011 2651 infra
2028 2618 2198 2657 ubertates,
2214 2621 2300 2659 quam
2315 2629 2392 2652 extra
2408 2624 2424 2642 ¹*
2446 2625 2499 2654 lx.

1330 2661 1450 2692 Tenore
1464 2659 1666 2698 Praesentium,
1683 2659 1799 2690 firmiter
1814 2660 1844 2689 in
1858 2657 2017 2697 mandatis,
2056 2659 2115 2688 uod
2133 2657 2242 2697 Vobis,
2259 2659 2294 2691 &
2309 2659 2390 2690 cuili-
2406 2665 2472 2702 ²5⁶·

1330 2701 1378 2731 bet
1393 2698 1538 2738 vestrum,
1553 2699 1582 2729 in
1597 2697 1775 2742 Executione
1788 2696 2020 2736 Praemifforum‚
2035 2667 2218 2729 ‘intendentes
2231 2696 2389 2737 fint,Con-

1330 2738 1464 2775 solentes,
1481 2738 1515 2769 &
1530 2736 1715 2775 Auxiliantes,
1732 2744 1815 2776 prout
1827 2735 1918 2767 decet.

1367 2777 1402 2808 In
1421 2777 1500 2814 cujus
1533 2776 1593 2806 &c.
1899 2817 1904 2822 ι
2019 2813 2025 2819 .
2090 2814 2095 2821 .
2183 2813 2199 2820 ..

1401 2814 1490 2846 Teste
1503 2798 1586 2854 itege
1601 2812 1675 2855 apud
1690 2812 1964 2856 Wellmonastermm,
1980 2821 2054 2844 xxix.
2067 2813 2114 2846 die
2126 2811 2209 2845 Mau.

1979 2892 2036 2921 Per
2053 2889 2135 2930 ipsum
2153 2890 2256 2928 Regem.

1330 2979 1501 3011 Confimfles
1524 2979 1629 3010 Literae
1650 2977 1739 3018 Regis
1752 2978 1881 3010 Patentes
1897 2978 2053 3018 diriguntur
2069 2975 2198 3008 Personis
2213 2975 2387 3016 subscriptis,

1363 3017 1604 3096 metilomitatibus
1626 3018 1659 3049 ὅτ.
1682 3017 1769 3050 Locis
1787 3017 1964 3058 subscriptis,
1978 3015 2030 3048 sub
2053 3016 2152 3048 eadem
2173 3014 2267 3055 Data;
2291 3015 2389 3048 videli-

1365 3134 1506 3174 Radulpho
1520 3137 1552 3166 de
1566 3137 1660 3164 Evere
1677 3131 1774 3164 Militi.

1366 3173 1513 3204 Willielmo
1531 3171 1659 3209 Fulthorp
1674 3171 1771 3203 Militi.

1363 3211 1470 3243 rhomae
1487 3210 1589 3249 Roythe
1603 3209 1701 3240 Militi.

1363 3251 1482 3281 Roberto
1492 3253 1602 3280 coniers
1618 3247 1715 3280 Militi.

1363 3288 1491 3328 Johanni
1505 3288 1537 3317 de
1553 3291 1662 3317 Barton
1679 3287 1838 3326 Armigero.

1363 3327 1472 3358 Thomae
1487 3326 1626 3356 Crathorn
1638 3326 1798 3366 Armigero.

1364 3369 1451 3403 Roger
1465 3365 1528 3394 Ask
1549 3364 1708 3403 Armigero.

1367 3402 1518 3435 Willielmo
1537 3406 1660 3432 fencotes
1678 3403 1843 3440 Armigero.

1368 3444 1412 3472 W
1410 3440 1518 3471 illielmo
1532 3441 1565 3471 de
1580 3440 1683 3478 Burgh.

1368 3483 1397 3512 V
1397 3483 1522 3511 icecomiti
1540 3479 1670 3509 Eborum.

2146 3262 2175 3292 in
2189 3262 2390 3298 Northrithina

2144 3309 2184 3340 go
2203 3301 2233 3331 in
2248 3299 2336 3335 Com.
2348 3300 2387 3333 E·

2105 3132 2130 3248 ‘1

2107 3250 2258 3514 j..

2106 3552 2125 3582 ,

2119 3583 2131 3729 l

2161 3704 2191 3735 in
2211 3704 2388 3747 Estrithingo

2117 3732 2173 3786 ?in
2192 3742 2283 3777 Com.
2307 3746 2389 3778 Ebo-

2104 3789 2135 3971 ᾗ
2143 3790 2206 3813 rum

2252 4008 2366 4041 Roberta

1367 3558 1484 3589 Roberto
1502 3556 1601 3586 Hilton
1620 3555 1718 3587 Militi.

1367 3596 1494 3636 Johanni
1509 3597 1598 3625 Etton
1617 3594 1716 3625 Militi.

1366 3633 1517 3665 Edmumdo
1530 3632 1678 3674 Hastynges
1692 3632 1790 3664 Militi.

1364 3673 1494 3712 Johanni
1509 3671 1601 3701 Routh
1621 3672 1718 3703 Militi.

1364 3714 1446 3742 Petro
1464 3709 1533 3739 dele
1551 3711 1624 3750 Hay.

1365 3750 1472 3780 Thomae
1490 3749 1657 3785 Egmanton.

1365 3788 1480 3817 Roberto
1499 3786 1642 3826 Rudslane.

1368 3824 1515 3856 Willielmo
1535 3824 1644 3891 Ybrsly.

1366 3865 1483 3892 Henrico
1501 3861 1599 3900 Neifel
1617 3884 1627 3900 ,

1365 3901 1473 3931 Thomae
1489 3903 1554 3941 Seyn
1574 3907 1682 3940 uyntyn.

1366 3942 1395 3970 V
1395 3941 1519 3970 icecomiti
1533 3939 1559 3969 Ε
1578 3948 1661 3968 orum.
