2562 4274
745 136 856 178 ET
940 138 1202 180 ACTA

57 211 190 245 Ann.1).

77 260 161 291 1415.
208 262 224 265 r

53 295 116 331 Hya.
135 301 162 326 5.

395 304 442 339 De
457 307 577 351 Magno
602 306 719 338 circulo
739 309 836 340 Aureo
848 312 967 356 Pignori
977 308 1060 343 dato.

53 395 129 428 Arm,
145 393 186 425 D.
204 388 330 457 RE}
343 388 511 457 Omnibus,
525 388 559 420 ad
577 400 662 429 quos,
683 392 745 422 &c.
783 391 915 424 Salutem.

322 435 398 456 cratis
433 438 473 457 uo

54 441 160 508 ,41714135‘
238 464 336 502 Cum,
354 437 526 496 Vencgrabilis
541 465 622 496 Pater
659 469 790 497 Henricus
806 468 1018 509 Archiepiftopus
1027 471 1246 511 Cantuarienfis,

52 514 86 536 H.
105 520 133 545 4.
200 504 233 533 &
247 502 391 542 Johannes
404 504 553 544 Wkeryng
575 489 678 535 Custos
693 505 795 548 Privati
812 508 897 546 Sigilli
921 509 1004 539 nostri
1055 510 1247 548 Αυὲὶοι-ίῑᾱῑε,

53 548 162 576 medn,
199 541 358 584 Pooestare,
376 541 410 572 δε
427 541 565 572 Mandato
581 543 696 581 nostris,
717 545 766 574 {ibi
780 548 933 584 attributis,
951 532 1059 578 dilegtis
1074 548 1173 586 nobis,

52 587 95 620 36-
236 583 343 618 Majori
356 602 366 619 ,
390 582 418 610 V
420 580 594 609 icecomitibur
609 603 618 618 ,
642 580 680 616 ὠ·
703 585 870 613 Comunitati
900 588 1034 615 Civitatis
1053 585 1149 626 nostrae
1171 587 1246 615 Nor-

199 629 262 647 wlsl
362 637 364 639 ·

234 641 342 695 Mztjori
354 656 392 691 ό·
408 658 575 686 Comunitati
589 659 617 685 V
618 656 707 688 illaede
721 662 827 698 Lewze,

235 694 378 730 Magistro
393 697 435 724 W
434 694 544 724 illielmo
559 695 706 735 Wstacre,

236 735 280 763 W
278 732 384 762 illielmo
400 736 442 762 W
441 732 518 764 allon
527 756 536 770 ,

233 770 269 801 Et
286 771 418 800 Nicholao
432 771 570 811 Scounfht,

234 809 284 839 De
298 808 446 840 Comitatu
460 810 655 848 Norffolciae,

230 846 287 877 Pro
302 847 454 879 Securitate
471 849 660 879 Resolurionis
673 846 756 879 Mille
771 849 934 881 Marcarum
946 873 955 888 ,
973 850 1006 880 ad
1023 860 1092 887 opus
1114 851 1242 882 nostrum

194 886 281 954 abdelis
300 886 510 926 Mutuatarum,
527 889 560 918 &e
574 888 758 919 Thesaurario
777 888 873 918 nostro
895 888 1009 925 Angliae.
1034 889 1243 929 Liberatarum,

194 934 223 954 v1
245 932 318 955 eitet

228 966 274 994 De
288 948 341 993 illi's
353 964 434 994 dillae
449 966 583 993 Civitatis
594 962 689 1002 nostrae
704 965 844 1002 Norwki,
860 963 1038 1002 Qiingentas
1054 964 1168 997 Marcas
1176 989 1185 1004 ,

229 1005 275 1032 De
289 1001 342 1031 illis
356 1003 435 1032 did‘t‘ae
454 1005 482 1032 V
483 1002 536 1031 illae
549 1001 580 1031 de
594 1004 704 1038 Lenne,
724 1001 949 1040 Qiadringentas
967 1003 1078 1034 Marcas
1087 1026 1096 1042 ,

227 1039 275 1069 De
290 1040 426 1078 praedidm
445 1038 592 1069 Willielmo
609 1042 658 1068 We
681 1049 758 1077 acre,
778 1040 970 1079 Qadraginta
986 1041 1099 1080 LibraS,

226 1077 276 1108 De
293 1078 410 1116 praefato
427 1076 576 1108 Willielmo
592 1080 644 1107 Wa
656 1085 719 1114 ton,
741 1078 850 1115 Viginti
867 1079 982 1118 Libras,

228 1115 266 1146 Et
283 1118 319 1147 de
338 1116 475 1154 praedieto
494 1115 643 1154 Nicholao,
660 1116 773 1146 Decem
795 1116 926 1154 Marcas,

223 1154 328 1185 Unum
350 1155 494 1194 Magnum
517 1153 649 1184 Circulum
677 1157 801 1184 Aureum
832 1155 1019 1186 Garnizatum
1034 1179 1043 1194 ,
1068 1156 1238 1186 deliberave-

186 1201 251 1222 runt
259 1215 269 1231 ,
286 1201 372 1231 pr-out
385 1194 414 1223 in
433 1192 595 1230 quibusdam
621 1192 666 1222 ΙΝ
678 1202 698 1222 D
706 1201 724 1222 E
733 1201 755 1223 N
766 1202 788 1223 T
797 1202 820 1223 υ
831 1202 854 1223 R
864 1202 875 1223 1
886 1204 897 1224 s
908 1217 917 1232 ,
943 1196 1011 1224 inter
1027 1195 1098 1232 ipsos
1120 1194 1239 1223 Archie-

180 1229 311 1269 ptftopum
328 1232 361 1261 &
377 1229 528 1271 Custodem,
545 1231 579 1261 &
596 1232 726 1269 praefatos
743 1232 884 1269 Μῄονες,
911 1234 938 1260 V
938 1237 1095 1272 ifecomites,
1112 1235 1221 1261 Comani
1227 1249 1233 1252 -

185 1276 272 1308 tates,
295 1269 490 1308 Willielmum,
507 1271 540 1301 &
559 1269 739 1307 Nicholaum,
758 1270 824 1299 inde
849 1270 1004 1308 confectis,
1024 1271 1131 1308 plenius
1154 1279 1236 1308 pote—

189 1316 223 1337 rit
238 1318 383 1346 apparere,

225 1347 294 1377 Nos

224 1385 281 1415 Pro
302 1369 452 1417 ’Securitate
465 1408 474 1423 ,
499 1384 703 1423 praedicstorum
727 1383 868 1419 Maiarum
881 1407 890 1419 ,
917 1388 1124 1423 Vicecomitum,
1142 1388 1236 1414 Comu-

186 1426 323 1461 m'tatum,
342 1423 503 1461 Willielmi,
523 1422 683 1461 Willielmi,
702 1425 735 1455 &
750 1422 896 1461 Nicholai,
915 1425 942 1452 in
959 1425 1011 1454 hac
1038 1433 1111 1461 parte
1127 1446 1137 1462 ,
1169 1433 1236 1463 pro-

188 1462 292 1500 spicere
313 1464 440 1493 volentes
471 1471 502 1492 ut
517 1469 660 1500 tenemur,

223 1500 361 1531 Volumus
377 1503 411 1532 &
428 1485 636 1537 doncedimus,
655 1509 703 1538 per
720 1499 870 1531 Praesentes
904 1500 1001 1539 quod,

220 1538 253 1568 ln
272 1539 333 1569 casu
351 1549 409 1577 quo
423 1538 515 1568 dietus
530 1538 663 1576 circulus,
682 1548 729 1577 per
750 1537 835 1576 Nos,
853 1523 1003 1576 Haeredes,
1022 1547 1067 1569 aut
1085 1538 1230 1569 Executo-

182 1586 223 1607 res
238 1575 365 1616 nostros,
382 1577 453 1607 infra
471 1586 561 1606 unum
583 1576 699 1606 Annum
722 1577 755 1608 &
776 1576 941 1606 Dimidium
956 1600 965 1614 ,
989 1586 1022 1606 ac
1036 1587 1124 1607 unum
1150 1576 1235 1607 Men-

182 1616 259 1653 sem,
277 1617 420 1654 proximos
431 1614 495 1653 post
510 1614 719 1652 Receptionem
739 1614 864 1653 ejusdum
887 1615 1001 1653 Circulz',
1019 1626 1077 1645 non
1095 1617 1235 1653 acquiere-

186 1660 230 1684 tur

218 1676 334 1723 Eixtunc
352 1692 428 1723 berse
451 1691 533 1722 liceat
548 1691 652 1722 eisdem
664 1714 674 1729 ‚
700 1691 853 1729 Majoribus
869 1714 878 1729 ,
903 1694 931 1721 V
932 1692 1122 1730 icecomitibus,
1144 1695 1237 1721 Comu-

180 1730 332 1769 nitatibus,
349 1729 515 1768 Willielmo,
535 1729 699 1768 Willielmo,
717 1731 750 1761 &
768 1730 919 1768 Nicholao,
937 1740 970 1760 ac
984 1732 1058 1767 aliis,
1077 1731 1177 1768 quibus
1192 1731 1236 1774 di·

179 1768 242 1799 <stus
261 1768 395 1807 Circulus,
415 1779 463 1807 per
481 1778 528 1799 eos
542 1768 720 1807 liberabitur,
738 1768 801 1806 post
819 1768 905 1798 finem
921 1769 1044 1806 ejusdem
1066 1769 1237 1806 Menfis,m·

181 1808 234 1842 de,
253 1807 408 1839 secundum
425 1809 501 1838 suam
519 1807 694 1837 voluntatem
708 1829 718 1844 ,
743 1806 888 1845 disponere
902 1829 911 1844 ,
927 1808 1028 1846 absque
1053 1807 1237 1845 Impetitione

182 1845 288 1884 nostri,
307 1843 353 1876 seu
366 1845 525 1876 Haeredum
542 1845 723 1883 nostrorum,
1075 1885 1079 1889 .

218 1883 336 1914 Proviso
362 1883 467 1922 semper
492 1883 570 1921 quod
598 1883 636 1919 (si
653 1883 722 1913 Nos
741 1882 851 1914 dierum
871 1882 1027 1921 Circulum,
1053 1893 1122 1914 citra
1147 1882 1234 1926 finem

178 1921 301 1956 eiusdem
317 1922 444 1960 Mensis,
461 1922 615 1961 acquietare
637 1921 806 1959 fecerimus)
833 1930 936 1952 extunc
960 1921 1067 1959 praefati
1096 1925 1237 1959 Malores,

178 1963 208 1990 V
208 1964 365 1997 icecomites,
384 1964 585 1998 Comunitates,
608 1959 789 1998 Willielmus,
814 1959 998 1998 Willielmus,
1019 1962 1052 1992 &
1067 1959 1234 1998 Nicholaus,

177 1998 310 2028 circulum
329 1998 424 2028 Nobis
443 1997 618 2029 reddendum
641 1998 674 2029 ὃς
689 1998 891 2028 restituendum
905 2021 915 2035 ,
938 1998 1010 2029 adeo
1031 2000 1155 2037 integre,
1171 1999 1230 2028 abs-

177 2046 233 2074 que
246 2036 382 2067 frafflone
394 2037 440 2067 seu
459 2037 646 2075 pejoratione,
665 2037 734 2068 sicut
747 2036 884 2076 Circulus,
900 2036 947 2066 ille
961 2038 999 2067 eis
1013 2037 1141 2068 liberatus
1159 2037 1230 2076 fuit,

181 2083 326 2106 teneantur

217 2113 263 2143 Ac
282 2113 312 2149 (si
320 2097 411 2144 d’ietus
427 2111 565 2151 circulus,
578 2111 714 2152 perium,
733 2114 834 2153 quibus
841 2112 877 2143 fic
892 2113 1106 2152 deliberabitur,
1121 2123 1233 2145 exnunc

177 2151 327 2188 vendatur)
349 2160 415 2182 tunc
438 2151 505 2190 ipsi,
530 2151 683 2189 Haeredes,
708 2152 902 2190 Succeffores,
921 2153 954 2184 ὃς
975 2151 1164 2190 Executores,
1184 2163 1233 2191 per

177 2189 343 2228 praesentes,
361 2191 396 2220 ad
414 2189 657 2228 Respondendum
673 2189 788 2228 Nobis,
807 2190 993 2228 Haeredibus,
1010 2190 1234 2230 Executoribus,

177 2229 223 2258 seu
241 2227 389 2268 Affignatis
403 2228 518 2267 nostris,
536 2228 572 2259 de
593 2228 808 2267 Superplusagio
827 2229 894 2259 inde
908 2251 919 2268 ,
950 2238 1093 2259 teneantur
1108 2229 1142 2260 ὅ(
1158 2230 1232 2260 obli—

178 2273 296 2304 geritur,

216 2303 249 2334 In
262 2304 356 2342 cujus,
374 2306 436 2336 &c.

248 2342 336 2374 Teste
358 2342 439 2382 Rege
458 2342 530 2381 apud
547 2342 822 2384 Westmonasterium,
840 2343 955 2376 decimo
974 2352 1073 2383 quarto
1080 2343 1139 2382 ‚die
1154 2344 1232 2385 Julii.

683 2423 737 2451 Per
749 2424 841 2452 Breve
852 2422 884 2452 de
896 2424 1015 2452 Privato
1029 2420 1128 2459 sigillo.

46 2558 67 2576 ι
85 2558 140 2589 [χ.
449 2545 476 2572 ³⁶
506 2548 554 2581 De
573 2543 709 2590 Monstro
719 2544 950 2593 sttpervia'endo.

26 2597 161 2665 suffixo.
243 2634 328 2672 EX,
345 2632 463 2664 Dilecto
479 2633 512 2663 &
528 2631 615 2662 Fiden
641 2631 689 2662 suo
704 2654 714 2669 ‚
736 2631 872 2662 Richardo
887 2633 1042 2671 neaeman,
1059 2642 1109 2672 ac,
1126 2631 1231 2664 diiecto

54 2681 140 2711 1415.
263 2672 380 2704 Clerico
391 2671 457 2709 suo,
472 2670 601 2710 Johanni
615 2673 766 2708 straunge,
783 2670 919 2702 Salutem.

26 2714 81 2741 An.
103 2721 129 2748 3.
221 2711 320 2741 Sciatis
335 2710 413 2748 quod
430 2710 518 2746 Nos,
686 2747 690 2752 Ι
842 2748 846 2752 .

27 2752 61 2777 H.
81 2758 108 2783 5.
214 2748 263 2779 De
282 2748 424 2779 Fidelitate
437 2749 469 2778 &
484 2745 748 2783 circumspectione
764 2746 860 2776 vestris
875 2746 982 2785 plenius
996 2746 1185 2786 confidentes,

27 2789 88 2813 Pae.
101 2797 125 2823 3.
215 2787 426 2824 Affignavimus
437 2796 488 2816 vos
501 2785 678 2822 conJ'unffim
695 2807 705 2823 ‚
730 2786 764 2816 ὃ(
785 2786 915 2824 divisim,
937 2786 971 2816 ad
988 2785 1151 2816 Monstrum
1175 2787 1230 2818 five

27 2828 62 2851 H.
72 2832 129 2859 542.
139 2835 165 2853 2.
180 2825 419 2856 Monstrationem
432 2823 597 2854 Hominum
610 2822 645 2854 ad
661 2823 750 2853 Arma
763 2845 773 2861 ,
798 2823 982 2854 Armatorum
992 2846 1001 2862 ,
1018 2825 1052 2855 δε
1071 2824 1230 2864 Sagittario·

58 2884 64 2889 .
91 2872 118 2891 0.
151 2885 158 2892 .

27 2871 57 2889 m
70 2872 88 2898 4
133 2865 148 2891 d
183 2874 279 2941 ruffli
295 2901 479 2936 Nobiscum,
496 2899 525 2929 in
539 2898 665 2937 praesenti
680 2897 787 2943 Viagio
801 2898 1014 2938 nostro,versus
1027 2901 1229 2938 partesTrans-

178 2943 310 2978 marinas,
328 2942 359 2971 in
373 2937 537 2975 Comitivfi,
554 2936 686 2968 carissimi
703 2937 801 2980 Fratris
814 2937 919 2976 nostri,
938 2939 1046 2968 Thomae
1062 2941 1147 2968 Ducis
1162 2938 1227 2968 Cla-

179 2981 288 3016 renciae‚
306 2980 334 3008 in
351 2979 481 3016 proximo
495 2976 557 3006 sunt
572 2975 741 3014 profecturi,

213 3016 455 3054 Supervidendum
464 3037 474 3053 ,
1103 3055 1107 3058 η

211 3054 247 3085 Et
260 3054 294 3084 ad
317 3053 380 3084 Nos
393 3075 403 3092 ,
427 3055 457 3083 in
471 3053 582 3091 propria
604 3051 724 3083 Persona
743 3051 852 3090 nostra,
877 3051 914 3081 de
929 3051 1064 3082 Numero
1080 3052 1223 3084 dictorum

172 3093 335 3123 Hominum
349 3091 384 3121 ad
401 3091 488 3122 Arma
503 3114 513 3128 ,
536 3090 718 3121 Armatorum
728 3112 737 3127 ,
764 3091 797 3121 &
813 3090 1043 3128 Sagittariorum,
1062 3101 1096 3121 ac
1111 3092 1146 3121 de
1160 3102 1225 3122 mo-

169 3132 225 3167 do,
243 3131 352 3167 forma,
368 3129 402 3160 &
417 3129 582 3160 sufficientia
595 3129 775 3159 Arraiationis
788 3128 975 3166 eorumdem,
990 3128 1040 3159 sub
1056 3129 1160 3166 Sigillis
1169 3138 1223 3160 ve-

170 3170 248 3206 stris,
265 3168 309 3199 vel
321 3168 429 3198 alterius
442 3165 581 3204 vestrum,
596 3166 735 3197 dietinete
750 3168 784 3198 <Sc
797 3167 905 3204 aperte,
924 3165 1163 3205 Certificandum,

209 3207 247 3238 Et
261 3207 328 3238 ideo
340 3205 423 3236 vobis
439 3204 611 3234 Mandamus
624 3205 703 3243 quod
717 3205 791 3236 circa
807 3205 952 3235 Praemiffa
967 3205 1114 3242 diligenter
1129 3207 1220 3237 inten-

169 3245 238 3277 datis
249 3267 259 3283 ,
276 3255 310 3275 ac
324 3254 356 3274 ea
370 3243 477 3274 faciatis
489 3243 523 3274 ὃ(
536 3242 715 3310 εκεῇυεπιὶηί
730 3243 759 3272 in
774 3242 869 3273 forma
882 3243 1035 3281 praedieta:

205 3284 316 3315 Damus
329 3289 422 3313 autern
442 3280 562 3319 praefatis
608 3281 751 3312 ominibus
779 3280 814 3311 ad
829 3280 935 3319 Arma,
954 3281 1092 3320 Armatis,
1110 3282 1143 3312 ὃ(
1169 3282 1220 3313 Sa-

168 3322 299 3362 gittariis,
317 3330 351 3351 ac
369 3320 443 3356 aliis,
461 3327 583 3359 quorum
598 3319 726 3356 interest,
744 3317 861 3348 Tenore
876 3319 1054 3356 praesentium
1068 3343 1077 3358 ,
1103 3321 1218 3351 firmiter

168 3363 198 3392 in
213 3359 354 3391 Mandatis
390 3357 470 3396 quod
489 3356 571 3387 vobis
591 3358 625 3387 &
639 3357 714 3386 alteri
729 3355 874 3395 vestri‘im,
893 3358 923 3387 in
943 3357 1117 3389 Executione
1139 3359 1216 3389 Prie-

167 3399 334 3436 mifforum,
352 3381 484 3433 saxeam,
499 3393 658 3432 Obediant,
677 3394 711 3425 δε
725 3392 891 3432 intendant,
904 3404 985 3432 prout
997 3397 1088 3427 decet.

204 3436 333 3506 JnTcgffg
342 3436 429 3512 ’ἐξ
439 3471 513 3510 apud
525 3469 713 3510 Suthampton.
731 3468 877 3501 Vicesimo
891 3469 937 3501 die
948 3471 1025 3510 Julii.

915 3548 969 3576 Per
983 3548 1064 3587 ipfitm
1077 3551 1181 3587 Regem.

308 3698 356 3731 De
373 3697 523 3741 Homagio
543 3689 677 3727 Arthuri
695 3687 888 3735 Makmurgh
901 3687 1066 3736 praestando.

26 3788 104 3820 Ann.
117 3784 158 3817 D.
174 3778 311 3835 REX,
327 3779 551 3818 Archiepiscopis
585 3774 749 3821 Episcopis,
768 3774 925 3819 Abbatibus
939 3795 950 3812 ,
975 3772 1118 3819 Prioribus
1152 3774 1215 3821 Du-

46 3833 132 3864 1415,
246 3819 345 3857 cibus,
364 3819 541 3855 Comitibus,
555 3801 725 3852 baronibus,
738 3813 907 3858 JustitiariJS,
931 3812 1088 3856 Admirallis
1101 3836 1111 3852 ,
1149 3825 1218 3860 ,ιτς-

23 3868 66 3892 An
174 3856 326 3890 comitibus
339 3878 349 3893 ,
367 3856 541 3895 Majoribus,
557 3853 795 3889 Constabulariis,
811 3850 933 3888 Ballivis,
948 3860 981 3881 ac
994 3851 1050 3881 alus
1062 3851 1218 3883 Officiariis

24 3875 114 3938 1153
173 3897 207 3928 &
224 3893 360 3926 Ministris
373 3894 489 3932 nostris,
497 3894 565 3924 ‘tam
578 3902 628 3932 per
638 3891 758 3922 Terram
767 3913 777 3928 ,
795 3898 880 3928 quam
888 3888 1029 3933 perMare·
1039 3890 1198 3922 constitutis
1206 3914 1216 3929 ,

23 3944 82 3968 Par.
111 3949 137 3976 3.
169 3943 228 3966 tam
244 3932 343 3969 Regni
356 3931 443 3961 nostri
456 3932 568 3972 Angliae
575 3939 678 3970 ,quam
685 3928 784 3960 Terrae
797 3926 901 3958 nostrae
909 3925 1057 3958 Hibemiae
1065 3928 1115 3966 ,ad
1129 3938 1197 3968 quos
1208 3951 1218 3966 ,

24 3982 59 4005 H.
72 3985 131 4014 5.p.
167 3974 230 4005 &c
244 3970 378 4002 Salutem.

28 4023 95 4043 nm.
107 4025 150 4052 ¹4·
204 4009 302 4041 Sciatis
314 4006 410 4045 quod,

199 4051 270 4079 Tom.
292 4048 340 4076 IV.
358 4047 390 4075 P.
408 4046 450 4078 H.

1286 143 1753 192 PUBLICA.

1331 229 1409 260 Cum
1425 230 1569 268 Johannes
1584 234 1681 272 Doun,
1700 235 1797 267 Abbas
1809 233 1896 267 Vallis
1919 235 2014 269 Sanfti
2036 237 2185 273 Salvaton‘s
2197 266 2206 281 ,
2233 243 2340 282 Legum
2361 238 2491 272 Aana

1296 265 1409 297 Doclor
1423 292 1432 306 ,
1452 269 1625 312 Procurator
1645 273 1767 303 Arthuri
1794 276 1958 313 Makmurgh
1980 277 2015 307 de
2035 277 2189 318 Hibernia,
2221 283 2341 312 nomine
2377 285 2462 318 1415·

1293 302 1510 351 procuratorio,
1534 319 1584 345 pro
1598 309 1700 340 eodem
1717 334 1727 349 ,
1747 311 1828 343 fessus
1850 314 1933 345 suerit
1955 315 1987 345 δε
2012 320 2207 355 recognoverit
2230 320 2338 349 di&um
2358 323 2420 346 Han.
2438 325 2469 355 5«

1290 343 1452 390 <sathanam¹
1460 345 1538 389 fuisse
1553 348 1586 377 &
1599 347 1656 377 effe
1670 348 1795 386 Ligeum
1811 352 1843 381 &
1857 352 2024 391 Subjee‘lum
2047 356 2171 386 nostrum
2182 379 2190 394 ,
2209 357 2240 387 ὃ(
2257 357 2339 387 Fide-

1285 378 1409 424 litatem,
1434 382 1664 428 Subjeffitionem,
1687 388 1719 417 &
1744 387 1917 424 Ligeantiam
1940 391 2058 430 Nobis,
2077 395 2109 424 &
2125 394 2336 426 Successbribus

1288 418 1403 463 nostris,
1427 420 1551 458 Regibus
1566 423 1696 460 Angli-2,
1714 425 1814 456 debere
1824 450 1832 464 ,

1322 455 1362 500 'Et
1379 459 1488 496 insuper
1501 461 1671 498 promiserit,
1684 463 1831 501 juraverit,
1849 465 1881 495 ὃς
1895 465 2071 504 spoponderit
2094 470 2123 499 in
2139 470 2275 501 Animam
2291 469 2335 502 di-

1288 493 1327 524 ἂι
1343 495 1482 534 Arthuri',
1500 499 1619 529 nomine
1633 499 1829 531 procuratorio
1838 513 1894 539 quo
1911 505 2006 544 supra,
2026 508 2105 545 quod
2119 509 2209 539 dietus
2222 509 2336 539 Arthu-

1286 540 1397 576 rus-pro
1411 534 1438 564 se
1452 537 1485 566 &
1501 536 1551 566 suis
1567 539 1618 567 erit
1634 538 1733 567 Fidelis
1743 539 1861 577 Ligeris,
1877 551 1987 573 exnunc
2003 546 2133 584 inantea,
2143 547 2334 585 Nobis,Hae-

1286 570 1412 608 redibus,
1431 573 1462 602 ὃς
1476 573 1686 605 Succefforibus
1702 577 1819 615 nostris,
1838 578 1871 608 &
1891 578 2065 612 Fidelitatem
2081 586 2279 616 omnimodam
2298 587 2332 617 &

1286 608 1499 651 Subjefflonem
1516 612 1614 643 Nobis
1627 613 1802 653 observabit,
1817 625 1932 646 necnon
1946 617 2043 650 Homa
2067 622 2122 651 ium
2133 623 2256 660 Ligeum
2266 624 2332 655 No-

1285 647 1327 676 bis
1341 648 1494 691 praestabit,
1513 652 1545 680 δε
1558 651 1754 688 Juramentum
1771 676 1780 691 ,
1807 663 1855 690 per
1876 655 2020 693 praefatum
2065 659 2196 699 bbatem,
2213 665 2334 693 nomine

1284 685 1411 721 praedicti
1429 688 1567 726 Arthuri,
1587 690 1743 727 praestitum
1753 713 1762 728 ,
1778 692 1807 720 in
1825 691 1944 723 Persona
1957 697 2083 734 propria,
2099 698 2256 730 melioribus
2265 702 2333 739 viis,

1285 722 1391 761 modo,
1410 725 1442 754 &
1458 725 1550 756 forma
1569 729 1667 764 quibus
1681 728 1717 758 de
1727 729 1788 766 jure
1804 732 1906 768 poterit
1921 754 1930 769 ,
1956 734 2121 773 renovabit,
2139 738 2332 773 quandocum-

1284 769 1338 799 que
1352 770 1385 790 ex
1398 762 1431 792 &
1446 773 1497 799 pro
1512 773 1587 801 parte
1603 765 1695 796 nostra
1711 766 1793 797 fuerit
1808 770 1967 808 requisitus,

1320 798 1482 844 Promiserit
1495 803 1578 832 etiam
1595 803 1673 833 idem
1687 805 1787 833 Abbas
1808 806 1885 844 quod
1909 807 2138 840 procuratorium
2160 812 2193 842 ὃς
2209 813 2329 845 Manda-

1282 843 1344 866 tum
1379 836 1432 867 hac
1447 849 1511 869 vrce
1526 840 1554 869 in
1568 842 1686 871 nomine
1703 843 1831 879 praediciti
1846 844 1971 875 Arthuri
1987 846 2236 884 faeta,secundum
2253 853 2330 881 vide-

1282 883 1311 941 rf‘e
1361 874 1472 943 ogrum
1489 878 1522 908 ὅ(
1537 877 1667 910 Concilii
1681 879 1786 919 nostri,
1805 881 1883 912 idem
1905 882 2078 915 constituens
2092 885 2272 919 effeerualiter
2286 900 2330 920 re·-

1294 922 1372 943 orma
1396 922 1416 944 it

1281 994 1292 1019 t
1317 950 1354 1018 isit
1370 937 1581 1021 Irlistgfficientias
1593 954 1802 995 Procuratorii,
1818 968 1894 989 nunc
1912 959 2039 999 praestiti,
2057 962 2087 992 in
2109 964 2192 993 omni
2207 964 2251 995 sua
2267 974 2330 1003 par-

1294 998 1309 1018 e
1334 1000 1415 1027 uppe
1437 1000 1474 1030 it,

1316 1027 1352 1058 Et
1359 1029 1580 1072 juramentum,
1596 1042 1644 1071 per
1659 1033 1803 1071 praefatum
1825 1034 1965 1069 Abbatem
1985 1047 2061 1068 nunc
2083 1039 2256 1079 praestitum,
2272 1049 2334 1078 per-

1280 1065 1407 1097 sonaliter
1421 1071 1585 1109 renovabit,

1302 1103 1500 1174 ·Et3¹}raed1i,&²
1509 1111 1615 1175 bomnia.
1628 1111 1662 1142 ὃς
1678 1109 1782 1147 fingula
1797 1110 1889 1149 Sigilli
1904 1111 1943 1143 sui
1957 1112 2063 1151 Magni
2081 1116 2253 1154 appositione
2267 1126 2330 1149 mu-

1278 1151 1336 1171 niet
1405 1154 1437 1174 ro
1460 1154 1508 1175 ora
1531 1155 1567 1183 it,

1315 1179 1382 1211 Nos
1397 1182 1442 1217 (ad
1458 1183 1616 1214 instantiam
1633 1185 1737 1222 praefati
1751 1187 1888 1226 Arthuri)
1905 1188 2075 1228 suscepimus
2091 1191 2120 1221 in
2127 1192 2233 1224 salvum
2248 1193 2332 1224 &se-

1276 1228 1378 1248 curum
1394 1219 1582 1251 Conductum
1601 1224 1748 1261 nostrum,
1764 1236 1796 1255 ac
1811 1227 1840 1256 in
1852 1228 2064 1259 Protefflonem
2077 1230 2109 1260 ὃς
2127 1230 2330 1262 Defenfionem

1275 1255 1380 1298 nostras
1394 1257 1538 1296 speciales,
1556 1261 1702 1290 Geraldum
1717 1263 1911 1303 Caelmanach,
1930 1266 2034 1297 Filium
2049 1267 2171 1305 ejusdem
2185 1269 2328 1308 Arthurz,

1274 1303 1303 1323 in
1321 1294 1459 1331 Regnum
1476 1297 1603 1328 nostrum
1621 1300 1747 1338 Angli-ae,
1764 1311 1849 1338 penes
1865 1302 2031 1335 Presentiam
2045 1306 2188 1346 nostram,
2206 1317 2262 1338 tam
2277 1318 2327 1346 per

1275 1331 1395 1363 Terram
1412 1334 1533 1365 nostram
1551 1336 1733 1376 praedietam,
1752 1341 1838 1377 quam
1859 1341 1909 1371 alia
1931 1343 2033 1373 Terras
2059 1346 2091 1376 ὃ(
2107 1345 2246 1377 Dominia
2273 1357 2329 1378 no-

1275 1369 1344 1408 stra,
1364 1370 1446 1416 Mare
1461 1374 1494 1404 &
1511 1373 1640 1412 Aquam,
1659 1376 1818 1415 veniendo,
1838 1378 1943 1409 ibidem
1952 1381 2108 1419 morando,
2122 1385 2327 1422 perhendinan-

1272 1408 1327 1447 d0,
1345 1410 1378 1440 ὃ(
1394 1411 1494 1441 exinde
1515 1412 1550 1442 ad
1566 1414 1675 1450 propria
1696 1414 1839 1446 redeundo
1853 1438 1863 1454 ‚
1889 1427 2000 1448 necnon
2023 1419 2194 1461 Servientes,
2211 1423 2325 1462 Equos,

1274 1447 1368 1491 Bona,
1388 1447 1460 1486 Res,
1479 1451 1511 1480 ὃς
1528 1450 1658 1482 l-lernesia
1672 1452 1716 1483 sua
1733 1463 1939 1494 quaecumque,

1309 1485 1344 1515 Et
1357 1485 1423 1517 ideo
1440 1489 1521 1518 vobis
1534 1488 1707 1521 Mindamus
1715 1491 1794 1528 quod
1808 1493 1896 1530 ipsum
1914 1493 2079 1533 Geraldum,
2095 1497 2125 1526 in
2139 1497 2249 1529 dictum
2263 1496 2326 1530 Re-

1274 1534 1362 1562 gnum
1376 1524 1523 1564 nostrum,
1541 1537 1626 1564 penes
1638 1528 1817 1560 Praesentiam
1834 1531 1977 1570 nostram,
1995 1542 2054 1564 tam
2072 1544 2120 1571 per
2136 1535 2256 1566 Terram
2271 1548 2324 1568 no-

1275 1565 1357 1593 stram
1372 1564 1555 1603 praedictam,
1574 1567 1658 1604 quam
1673 1567 1723 1598 alia
1742 1568 1761 1587 ²*
1781 1568 1881 1600 Terras
1896 1571 1928 1601 ὃς
1943 1570 2085 1602 Dominia
2099 1573 2208 1612 nostra,
2227 1575 2327 1614 Mare,

1274 1603 1307 1633 &
1324 1601 1627 1646 Aquam,.veniendo,
1646 1606 1753 1636 ibidem
1770 1608 1927 1647 morando,
1945 1610 2189 1650 perhendinando,
2208 1614 2326 1643 &exin-

1275 1640 1312 1683 de
1322 1640 1355 1670 ad
1371 1650 1499 1679 propria,
1519 1650 1548 1672 ut
1563 1643 1731 1686 praedictum
1754 1645 1813 1683 est,
1831 1647 1995 1687 redeundo,
2015 1659 2129 1679 necnon
2153 1649 2329 1691 Servientes,

1276 1677 1390 1722 Equos,
1409 1679 1503 1717 Bona,
1522 1680 1704 1724 &ilemelia
1717 1683 1761 1713 sua
1777 1693 1982 1724 quaecumque,
2000 1689 2217 1727 manuteneatis,
2235 1699 2330 1727 prote-

1276 1726 1362 1756 gatis,
1378 1718 1412 1748 &
1428 1718 1597 1758 defendatis,

1312 1755 1387 1785 Non
1403 1756 1549 1787 inferentes
1564 1760 1618 1796 eis,
1638 1759 1699 1797 seu,
1717 1769 1852 1797 quantum
1869 1762 1898 1792 in
1914 1763 1996 1793 vobis
2018 1763 2078 1802 est,
2101 1765 2137 1795 ab
2154 1764 2211 1796 aliis
2232 1767 2328 1798 inferri

1275 1795 1484 1833 permittentes,
1501 1795 1650 1835 Injuriam,
1666 1797 1847 1837 Molestiam,
1867 1800 2052 1840 Dampnum,
2071 1802 2094 1833 V
2097 1803 2328 1844 iolentiam,1m-

1275 1832 1470 1870 pedimentum
1487 1833 1616 1873 aliquod,
1632 1836 1677 1866 seu
1693 1837 1874 1875 Gravamen,

1311 1870 1366 1908 Et,
1380 1872 1400 1901 fi
1415 1872 1481 1909 quid
1499 1873 1537 1902 eis
1552 1873 1727 1905 forisfactum
1750 1875 1848 1914 fuerit,
1869 1877 1898 1907 id
1911 1880 1952 1908 eis
1968 1879 2024 1910 sine
2040 1879 2172 1911 dilatione
2185 1884 2329 1922 corrigi&

1273 1908 1370 1939 debite
1387 1910 1533 1940 reformari
1548 1912 1660 1943 faciatis.

1309 1946 1342 1977 In
1358 1948 1455 1986 cujus,
1472 1949 1533 1979 &c.
1551 1960 1599 1987 per
1616 1950 1765 1981 Biennium
1781 1952 1933 1985 duraturas.

1346 1985 1436 2017 Teste
1450 1986 1534 2025 Rege
1549 1989 1623 2027 apud
1636 1989 1812 2028 Suthampton
1829 1993 1963 2024 vicesimo
1978 2003 2076 2033 quarto
2090 1995 2136 2026 die
2147 1996 2224 2036 Julii.

2279 168 2355 213 ¹37

2364 1582 2384 1601 ⁸
2405 1585 2457 1614 IX-

2365 1623 2431 1654 288.

2020 2073 2071 2100 Per
2089 2073 2171 2112 ipsicm
2189 2077 2291 2113 Regem.

1413 2218 1462 2252 De
1477 2223 1601 2268 Pignore
1618 2232 1675 2268 pro
1692 2224 1839 2257 Solmione
1856 2224 1985 2258 Secundi
2001 2226 2176 2274 Qarterii.

2342 2322 2419 2354 Ann.
2433 2323 2475 2359 Π

1310 2390 1389 2421 Cum
1403 2390 1532 2421 Robertus
1545 2376 1661 2421 cbalons
1676 2390 1809 2436 Chivaler
1831 2393 1997 2426 Nobiscum
2015 2418 2025 2434 ,
2047 2396 2081 2427 ad
2096 2396 2322 2433 Deserviendum
2338 2372 2448 2440 Δῗμςς.

1273 2428 1386 2468 Nobis,
1405 2430 1434 2459 in
1450 2429 1578 2467 praesenti
1595 2429 1703 2467 Viagio
1724 2431 1822 2462 nostro
1837 2455 1847 2470 ,
1872 2433 1962 2464 versus
1984 2443 2071 2472 partes
2093 2435 2325 2480 Transmarinas,
2341 2444 2377 2468 H.
2397 2450 2426 2476 5.

1271 2477 1319 2505 per
1335 2477 1425 2498 unum
1443 2469 1562 2498 Annum
1578 2469 1721 2505 integrum
1736 2469 1767 2500 sit
1782 2469 1936 2509 Retentus,
2340 2481 2396 2505 Pat.
2423 2489 2451 2515 3.

1310 2506 1371 2544 Ac,
1390 2506 1562 2537 Venerabilis
1577 2506 1657 2536 Pater
1671 2529 1681 2545 ,
1707 2507 1856 2538 Richardus
1871 2513 2036 2550 courtenay,
2060 2512 2196 2551 Epifiopus
2203 2514 2320 2546 Norwi-
2337 2521 2370 2543 Η,
2391 2526 2418 2551 5.

1273 2544 1364 2583 censis,
1381 2543 1575 2574 Thesaurarius
1590 2543 1722 2575 Camerae
1734 2546 1854 2584 nostrae,
1871 2548 1973 2580 virtute
1992 2550 2146 2581 Literarum
2162 2553 2316 2584 nostrarum
2333 2560 2358 2590 p.
2375 2565 2399 2582 2.
2417 2565 2452 2582 m,

1273 2581 1448 2620 Parentium,
1466 2584 1516 2613 fibi
1530 2583 1698 2613 directarum
1713 2605 1722 2621 ,
1746 2585 1828 2614 eidem
1843 2587 1956 2615 Roberto
1973 2598 2057 2618 unam
2075 2588 2209 2626 Couparn
2234 2593 2319 2631 Auri,
2337 2594 2380 2630 38.

1273 2619 1351 2651 Duas
1366 2620 1444 2650 Ollas
1456 2621 1491 2651 de
1505 2621 1636 2658 Argento
1650 2622 1787 2653 deauratas
1799 2646 1810 2661 ,
1834 2625 1867 2655 ὅ(
1888 2623 1990 2655 Unam
2016 2635 2128 2664 parvam
2153 2628 2269 2661 Pelvem
2285 2632 2323 2662 de

1273 2657 1314 2688 Ar
1334 2668 1400 2689 ento
1416 2659 1573 2691 deauratam
1583 2682 1593 2697 ,

1336 2708 1369 2728 ro
1382 2697 1536 2728 Securitate
1555 2697 1747 2737 Qiadraginta
1763 2699 1795 2728 &
1810 2700 1931 2739 quinque
1948 2700 2113 2741 Librarum,
2140 2703 2194 2735 Sex
2209 2705 2322 2737 Solido·

1272 2746 1352 2774 rum,
1372 2736 1494 2766 Novem
1510 2736 1718 2774 Denariorum,
1737 2736 1832 2768 Unius
1847 2738 1954 2777 Oboli,
1973 2741 2006 2771 &
2023 2740 2117 2772 Unius
2134 2743 2320 2784 Quadrantis,

1270 2784 1341 2814 quos
1356 2775 1432 2804 idern
1447 2775 1577 2804 Robertus
1585 2776 1728 2812 percipere
1741 2777 1774 2817 ἐξ(
1783 2777 1995 2814 reciperedebet
2003 2802 2011 2816 ,
2020 2789 2073 2818 pro
2085 2780 2219 2812 Secundo
2227 2783 2322 2822 Quar-

1269 2814 1341 2844 terio
1354 2814 1465 2843 inteoro
1485 2814 1563 2843 Anni
1578 2813 1724 2851 praediffl,
1743 2815 1898 2845 recundum
1914 2815 2039 2847 formam
2056 2819 2088 2847 &
2105 2818 2240 2850 effaetum
2274 2832 2321 2852 ua-

1269 2852 1401 2882 rumdam
1412 2837 1434 2881 ἳ
1444 2859 1466 2882 N
1477 2861 1499 2880 n
1509 2861 1527 2882 E
1537 2860 1560 2882 N
1570 2860 1593 2882 τ
1603 2861 1625 2882 υ
1637 2860 1660 2882 R
1670 2861 1690 2882 A
1700 2861 1723 2882 R
1734 2861 1757 2882 υ
1767 2861 1794 2883 M
1804 2876 1813 2891 ,
1830 2854 1901 2884 inter
1923 2855 1984 2884 Nos
1999 2856 2032 2886 &
2045 2856 2196 2896 praefatum
2217 2862 2256 2889 Ro
2275 2870 2318 2889 er-

1268 2898 1327 2919 tum
1342 2891 1408 2920 inde
1423 2890 1638 2928 confestarum,

1303 2928 1507 2959 Deliberaverit
1515 2951 1524 2967 ,

1304 2965 1394 2997 Unde
1409 2966 1479 2997 Dies
1494 2966 1662 3004 Solutionis,
1679 2966 1713 2997 ad
1722 2976 1809 3004 quem
1826 2966 1958 2999 volumus
1972 2970 2324 3008 &acquietaredebemus

1261 3004 1368 3043 jocalia
1383 3005 1517 3043 praedieca
1539 3015 1586 3042 per
1600 3004 1756 3041 Deputaros
1773 3028 1782 3043 ,
1809 3005 1971 3043 Affignatos
1985 3031 1994 3046 ,
2012 3008 2166 3049 Haeredes,
2183 3011 2228 3042 seu
2243 3011 2316 3043 Exe-
2342 3033 2345 3034 γ

1265 3053 1376 3073 cutores
1389 3043 1513 3082 nostros,
1531 3044 1583 3073 erit
1598 3043 1627 3072 in
1641 3043 1687 3072 die
1701 3042 1956 3083 Circumcifionis,
1967 3047 2016 3084 qui
2032 3048 2085 3078 erit
2100 3049 2130 3079 in
2146 3050 2234 3081 Anno
2249 3050 2314 3081 Do-

1264 3083 1336 3112 mini
1351 3081 1834 3120 Millesimo,Qiadringentes1m0,
1852 3083 2070 3124 Sextodecimo,
2085 3086 2240 3119 secundum
2248 3100 2313 3120 cur-

1262 3119 1323 3150 sum
1338 3120 1372 3150 &
1387 3120 1630 3158 computationem
1644 3119 1777 3149 Ecclesiae
1791 3120 1959 3157 Anglicanae
1967 3146 1977 3162 ,
1996 3133 2082 3162 prout
2104 3127 2133 3155 in
2157 3125 2203 3157 ΙΝ
2215 3137 2262 3158 DE
2273 3136 2313 3158 N-

1265 3167 1288 3188 T
1298 3167 1320 3188 υ
1330 3167 1353 3188 R
1364 3167 1375 3188 1
1385 3167 1397 3188 s
1411 3157 1550 3196 praedietis
1566 3158 1673 3195 plenius
1689 3159 1851 3189 continetur
1859 3182 1869 3197 ,

1300 3197 1367 3227 Nos

1297 3218 1442 3265 Secuiitati
1450 3234 1577 3273 praedicri
1592 3233 1703 3263 Roberti
1722 3235 1753 3264 in
1772 3235 1824 3266 hac
1846 3244 1921 3273 parte
1942 3237 2099 3278 prospicere
2114 3238 2238 3272 volentes
2250 3264 2260 3282 ,
2281 3252 2311 3276 ut

1258 3282 1386 3305 tenemur

1298 3295 1439 3342 Volun'ms
1452 3311 1484 3342 &
1500 3309 1697 3341 Concedimus
1709 3321 1758 3349 per
1773 3311 1939 3350 Praesentes,
1958 3312 2054 3352 quod,

1294 3350 1325 3379 ln
1341 3349 1404 3379 casu
1419 3359 1477 3387 quo
1490 3349 1567 3379 dieta
1578 3349 1702 3387 Jocalia,
1719 3350 1799 3380 dieto
1814 3349 1871 3381 Die
1886 3350 2117 3382 Circumcisionis
2128 3376 2139 3392 ,
2162 3364 2211 3392 per
2225 3355 2309 3397 Nos,

1258 3387 1410 3425 Haeredes,
1427 3387 1472 3418 seu
1488 3386 1661 3418 Executores
1677 3387 1788 3418 nostros
1803 3399 1861 3419 non
1875 3391 2083 3428 acquietentur‚

1295 3427 1384 3456 Tunc
1397 3427 1472 3456 bene
1487 3425 1584 3456 licebit
1605 3425 1698 3455 eidem
1713 3425 1826 3456 Roberto
1837 3450 1847 3465 ,
1873 3428 1906 3458 &
1922 3427 1980 3458 aliis
1993 3450 2002 3465 ,
2029 3430 2129 3467 quibus
2144 3431 2304 3469 hujusmodi

1253 3465 1360 3504 Jocalia
1375 3474 1422 3501 per
1437 3464 1527 3501 ipsum
1542 3463 1686 3493 Robertum
1701 3463 1892 3495 liberabuntur
1905 3487 1915 3503 ‚
1937 3466 2001 3503 post
2014 3467 2133 3498 eundem
2149 3469 2242 3507 diem,
2261 3472 2305 3500 in-

1257 3504 1311 3540 de,
1328 3502 1481 3533 secundum
1502 3501 1575 3532 suam
1594 3501 1793 3540 Voluntatem,
1815 3503 1958 3544 disponere
1970 3526 1981 3542 ,
2006 3505 2110 3544 absque
2123 3505 2303 3545 Impetitione

1257 3541 1362 3578 nostri,
1380 3542 1425 3570 seu
1439 3539 1590 3569 Haeredum
1604 3539 1766 3570 nostrorum
1771 3550 1782 3576 ,’

1296 3578 1410 3608 Proviso
1422 3578 1528 3615 semper
1542 3578 1620 3615 quod
1643 3577 1682 3615 (si
1697 3577 1766 3608 Nos
1775 3576 1980 3618 didiajocalia,
1996 3581 2065 3611 citra
2077 3581 2198 3611 eundem
2223 3582 2300 3613 diem

1258 3616 1507 3652 Circumcisionis,
1524 3616 1679 3652 acquietare
1700 3616 1865 3654 fecerimus)
1885 3625 1988 3648 extunc
2011 3619 2138 3657 praefatus
2156 3620 2303 3660 Robertus‚

1257 3655 1291 3685 ad
1308 3655 1407 3685 eadem
1421 3654 1528 3690 jocalia
1542 3653 1641 3683 Nobis
1656 3653 1829 3685 reddendum
1844 3655 1878 3685 &
1892 3655 2092 3687 restituendum
2106 3679 2116 3694 ,
2143 3657 2213 3687 adeo
2229 3659 2302 3689 inte-

1255 3695 1323 3732 gre,
1340 3691 1442 3729 absque
1455 3691 1593 3722 fractione
1607 3693 1652 3722 seu
1666 3692 1855 3732 pejoratione,
1870 3693 1938 3725 ficut
1956 3693 2064 3732 Jocalia
2075 3695 2119 3726 illa
2139 3696 2189 3725 fibi
2204 3696 2306 3729 iibera-

1254 3740 1281 3762 ta
1296 3731 1427 3767 fuerunt,
1445 3737 1577 3760 teneatur.

1290 3768 1324 3799 In
1338 3768 1431 3805 eujuS,
1449 3768 1510 3798 &c.

1325 3806 1414 3837 Teste
1430 3805 1512 3844 Rege
1524 3803 1597 3844 apud
1607 3804 1805 3847 Suthampton,
1821 3807 1958 3838 vicesimo
1971 3816 2071 3847 quarto
2084 3807 2130 3838 die
2140 3808 2218 3847 Julii'.

1273 2312 1402 2374 REX
1416 2314 1576 2362 ‘Otmnibus
1591 2338 1601 2353 ,
1619 2316 1653 2346 ad
1667 2325 1755 2354 quos,
1768 2317 1828 2348 &c.
1864 2317 1999 2350 Salutem.

1374 2353 1471 2383 Sciatis
1486 2354 1565 2393 quod

1800 3891 1851 3920 Per
1867 3892 1961 3921 Breve
1977 3891 2009 3921 de
2027 3892 2147 3922 Privato
2164 3895 2193 3924 Si
2214 3897 2220 3903 '
2238 3906 2263 3926 o.
