2562 4274
761 168 870 210 ΕΤ
951 170 1216 214 ACTA

1296 170 1761 220 PUBLICA.
2270 198 2348 238 157

58 263 131 295 Ann.
142 258 183 290 D.
198 251 323 289 tionibus
343 254 481 294 praedietis
498 254 646 286 necessaria
665 255 698 286 &
715 255 775 292 ipsis
799 255 992 287 incumbentia
1003 279 1013 295 ‚
1036 258 1064 287 in
1088 256 1251 287 Proteetio-
1289 257 1328 299 uti
1344 257 1377 287 &
1396 257 1514 296 gaudere
1527 260 1713 302 Permittati33
1730 264 1859 296 adhibitis
1873 265 2123 305 Solempnitatibus
2137 268 2166 299 in
2181 268 2280 301 talibus
2295 270 2343 303 fie-
2360 269 2435 300 Ann.
2454 270 2494 305 D}

81 307 167 339 1420.
202 307 267 327 nem
286 297 319 327 &
337 295 542 325 Defenfionem
561 293 665 324 nostras
681 294 856 333 Suscepimus
874 295 1019 334 speciales,

56 344 118 368 Hm.
139 347 166 375 5.
240 333 408 365 Mandant&
421 356 431 371 ,
458 333 576 363 Tenore
593 332 775 362 Praesentium
791 355 800 370 ,
828 333 958 363 universis
976 334 1009 364 &
1026 333 1138 370 singulis
1158 333 1252 372 Ligeis

202 374 237 405 δε
253 372 375 403 Subditis
388 370 508 409 nostris,
526 381 648 408 quorum
662 370 789 408 interest,
805 371 957 402 distriffius
970 382 1029 410 quo
1046 372 1251 410 possumus,ne

203 413 356 449 quicquam
371 411 399 439 in
413 411 584 440 contrarium
600 409 758 446 hujusmodi
771 409 905 440 Licentiae
920 411 953 440 &
969 411 1059 441 Salvae
1074 410 1190 441 Gardiae
1199 419 1253 440 no-

202 449 319 480 strarum
335 447 484 485 aliqualiter
498 455 665 485 attemptent
680 446 726 477 seu
738 449 896 486 attemptari
909 449 1026 486 faciant;

238 486 291 524 Et,
310 487 328 516 si
350 486 419 524 quid
441 488 478 516 eis
493 510 502 524 ,
519 486 565 516 vel
587 495 687 515 eorum
710 485 791 516 alicui
807 509 816 524 ,
834 488 860 516 in
881 487 974 525 aliquo
997 486 1183 517 Forisfastum
1208 486 1255 516 vel

202 524 366 594 ξὲᾐέτὶεωιη
391 525 489 562 fuerit,
505 523 534 554 id
555 524 592 554 eis
612 523 668 553 fine
691 522 824 554 dilatione
847 524 962 565 Corrigi
983 525 1085 556 faciant
1104 526 1138 556 δε
1158 525 1254 556 debite

236 574 251 594 C
264 572 376 593 ormari.

240 601 275 632 In
289 603 366 640 cujus
375 624 384 639 ‚
402 602 463 633 &c
477 599 609 638 quamdiu
621 598 695 639 Regi
709 600 840 639 placuerit
852 601 1001 633 duraturas.

240 676 330 708 Teste
347 676 429 715 Rege
441 675 515 714 apud
531 676 740 717 Castrumfizum
755 677 912 716 Rothomagi
926 687 988 709 xxx.
1004 678 1049 709 die
1058 678 1190 717 januarii.

352 802 400 834 De
415 799 648 834 Laboratoribus
661 812 716 847 pro
731 800 829 834 eodem
846 803 940 848 Opere
953 801 1110 848 capiendis,

58 889 133 920 Ann.
151 887 193 919 D}
211 885 345 942 REX,
360 885 470 916 dilectis
483 884 696 931 fibiQJohanpi
715 884 844 923 Saluart,
863 885 986 923 Johanm'
1011 885 1116 926 Ruffel,
1131 888 1260 927 Johanni

80 935 165 966 1420.
287 924 368 962 Pole,
385 923 419 955 δε
431 923 561 962 Johaszm
575 927 718 961 Fournter,
737 923 870 954 Salutem.

61 970 112 994 Au.
127 976 152 1000 7.
246 961 344 993 Sciatis
358 963 436 1030 ffimd
450 961 644 1001 assignavimus
659 972 711 993 vos
722 984 731 1000 ‚
747 962 779 991 &
801 962 956 999 quemlibet
977 962 1125 1002 vestrum,
1141 965 1262 1003 conjun-

60 1009 94 1032 Η.
120 1018 146 1038 ‚.
209 999 297 1039 etim,
312 1001 346 1031 &
391 999 488 1038 visim,
506 999 540 1030 ad
554 997 724 1038 operarios,
745 1000 945 1040 Laboratores,
964 1000 1078 1040 Equos,
1095 1002 1265 1042 Quadrigas,

76 1042 140 1070 1όὶιί.
210 1038 357 1075 Hernefin,
372 1037 509 1076 Batellos,
525 1039 558 1069 δε
581 1036 708 1074 Cariagia
731 1048 936 1077 quaecumque,
955 1040 988 1070 ad
1003 1042 1037 1071 ὃς
1056 1042 1134 1071 circa
1153 1042 1263 1080 Opera-

210 1079 300 1108 tiones
312 1077 398 1108 Novi
413 1075 508 1107 Palatii
522 1075 610 1107 nostri
624 1074 803 1114 Rothomagi
826 1078 975 1108 necessaria
996 1080 1029 1109 ὃς
1051 1089 1210 1118 oportuna,
1231 1092 1262 1111 u·

208 1116 362 1154 bicumque
381 1115 502 1144 inveniri
524 1123 669 1152 poterunt,
692 1125 744 1152 pro
766 1115 896 1146 Denariis
919 1115 1020 1147 nostris
1042 1118 1070 1147 in
1096 1117 1147 1148 bac
1170 1128 1260 1157 parte,

210 1162 294 1192 prout
315 1163 386 1183 cum
410 1153 536 1184 Partibus
555 1152 730 1184 concordare
752 1156 896 1192 poteritis,
915 1155 1124 1194 Arestandum,
1141 1156 1262 1195 Capienu

210 1191 296 1230 dum,
314 1191 348 1222 &
364 1190 582 1230 ordinandum,

62 1246 81 1263 e
102 1246 142 1274 N
248 1230 267 1249 ²*
284 1229 329 1259 Ac
347 1229 501 1267 Operarios
522 1231 556 1261 δε
582 1229 766 1260 Laboratores
786 1229 963 1268 hujusmodi,
978 1241 1091 1262 necnon
1112 1234 1210 1263 omnia
1231 1236 1264 1265 ὃς

59 1264 127 1321 859¹
148 1267 154 1274 '
212 1268 314 1306 fingula
333 1267 494 1306 Praemissa,
511 1269 586 1298 circa
610 1268 796 1305 Operationes
817 1269 961 1306 praedictas
975 1291 985 1306 ,
1002 1271 1035 1299 ὃς
1060 1280 1119 1300 non
1141 1271 1175 1301 ad
1199 1272 1265 1302 alios

211 1305 271 1375 gsus
294 1305 465 1337 Ponendum
487 1308 521 1338 &
544 1306 769 1344 Applicandum,
786 1307 832 1337 seu
852 1308 922 1345 poni
941 1308 974 1338 &
997 1308 1139 1346 Applicari
1163 1310 1266 1340 facien-

233 1355 295 1375 um·

248 1370 365 1413 Et’ideo
380 1382 471 1413 Vobis
487 1380 658 1413 Mandamus
672 1383 752 1421 quod
766 1384 840 1414 circa
856 1381 1013 1422 Praemiffi,
1032 1384 1092 1415 &c-

250 1421 361 1451 Damus
381 1431 474 1452 autem
494 1421 625 1451 universis
646 1422 680 1452 &
702 1422 812 1461 fingulis
835 1421 950 1460 Balivis,
970 1422 1214 1461 vicecomitibus,
1234 1434 1266 1454 ac

214 1459 272 1489 aliis
288 1460 380 1497 Ligeis
396 1462 428 1491 ὅτ.
445 1459 567 1489 Subditis
578 1458 699 1497 nostris,
717 1470 842 1497 quorum
858 1459 990 1498 interest,
1009 1460 1126 1492 Tenore
1145 1461 1268 1492 Praesen-

213 1498 300 1534 tium,
319 1499 434 1528 firmiter
456 1499 484 1527 in
508 1497 650 1528 Mandatis
669 1497 748 1536 quod
772 1497 864 1528 Vobis
885 1501 918 1529 ἃ
943 1498 1060 1529 cuilibet
1077 1499 1224 1538 vestrum,
1240 1502 1268 1530 in

213 1537 379 1566 executione
400 1536 613 1566 Praemifforum
627 1559 637 1574 ,
661 1535 842 1567 Intendentes
857 1560 866 1574 ,
893 1537 947 1566 sint
961 1560 971 1574 ,
997 1535 1182 1569 Consulentes
1199 1561 1210 1576 ,
1236 1540 1269 1569 &-

213 1572 385 1605 Auxiliantes
394 1597 403 1613 ‚
422 1583 506 1612 prout
520 1575 610 1604 decet.

251 1611 287 1642 In
301 1613 395 1651 cujus,
411 1614 471 1644 &c.
492 1611 640 1650 Qiamdiu
656 1610 732 1651 Regi
749 1611 881 1650 placuerit
895 1612 1044 1644 duraturas.

259 1687 349 1732 Teste
373 1687 456 1727 Rege
481 1687 554 1728 apud
579 1688 700 1728 Castrum
710 1688 792 1729 ficum
809 1688 966 1727 Rothomagi
983 1689 1143 1722 Tricefimo
1161 1691 1208 1722 die
1223 1692 1272 1731 Ja-

215 1736 314 1759 nuaru.
619 1735 621 1738 ⁴

463 1852 510 1883 De
529 1851 710 1896 Impofitione
728 1849 884 1895 Forinfica
906 1848 1040 1884 delenda.

69 1945 148 1976 Arm,
161 1941 204 1974 D,
221 1935 301 1999 LE
319 1935 407 1974 Roy,
423 1936 484 1967 &c.
500 1946 516 1966 a
529 1943 600 1966 touz
615 1936 697 1967 ceulx
707 1958 717 1974 ,
735 1935 784 1973 qui
803 1945 849 1966 ces
864 1934 1001 1974 presentes
1018 1935 1127 1968 Lettres
1143 1946 1277 1977 verront,

93 1991 180 2021 1420.
295 1974 404 2018 Salus-,-

69 2026 122 2051 An.
142 2031 168 2055 7.
260 2013 358 2043 Savoir
370 2011 469 2043 faisons
488 2021 560 2050 que,
656 2050 662 2055 ·

72 2065 107 2089 H.
129 2068 154 2092 5·
259 2051 336 2081 Pour
349 2060 383 2082 ce
399 2061 453 2088 que
469 2050 588 2088 pluseurs
604 2049 724 2080 Plarntes
740 2049 801 2080 sont
815 2058 911 2082 venuz
928 2060 943 2081 a
963 2050 1071 2089 Nous,
1090 2053 1123 2083 δε
1141 2063 1157 2084 a
1178 2052 1276 2084 nostre

76 2103 137 2126 pm,
223 2086 358 2127 Conseil,
375 2089 423 2119 des
439 2088 552 2127 Griefs,
567 2089 615 2126 qui
629 2088 758 2127 estoyent
779 2089 847 2119 fairz
864 2099 881 2120 a
900 2089 1019 2127 pluseurs
1043 2090 1213 2130 March-ans,
1229 2103 1280 2123 ve-

71 2145 165 2169 Norm.
181 2144 208 2170 7,
226 2136 292 2158 nans
312 2137 361 2166 par
378 2128 462 2165 deca,
480 2135 540 2158 tant
562 2127 597 2158 de
616 2125 687 2157 Paiis
708 2126 744 2157 de
757 2127 884 2166 France,
901 2137 1020 2173 comme
1030 2129 1180 2168 d'ailleurs,
1194 2140 1279 2161 com—

76 2179 111 2202 H.
140 2197 146 2201 ,
155 2181 209 2210 p,2,
229 2176 276 2197 me
289 2167 366 2207 aussy
379 2175 431 2196 aux
448 2165 616 2203 marcham,
633 2165 669 2196 de
685 2176 733 2203 par
747 2166 816 2196 deca
835 2166 918 2196 allans
933 2177 970 2197 ou
993 2167 1034 2197 dit
1055 2168 1125 2198 Paiis
1140 2169 1176 2198 de
1194 2169 1280 2199 Fran-

227 2215 286 2274 ξ’
305 2216 345 2236 00
365 2204 1281 2276 :sie:1531133035ffi3‘050352¹²0sizevssi¹³ssei⁰rzff

251 2255 265 2273 r
304 2254 330 2273 ce
1200 2257 1214 2276 a
1267 2257 1283 2276 a

226 2254 322 2313 noastsse
338 2267 530 2320 bbeiffance,
544 2252 663 2312 cordine
686 2290 722 2311 en
743 2252 933 2312 l'Obeiii‘aZce
957 2284 994 2312 de
1008 2284 1102 2314 nostre
1116 2269 1223 2314 dit⁷Crm
1244 2296 1283 2322 n,

223 2321 268 2352 sur
286 2320 324 2350 les
346 2319 457 2350 Denres
477 2321 512 2351 &
537 2319 745 2351 Mardundises
763 2319 885 2351 d’iceailx
910 2320 1099 2360 Marcbands,
1117 2331 1177 2354 tant
1199 2324 1219 2353 d
1265 2333 1282 2353 e

227 2360 330 2398 partie,
349 2369 435 2389 come
450 2358 570 2397 d’autre,

263 2397 400 2428 Voullans
423 2397 456 2428 &
476 2397 596 2428 desitans
619 2396 813 2428 Marchandise
840 2397 919 2428 avoir
942 2408 1024 2428 cours
1047 2410 1082 2430 au
1102 2399 1169 2429 Bien
1192 2400 1229 2430 de
1252 2400 1277 2431 la

228 2436 314 2467 chose
337 2435 495 2474 Publique,
513 2437 546 2467 &
569 2436 607 2466 les
630 2433 782 2466 Marchans
806 2435 877 2466 estre
901 2433 1023 2468 Reieves
1044 2439 1080 2469 ὅτ
1106 2437 1280 2478 Descharges

226 2473 411 2505 d'Efflions
424 2474 554 2512 indeties,
570 2474 597 2504 le
609 2473 669 2512 plus
684 2483 741 2512 que
755 2473 822 2504 faire
835 2474 863 2504 se
878 2483 998 2513 pour-ra,

266 2511 385 2548 Avons,
403 2521 450 2548 par
468 2512 650 2543 deliberation
667 2512 702 2542 de
723 2512 820 2543 nostre
840 2512 972 2550 Conseil,
991 2514 1052 2544 Fait
1074 2514 1107 2545 &
1126 2515 1284 2554 Ordonne,

229 2550 347 2619 Faison(s3
356 2551 388 2617 δέ
404 2550 599 2589 Ordonnons‚
617 2561 664 2589 par
679 2561 725 2581 ces
747 2551 906 2589 Presemes,
923 2551 947 2583 la
963 2551 1022 2583 dite
1041 2552 1208 2591 imposition
1229 2554 1287 2585 Fo-

230 2599 305 2620 rame
348 2598 363 2618 e
389 2598 436 2626 er,

266 2627 304 2658 Et
322 2637 358 2657 ne
370 2627 501 2657 voullons
519 2637 574 2665 que
588 2627 640 2657 elle
656 2628 693 2657 ait
709 2627 791 2658 ascun
808 2627 923 2666 Cours,

265 2665 304 2695 Et
321 2673 410 2696 toute3
421 2665 582 2705 Cauxions,
599 2675 671 2704 pour
684 2675 719 2696 ce
732 2666 843 2705 bailles,
861 2675 948 2697 avons
962 2666 1040 2698 mises
1050 2668 1102 2707 ,&
1119 2677 1241 2700 mettons
1248 2668 1286 2701 du

231 2712 313 2741 tout,
328 2714 362 2734 au
374 2713 477 2742 neant3

267 2740 411 2772 Pourvieu
430 2750 525 2774 tontes
545 2743 625 2773 voies
648 2752 707 2780 que
732 2742 828 2773 nostre
849 2741 890 2773 dit
909 2742 1004 2782 Coufin
1028 2743 1060 2774 de
1081 2747 1202 2783 France,
1225 2745 1287 2776 face

231 2779 421 2850 ffff‘donne
429 2782 477 2819 ,&
491 2781 553 2811 face
565 2781 634 2812 faire
647 2782 680 2813 &
695 2781 868 2819 Ordonner,
884 2780 1116 2813 semblablement
1130 2793 1165 2813 en
1180 2784 1229 2814 son
1238 2784 1284 2814 O·

252 2829 276 2850 ei
300 2829 382 2849 ance:

267 2857 305 2897 Sy
319 2857 462 2889 Donnons
477 2866 513 2887 en
530 2856 722 2888 Mandemmt
732 2867 751 2888 a
764 2866 829 2890 toris
848 2866 910 2889 noz
927 2857 1080 2898 Justkers,
1098 2858 1238 2898 Officers,
1253 2862 1287 2892 &

230 2895 364 2935 Sugga,
382 2904 420 2926 ou
444 2907 460 2927 a
478 2896 549 2926 leurs
572 2895 758 2927 Lieuoenmtz
772 2919 782 2934 ,
796 2897 833 2927 &
853 2896 976 2927 chescun
997 2897 1089 2929 d'euix
1103 2921 1113 2937 ,
1129 2908 1186 2936 que
1208 2899 1286 2930 ceste

233 2934 331 2964 nostre
346 2935 450 2971 present
462 2932 656 2965 Ordonnance
669 2942 789 2965 metten-t
804 2936 840 2965 &
856 2935 952 2966 fricent
971 2944 1072 2967 mettre
1091 2946 1106 2966 a
1128 2937 1287 2968 Execution

232 2972 320 3009 deue,
338 2973 372 3004 &
386 2974 411 3004 la
425 2973 607 3012 Tiengnent‚
625 2972 758 3011 gardent,
777 2973 810 3003 &
824 2972 1042 3010 accompitffmt
1051 2996 1061 3013 ,
1077 2976 1111 3007 &
1125 2976 1219 3007 iacent
1227 2976 1289 3007 Te-

232 3011 293 3078 iiir,
309 3011 466 3054 &genien
480 3012 516 3042 &
528 3012 711 3051 accompler,
726 3011 806 3043 sauns
828 3011 1007 3042 ascunement
1027 3013 1093 3043 faire
1115 3023 1156 3044 ou
1174 3016 1254 3045 venir
1273 3025 1290 3045 a

253 3058 287 3078 en
301 3058 449 3078 contraire.

271 3086 316 3116 En
330 3085 486 3126 Tesmoing
499 3087 536 3118 de
552 3098 586 3119 ce
599 3087 690 3119 Nous
703 3097 791 3121 avons
804 3087 851 3119 fait
864 3088 932 3119 faire
954 3098 1000 3120 ces
1023 3097 1081 3119 noz
1105 3089 1215 3122 Lettres
1233 3090 1287 3123 Pa-

234 3133 333 3155 tentes.

273 3162 383 3192 Donne
395 3174 413 3191 a
425 3162 511 3201 nostre
527 3163 645 3203 chastell
658 3164 690 3194 de
701 3167 792 3194 Rauen
805 3165 832 3195 le
843 3166 950 3203 primer
961 3165 1027 3204 J'our
1043 3165 1079 3196 de
1094 3165 1216 3197 Feurier.

550 3287 598 3320 De
622 3286 844 3320 cancellariam
871 3291 967 3323 Dato.

88 3386 164 3417 Ann-
180 3383 225 3415 D:
241 3367 360 3430 REX
378 3372 488 3401 Det-ano
509 3369 547 3406 ὦ·
569 3369 690 3440 Οιξᾰτιιὼ
705 3370 827 3412 Ecclefiae
838 3372 1014 3403 Cathedrasis
1033 3374 1200 3417 Bajocenfis,
1220 3373 1292 3405 Sede

92 3433 196 3498 1522?—
273 3410 736 3493 Vdiiisdfn‘i'giffiengr’aesghiiffi,
754 3446 947 3488 Significamus
959 3450 1041 3488 quod
1055 3447 1290 3482 Cancellariatum

92 3506 127 3529 H.
143 3510 172 3536 5·
238 3487 268 3519 in
287 3485 411 3518 Ecclesia
427 3484 579 3525 praedicta,

92 3539 157 3567 lbid.

274 3526 332 3557 Per
350 3525 482 3557 Mortem
495 3525 547 3556 Ma
568 3524 625 3555 istri
641 3523 748 3554 Thomae
763 3523 796 3554 de
805 3526 908 3556 Sanclo
922 3528 1022 3564 Petro,
1039 3525 1133 3557 ultimi
1147 3525 1294 3557 Posseffo-

237 3564 272 3596 ris
296 3562 435 3605 ejusdem,
452 3574 530 3595 nunc
548 3534 670 3594 iiberum
690 3563 911 3606 &·vacantem‚
924 3564 961 3595 &
983 3565 1013 3594 in
1029 3565 1156 3596 manibus
1176 3564 1276 3594 nostris
1282 3586 1293 3602 ,

236 3598 306 3642 Jure
319 3601 466 3641 Regaiiae,
484 3602 651 3633 existentem
667 3608 698 3631 ut
711 3600 829 3638 dicitur,

275 3638 366 3679 Cujus
384 3642 500 3679 quidem
523 3637 738 3671 Cancellariatfis
756 3637 879 3670 Collatio
900 3640 934 3671 δε
956 3640 1125 3671 omnimoda
1139 3640 1294 3678 Dispositio

238 3679 338 3711 Nobis
350 3681 502 3711 noscuntur
513 3681 669 3720 pertinere,
1232 3717 1237 3722 Α

274 3716 394 3748 Dilecto
407 3716 506 3749 Nobis
525 3716 673 3749 uuillielmi
688 3717 719 3746 de
736 3715 864 3746 Gardinis
902 3713 1045 3753 Magistro
1068 3717 1096 3746 in
1121 3717 1293 3755 Medeona,

238 3760 307 3786 cum
318 3755 369 3786 suis
374 3756 391 3795 J
395 3754 489 3788 uribus
501 3758 535 3789 &
554 3756 730 3788 Pertinenciis
745 3752 860 3787 Univer
871 3762 913 3791 is,
931 3753 1118 3786 Conferimus
1138 3756 1171 3786 &
1194 3754 1296 3785 Dona-

240 3799 303 3823 mus

278 3816 445 3862 Mimdan'tes
466 3839 599 3870 quatenus
622 3833 711 3871 ipsum
734 3827 934 3868 Guillieim'um‚
951 3829 997 3861 seu
1015 3832 1071 3868 eius
1095 3832 1125 3861 in
1140 3831 1192 3862 hac
1216 3839 1294 3868 parte

242 3868 479 3907 Procuratorem,
497 3873 527 3900 in
541 3872 724 3910 corporalem
742 3869 945 3900 Poffeffionem
962 3868 1182 3900 Cancellariatfis
1193 3869 1296 3907 praedi-

242 3907 283 3938 Cti
301 3908 408 3944 ponatis
424 3908 456 3938 ὅτ
471 3908 622 3948 inducatis,
639 3910 685 3940 seu
698 3909 768 3947 poni
783 3907 815 3939 &
828 3907 922 3947 induci
932 3906 1055 3946 faciatis,

279 3945 324 3975 Ac
337 3944 454 3976 'Stalium
471 3946 499 3975 in
514 3942 619 3978 Chore
635 3948 667 3979 ὃ(
683 3947 800 3978 Locum
816 3947 846 3976 in
862 3945 1012 3984 capitulo,
1032 3954 1116 3983 prout
1130 3947 1220 3977 moris
1238 3944 1297 3983 est,

242 3983 334 4014 eidem
351 3980 515 4022 Affignetis,

250 4050 253 4051 γ
277 4019 408 4052 Necnon
433 4020 524 4059 ipsum
546 4021 726 4052 Gmllielmum
747 4022 895 4053 Fructibus
908 4044 919 4060 ,
938 4021 1189 4059 obventionibus,
1206 4021 1298 4052 Profi-

240 4060 316 4099 cuis,
332 4061 366 4093 &
388 4059 597 4092 Emolumentis
618 4060 842 4099 ‘quibuscumque
859 4085 869 4100 ‚
893 4061 927 4092 ad
949 4059 1073 4092 eundem
1092 4060 1301 4099 spectantibus,

1297 304 1319 324 ri
1334 297 1481 326 consuetis.

1330 331 1363 361 In
1383 335 1477 371 cujus,
1494 334 1553 366 &c.
2358 318 2472 384 Ηένῗὲ·

1295 370 1426 438 ariffeste
1448 371 1530 412 Rege
1549 374 1622 412 apud
1645 376 1767 414 Castrum
1782 379 1862 418 fimm
1885 381 2041 419 Rothomagi
2065 383 2146 413 tertio
2169 383 2216 414 die
2238 383 2343 416 Febru-

1543 535 1570 562 a*
1596 539 1652 569 Pro
1676 536 1942 582 Ambaffirztoribm
1966 542 2086 589 Januae.
2365 562 2383 582 at
2403 564 2455 592 Ιχ,

1297 617 1428 686 Κέἐέτζῃ
1441 618 1572 651 universis
1585 620 1618 651 ὃς
1631 620 1745 659 fingulis
1762 622 1934 663 Admirallis,
1952 626 2011 657 δίε.
2027 628 2060 658 ad
2077 639 2163 668 quos,
2180 631 2240 662 &c.
2267 631 2345 663 Salu-
2361 601 2437 668 [8361131
2452 638 2495 671 D.

1333 693 1432 724 Sciatis
1447 694 1526 732 quod
1543 695 1705 736 suscepimus
1718 699 1748 728 in
1763 699 1867 730 salvum
1882 701 1915 731 &
1937 702 2063 734 securum
2081 704 2271 738 Conductum
2291 717 2347 738 ΠΟ·
2362 685 2471 751 Αινέὶγῗ.

1324 741 1406 775 rum,
1424 742 1456 762 ac
1472 734 1501 761 in
1518 732 1745 773 Prorecrionem,
1766 737 1949 777 Tuitionem,
1968 743 2001 772 ὅτ
2017 741 2220 775 Defensionem
2240 745 2346 777 nostras
2365 757 2398 781 Η,
2416 763 2445 789 5.

1297 765 1440 808 speciales,
1457 770 1636 808 Rhaphaelem
1648 773 1680 802 de
1691 774 1815 814 spinalis,
1831 777 1863 806 ὃς
1878 777 2057 816 sthephanum
2069 781 2221 812 Lomelimcs
2231 806 2239 820 ,
2255 784 2347 814 Sindi·
2363 796 2451 820 Franc.
2470 795 2499 828 7.'

1299 817 1349 851 cos
1372 810 1405 840 ὃς
1426 808 1640 841 Ambaffiatores
1658 815 1741 842 Ducis
1760 812 1798 848 ῤ’
1819 818 2021 846 Communitatis
2042 817 2220 860 Januensuem
2236 843 2246 859 ,
2263 819 2348 860 usqu'e
2364 835 2393 858 H
2418 839 2437 867 5
2461 840 2498 859 m.

1299 845 1549 890 Villam-nostram
1570 848 1687 887 Calefii,
1704 851 1737 881 &
1757 851 1859 882 abinde
1880 855 1909 883 in
1928 854 2063 895 Regnum
2078 858 2206 888 nostrum
2219 860 2350 899 Angliae‚
2370 853 2400 896 μ’
2440 851 2447 859 ’

1301 893 1368 914 cum
1380 884 1489 929 ‘Viginti
1501 885 1629 918 Personis
1644 888 1676 918 &
1693 889 1812 933 totidem
1826 890 1912 929 Equis
1934 894 1963 922 in
1985 893 2133 927 Comitiva
2149 896 2211 934 sua,
2235 899 2352 928 venien-

1302 922 1358 961 do,
1377 925 1482 954 ibidem
1497 926 1653 964 morando,
1671 927 1704 957 &
1721 929 1819 958 exrnde
1834 939 1885 967 pro
1897 941 1994 962 eorum
2009 932 2089 963 libito
2102 935 2252 966 voluntatis
2265 937 2354 967 libere

1302 962 1461 992 recedendo
1484 962 1518 993 ὅ(
1536 964 1683 1003 abeundo,
1698 975 1730 997 ac
1754 966 1870 1006 Equos,
1888 967 1984 1006 Bona,
2003 972 2037 1001 &
2057 971 2117 1002 Res
2137 973 2180 1003 sua
2205 984 2353 1011 quaecum-

1303 1010 1376 1042 que,
1393 1000 1641 1045 nonobstantibus
1653 1004 1789 1042 aliquibus
1804 1005 1916 1036 Debitis
1930 1007 2055 1039 Publicis
2067 1011 2100 1041 ὅ(
2109 1009 2242 1050 Privatis,
2258 1012 2356 1045 Guer-

1305 1048 1355 1075 ris,
1371 1038 1564 1082 Homicidiis,
1581 1041 1703 1072 Delieus
1718 1067 1727 1080 ,
1746 1042 1846 1074 Bannis
1860 1069 1869 1082 ,
1884 1045 2048 1078 Exceffibus
2064 1071 2075 1086 ,
2093 1058 2140 1079 aut
2156 1048 2268 1080 In'uriis
2281 1074 2290 1090 ,
2308 1051 2356 1082 vel

1305 1076 1429 1107 Offentrs
1448 1078 1615 1121 quibussibet
1631 1104 1642 1117 ,
1659 1082 1933 1122 quomodocumque
1954 1084 2119 1125 perpetratis
2220 1089 2355 1128 mmfflis,

1305 1124 1350 1145 aut
1372 1114 1467 1160 Gestis
1481 1138 1491 1153 ,
1515 1127 1563 1155 per
1587 1118 1658 1155 ipsos
1671 1142 1681 1156 ‚
1708 1119 1868 1157 Raphaelem
1892 1124 1924 1152 ὃς
1947 1124 2131 1163 Stephanum,
2158 1126 2287 1165 Perfimas
2304 1126 2357 1168 fia

1306 1156 1528 1194 Communztatem
1544 1156 1724 1195 praedistam,
1742 1159 1785 1189 vel
1801 1169 1900 1190 eorum
1913 1161 2054 1200 aliquem,-

1341 1191 1378 1221 Et
1392 1191 1457 1221 ideo
1474 1193 1555 1234 yobis
1569 1193 1739 1226 Mandamus
1753 1197 1830 1234 quod
1843 1199 1930 1237 ipsos,
1947 1199 2108 1238 Raphaelem
2123 1203 2157 1232 &
2178 1201 2360 1243 Stephanum,

1306 1239 1376 1272 cum
1397 1228 1518 1268 Perfimis
1533 1232 1686 1270 praediffls,
1705 1243 1737 1264 ac
1757 1235 1875 1266 totidem
1897 1236 1982 1276 Equis
2003 1240 2033 1269 in
2057 1238 2205 1272 comitiva
2228 1240 2291 1280 sui,
2311 1253 2361 1274 ve·-

1308 1267 1431 1310 mendo,
1449 1270 1481 1298 &
1508 1270 1607 1300 exinde
1621 1294 1630 1307 ‚
1650 1280 1702 1309 pro
1726 1282 1824 1302 eorum
1845 1275 1926 1305 libito
1951 1277 2099 1308 voluntatis
2113 1302 2123 1317 ‚
2139 1287 2169 1310 ut
2190 1280 2360 1318 praedictum

1309 1304 1368 1342 est,
1386 1306 1471 1335 libere
1487 1307 1648 1338 recedendo
1664 1310 1697 1338 ὃς
1715 1310 1846 1341 abeundo
1857 1335 1866 1349 ,
1884 1323 1917 1343 ac
1939 1313 2052 1353 Equos,
2074 1315 2168 1355 Bona,
2184 1319 2217 1348 ὃ(
2239 1318 2298 1348 Res
2314 1319 2362 1349 sua

1309 1353 1514 1388 quaecumque,
1532 1356 1591 1376 non
1607 1346 1782 1377 obstantibus
1796 1350 1932 1386 aliquibus
1951 1351 2061 1384 Debitis
2074 1353 2201 1386 Publicis
2213 1357 2247 1388 &
2263 1356 2364 1388 Priva-

1310 1381 1512 1425 tiszGuerris,
1529 1384 1721 1427 Hom-icidiis,
1740 1385 1878 1426 Delictis,
1898 1388 1998 1420 Bannis
2011 1413 2021 1428 ,
2038 1390 2200 1424 Exceffibus
2213 1419 2223 1431 ,
2241 1404 2288 1426 aut
2312 1394 2362 1426 ln-

1308 1421 1478 1464 jurum-vel
1506 1422 1630 1452 Ostenirs
1658 1425 1828 1462 quibussibet
1843 1449 1852 1465 ‚
1877 1429 2152 1469 quomodocumque
2180 1435 2363 1473 perpetratis,

1311 1459 1487 1501 commistis,
1504 1469 1549 1490 aut
1571 1461 1668 1500 gestis,
1687 1472 1736 1499 per
1761 1464 1831 1500 ipsos
1847 1489 1856 1502 ,
1874 1465 2054 1505 Raphaelem,
2072 1469 2251 1510 Stephanum,
2269 1471 2366 1511 Perlb-

1310 1507 1360 1540 nas
1375 1496 1418 1535 feu
1433 1501 1654 1529 Communitatem
1667 1501 1841 1539 praediHam,
1859 1504 1903 1533 vel
1917 1514 2018 1535 eorum
2033 1507 2154 1544 aliquem
2164 1530 2173 1545 ,
2188 1519 2367 1540 manutenea-

1312 1544 1361 1572 τις,
1376 1539 1544 1579 protegatis,
1560 1539 1592 1568 ὃ(
1605 1538 1773 1577 defendatis,
1791 1551 1851 1570 non
1867 1542 2014 1574 inferentes
2030 1546 2084 1582 eis,
2106 1545 2167 1584 seu,
2186 1556 2324 1584 quantum
2337 1548 2367 1578 in

1313 1575 1395 1603 vobis
1418 1573 1460 1603 est
1475 1598 1485 1611 ,
1510 1576 1545 1604 ab
1566 1576 1623 1606 aliis
1646 1577 1740 1607 inferri
1767 1580 1956 1615 permittentes
1982 1581 2116 1618 Iniuriam
2133 1607 2143 1623 ,
2174 1583 2338 1616 Molestiatn
2357 1609 2368 1625 ,

1313 1610 1484 1651 Dampnum
1500 1636 1509 1650 ,
1538 1614 1704 1645 violentiam
1720 1639 1730 1654 ,
1758 1616 1998 1655 impedimentum
2019 1621 2132 1659 aliquod
2147 1644 2157 1661 2
2184 1623 2230 1654 seu
2259 1624 2370 1657 Grava—

1315 1659 1392 1680 men.

1351 1688 1405 1732 Et,
1421 1688 1443 1732 s’.
1462 1689 1531 1734 quid
1551 1691 1605 1729 eis,
1622 1691 1668 1723 seu
1687 1702 1786 1723 eorum
1809 1694 1909 1733 alicui,
1929 1696 2112 1728 Forisfaetum
2137 1699 2193 1729 five
2208 1699 2372 1738 Injuriatum

1317 1726 1417 1765 fuerit,
1435 1727 1463 1772 ¹d.
1482 1739 1536 1766 eis,
1555 1730 1588 1760 δε
1604 1740 1703 1761 eorum
1718 1733 1849 1771 cuilibet,
1870 1734 1926 1764 sine
1939 1735 2088 1774 dilatione,
2106 1739 2211 1777 corrigi
2229 1739 2261 1769 &
2275 1739 2372 1770 debite

1316 1765 1463 1796 reformari
1477 1766 1590 1798 faciatis.

1355 1803 1498 1834 Nolentes
1518 1805 1597 1843 qubd
1622 1806 1706 1837 iidem
1720 1830 1730 1845 ,
1758 1809 1882 1847 Raphael
1902 1810 1935 1840 ὃς
1958 1811 2106 1849 Stephanus
2120 1836 2129 1851 ,
2155 1814 2278 1853 Persbnae
2294 1838 2304 1853 ,
2326 1815 2374 1846 seu

1318 1844 1498 1886 Commanfias
1516 1845 1650 1881 praedia‘la
1664 1868 1673 1884 ,
1690 1855 1736 1877 aut
1757 1857 1856 1878 eorum
1877 1848 1973 1887 aliquis
1988 1875 1997 1888 ‚
2013 1854 2120 1881 ratione
2142 1852 2374 1892 Praemifforum,

1319 1889 1365 1910 aut
1380 1881 1491 1926 alicujus
1514 1884 1683 1914 eorumdem
1698 1907 1707 1921 ,
1726 1885 1782 1915 live
1803 1887 1909 1917 ratione
1929 1888 2083 1925 aliquarum
2108 1890 2293 1928 Marquarum
2315 1893 2373 1923 sive

1321 1918 1536 1956 Reprisaliarum
1546 1942 1555 1958 ,
1571 1931 1636 1952 ante
1647 1923 1709 1953 haec
1725 1932 1870 1962 tempora,
1885 1925 1976 1956 versus
1990 1929 2090 1956 Ducem
2106 1927 2374 1963 &communitatem

1320 1956 1501 1998 Januenfium
1522 1959 1737 1999 concessarum,
1755 1963 2031 2002 quomodocumque
2052 1965 2225 2006 Capiantur,
2240 1968 2376 1998 Aresten—

1320 2004 1365 2025 tur
1376 1996 1623 2040 ,imprisonentur
1639 2020 1650 2038 2
1668 1999 1858 2031 Molestentur
1878 2003 1907 2031 in
1929 2003 2023 2039 aliquo
2037 2028 2046 2040 .,
2065 2005 2110 2035 seu
2129 2004 2291 2036 Graventur
2303 2030 2314 2045 ,
2327 2015 2376 2037 aut

1320 2033 1456 2071 Captatur
1472 2058 1482 2073 ,
1504 2035 1671 2075 Arestetur,
1695 2036 1895 2076 Imprisonetur
1909 2063 1919 2079 ,
1946 2040 2114 2073 Molestetur
2133 2044 2162 2073 in
2185 2044 2278 2083 aliquo
2294 2068 2305 2083 ,
2329 2045 2376 2076 seu

1321 2072 1469 2104 Gravetur
1484 2083 1584 2104 eorum
1599 2076 1695 2114 aliquis
1705 2099 1716 2114 ,

1361 2111 1480 2142 Proviso
1500 2112 1608 2150 semper
1623 2115 1709 2156 ‘quod
1732 2114 1878 2153 praedicti,
1895 2115 2032 2157 Raphael,
2048 2118 2083 2150 δε
2097 2119 2264 2159 Stephanus,
2282 2119 2377 2160 Persii-

1323 2160 1365 2179 nae
1394 2151 1430 2181 &
1443 2159 1544 2180 eorum
1561 2152 1696 2191 quilibet,
1712 2154 1786 2183 bene
1800 2155 1833 2185 δε
1849 2154 1984 2194 honeste,
2002 2157 2028 2186 se
2043 2157 2164 2188 habeant
2179 2159 2213 2190 &
2227 2167 2322 2198 gerant
2335 2169 2379 2189 er-

1342 2198 1357 2218 a
1408 2199 1439 2219 os
1453 2190 1486 2219 &
1503 2189 1645 2227 Populum
1659 2191 1804 2230 nostrum,
1821 2201 1874 2223 nec
1889 2195 2056 2233 quicquam,
2072 2197 2153 2234 quod
2171 2197 2201 2226 in
2214 2197 2320 2236 nostri,
2332 2198 2379 2229 seu

1349 2228 1428 2265 epuli
1442 2226 1548 2264 nostri,
1570 2227 1787 2268 Praej'udicium,
1806 2229 1994 2270 Dammana,
2010 2234 2057 2264 vel
2075 2233 2204 2273 Malum,
2222 2235 2380 2268 cedereva-

1324 2266 1394 2303 leat,
1413 2275 1471 2295 non
1487 2274 1670 2306 attemptent‚
1687 2278 1733 2299 aut
1745 2271 1900 2307 attemptari
1913 2269 2031 2310 faciant,
2048 2274 2151 2310 quovis
2164 2273 2263 2304 modo.

1362 2303 1396 2334 In
1419 2304 1515 2343 cujus,
1530 2306 1591 2336 &c.
1610 2315 1661 2344 per
1683 2307 1816 2345 Quatuor
1841 2307 1955 2339 Menses
1976 2312 2112 2347 proximo
2135 2311 2245 2343 futuros
2267 2312 2379 2345 duratu-

1327 2352 1340 2372 r

1341 2351 1459 2411 as3reste
1477 2379 1626 2426 Huffledo
1650 2384 1724 2427 prece
1741 2381 1906 2427 Gilua-cestria
1924 2384 2052 2417 Custode
2070 2386 2183 2428 Angliae
2198 2388 2274 2427 apud
2294 2387 2380 2430 ΜΕ·

1323 2419 1509 2459 monasterium
1527 2430 1622 2458 primo
1636 2421 1684 2452 die
1700 2421 1850 2454 Februarii.

2041 2494 2098 2524 Per
2117 2495 2272 2527 Concilium.

1330 2578 2385 2591 Q

1540 2632 1753 2667 Ordinationes
1767 2633 1805 2666 de
1824 2635 1953 2668 filonem
1969 2636 2174 2671 Normanm'ae.

1331 2718 1500 2779 HEnry,
1518 2720 1578 2750 διε.
1593 2729 1608 2748 a
1623 2727 1702 2756 tous,
1720 2720 1781 2750 &c.
1800 2717 1886 2750 Salut.
2401 2725 2476 2756 Ann.
2491 2725 2534 2755 D.

1442 2758 1542 2788 Savoir
1560 2757 1661 2788 faisons
1679 2767 1750 2796 que,
2427 2773 2511 2803 1420.

1367 2796 1465 2827 Come

1365 2835 1410 2865 En
1424 2819 1520 2864 nostre
1529 2834 1640 2872 Joieuse
1653 2833 1821 2872 Conqueste
1832 2834 1865 2864 &
1881 2832 1967 2864 Entre
1983 2857 1992 2873 ,
2009 2834 2093 2866 faie‘te
2106 2845 2143 2865 en
2158 2836 2254 2868 nostre
2268 2838 2340 2870 Ville
2348 2838 2384 2870 de
2398 2806 2499 2875 2²25(

1330 2873 1437 2904 Rouen
1453 2875 1486 2904 ὃς
1500 2872 1571 2903 Paiis
1585 2873 1621 2902 de
1633 2871 1833 2909 Normendie,
1852 2872 1886 2903 ὃς
1902 2882 1918 2902 a
1931 2872 1970 2902 fin
1987 2872 2023 2903 de
2039 2873 2149 2904 Garder
2162 2874 2189 2905 le
2209 2875 2331 2908 Prouffit
2348 2878 2384 2908 de
2402 2883 2460 2906 Par.

1331 2912 1419 2943 Nous
1430 2912 1463 2943 δε
1477 2911 1512 2941 de
1528 2910 1624 2941 nostre
1639 2910 1762 2948 Peuple‚
1781 2911 1813 2940 δε
1828 2911 1918 2950 ycelui
1929 2913 2087 2942 entreteinir
2101 2923 2136 2942 en
2151 2911 2233 2952 Paix,
2401 2922 2489 2945 Norm.
2507 2925 2535 2950 7.

1369 2949 1457 2980 Nous
1478 2949 1590 2979 eussons
1612 2948 1754 2979 Ordonne
1777 2950 1810 2990 ὃς
1834 2948 2032 2988 Commande,
2050 2960 2099 2987 par
2120 2951 2218 2983 bonne
2237 2954 2271 2984 &
2286 2962 2383 2984 meure
2402 2961 2533 2991 H.5.p.2.

1331 2988 1512 3019 deliberation
1533 2987 1569 3017 de
1592 2986 1688 3017 nostre
1710 2986 1843 3025 Conseri,
1860 2987 1928 3017 faire
1946 2997 1983 3017 en
2005 2988 2102 3019 nostre
2120 2989 2246 3021 Monoie
2285 3001 2320 3021 au
2343 2992 2383 3023 dit
2400 3002 2435 3023 m.
2456 2994 2536 3030 ιιι-Α»

1334 3028 1406 3058 Lieu
1422 3026 1458 3055 de
1474 3026 1595 3062 Reum,
1614 3027 1647 3056 &
1661 3035 1698 3055 en
1711 3033 1771 3054 noz
1781 3034 1871 3055 autres
1886 3025 2021 3056 Monotes
2036 3027 2072 3057 de
2085 3027 2182 3058 nostre
2200 3029 2240 3059 dit
2253 3014 2326 3059 baiis
2346 3030 2384 3061 de

1332 3064 1518 3096 Normendie
1534 3086 1545 3102 ,
1571 3063 1696 3094 GRoz
1710 3087 1720 3100 ,
1741 3062 1892 3093 Nomas
1920 3063 2100 3095 RomLx
2118 3088 2128 3103 ,
2152 3075 2187 3096 xx
2205 3069 2231 3096 d.
2261 3071 2387 3098 Tournot'c

1333 3103 1444 3141 Pieche‚
1461 3111 1524 3133 tout
1549 3112 1596 3139 per
1612 3102 1637 3131 la
1661 3102 1772 3132 fourme
1788 3103 1822 3133 &
1842 3112 1971 3140 manere,
1990 3113 2045 3140 que
2066 3104 2120 3134 l'en
2141 3103 2178 3134 1oe
2190 3105 2269 3136 fesoit
2283 3116 2322 3136 ou
2338 3117 2386 3143 par

1333 3151 1416 3172 avant
1441 3142 1476 3171 de
1499 3141 1594 3170 nostre
1610 3140 1650 3171 dit
1666 3139 1832 3177 Conqueste
1856 3140 1888 3170 &
1907 3139 2029 3180 Entree,
2049 3149 2107 3172 tant
2122 3152 2156 3171 en
2173 3142 2264 3183 Poys,
2281 3153 2336 3182 que
2350 3155 2386 3175 en

1335 3180 1377 3210 La
1406 3204 1415 3217 ,
1431 3180 1487 3210 sans
1503 3178 1685 3209 D‘iminution
1699 3188 1736 3208 ne
1753 3178 1948 3208 Acressement
1965 3179 2047 3210 faicste
2060 3181 2104 3210 sur
2119 3190 2170 3218 ce,

1372 3190 1410 3248 Et
1426 3218 1533 3255 Depuis
1543 3227 1560 3256 y
1574 3219 1651 3247 aions
1665 3217 1714 3247 fait
1727 3217 1795 3247 faire
1810 3218 1843 3247 &
1862 3226 1964 3248 mettre
1981 3228 2037 3249 une
2051 3227 2143 3256 petyte
2163 3218 2332 3251 Difference
2346 3230 2386 3251 ou

1335 3257 1479 3294 Enseigne
1492 3266 1520 3286 es
1534 3256 1652 3294 Mings,

1374 3295 1410 3326 Et
1428 3295 1447 3325 il
1460 3294 1547 3325 Nous
1560 3295 1630 3333 avisy
1649 3304 1704 3332 que
1718 3303 1770 3331 pur
1787 3303 1820 3324 ce
1836 3303 1892 3332 que
1904 3293 2063 3331 n’adgueres
2080 3293 2097 3323 il
2113 3294 2196 3326 estoit
2217 3297 2251 3327 δε
2271 3306 2384 3335 unquo·

1335 3343 1365 3364 re
1379 3334 1418 3364 est
1433 3342 1526 3363 venue
1539 3343 1554 3363 a
1570 3333 1664 3363 nostre
1676 3331 1922 3370 Gongnoiffance,
1940 3342 1995 3370 que
2008 3343 2044 3362 en
2064 3332 2160 3363 nostre
2180 3334 2238 3364 dite
2258 3334 2332 3365 Ville
2350 3336 2383 3365 &

1336 3373 1408 3403 Paiis
1421 3371 1457 3402 de
1470 3371 1651 3415 Normendie
1661 3393 1671 3409 ,
1687 3372 1720 3401 &
1732 3371 1837 3400 ailleurs
1849 3380 1866 3414 ρ
1885 3369 1980 3401 nostre
1993 3370 2182 3410 Obeiffance,
2200 3380 2252 3403 ont
2265 3373 2322 3403 este
2336 3382 2385 3416 ap-

1336 3408 1890 3488 333332230iua<3353s235fflsffi
1905 3409 2385 3481 {3nt‘31301323525¹3s32‘31?2²13¹53
2419 3465 2434 3482 ⁴.
2457 3465 2511 3494 1x.

1336 3489 1369 3519 &
1383 3488 1418 3517 de
1433 3487 1578 3526 Bretaigne
1589 3496 1644 3524 que
1657 3485 1791 3516 d'ailleurs
1801 3507 1810 3523 ,
2400 3503 2450 3531 85¹

1375 3525 1430 3555 Les
1448 3526 1530 3563 quelx
1548 3523 1666 3554 GRoz
1683 3525 1746 3554 sont
1767 3523 1803 3553 de
1824 3522 1987 3553 semblables
2001 3523 2109 3561 Conge
2129 3536 2168 3555 ou
2180 3525 2313 3556 environs
2328 3534 2383 3564 que
2458 3528 2465 3540 ‘¹

1337 3564 1417 3595 ceulx
1428 3585 1437 3601 ,
1456 3574 1511 3600 que
1525 3563 1577 3592 l'en
1593 3563 1680 3593 faisoit
1693 3572 1707 3591 a
1725 3561 1819 3592 nostre
1835 3562 1892 3592 dite
1907 3561 1980 3591 Ville
1994 3562 2030 3592 de
2046 3562 2169 3602 Rouen,
2187 3574 2219 3592 au
2233 3564 2384 3594 devantde

1337 3601 1433 3632 nostre
1455 3603 1512 3631 dite
1531 3601 1634 3631 Entree
1656 3601 1688 3631 ὃς
1706 3599 1875 3638 Conquest,
1894 3601 1968 3631 maiz
1989 3600 2052 3632 sont
2068 3601 2104 3632 de
2124 3601 2252 3632 meindre
2267 3600 2334 3632 Pois
2350 3603 2384 3634 &

1338 3641 1380 3672 La
1413 3649 1467 3677 que
1481 3639 1562 3669 ceulx
1577 3649 1630 3677 que
1648 3638 1733 3670 Nous
1745 3639 1844 3669 saisons
1857 3639 1922 3676 fair,

1400 3687 1429 3716 t,
1446 3677 1535 3707 soubz
1550 3678 1650 3707 umbre
1663 3677 1698 3707 de
1710 3687 1746 3708 ce
1759 3678 1830 3715 quils
1843 3676 1971 3716 estoyent
1996 3678 2029 3707 &
2052 3676 2113 3707 ibnt
2135 3676 2246 3715 prestJue
2271 3676 2388 3710 sembla-

1338 3717 1413 3754 bles,
1430 3725 1481 3746 ont
1496 3726 1532 3746 eu
1549 3717 1583 3747 &
1599 3726 1638 3746 on
1653 3715 1748 3746 Cours
1762 3725 1796 3745 en
1811 3714 1906 3745 nostre
1918 3715 1957 3746 dit
1977 3716 2045 3756 Paiis
2055 3739 2065 3752 ,
2083 3715 2116 3745 &
2128 3725 2174 3752 par
2189 3725 2222 3744 ce
2234 3724 2287 3745 ont
2301 3726 2384 3748 acreu

1337 3757 1370 3786 &
1384 3764 1498 3792 empere
1515 3754 1610 3784 nostre
1623 3753 1664 3784 dit
1678 3753 1809 3792 Monoye
1824 3753 1905 3784 ceulx
1918 3754 1966 3790 qui
1981 3755 2033 3782 ainl
2064 3762 2115 3783 ont
2136 3753 2266 3790 Apporte
2283 3756 2384 3793 yceulx

1336 3802 1425 3825 autres
1444 3791 1579 3830 GRoz,
1594 3802 1629 3823 en
1654 3801 1731 3831 quoy
1756 3792 1845 3822 Nous
1863 3793 1897 3823 ὅτ,
1919 3791 2014 3820 nostre
2035 3762 2145 3829 &euple
2163 3801 2250 3822 avons
2273 3791 2331 3823 este
2353 3795 2387 3826 &-

1338 3833 1461 3863 sommes
1473 3830 1657 3869 grandement
1672 3830 1789 3868 deceus,
1888 3867 1892 3872 ι

1375 3869 1464 3900 Nous
1484 3871 1568 3906 (pour
1593 3869 1692 3899 obviet
1712 3868 1746 3899 ad
1769 3868 1814 3904 ce)
1834 3877 1852 3906 y
1870 3875 1947 3896 aions
1962 3865 2124 3911 Ordonne,
2142 3877 2189 3906 par
2203 3875 2264 3900 noz
2278 3867 2386 3902 Lettres

1339 3908 1483 3946 PatenteS,
1502 3907 1567 3937 faire
1582 3907 1616 3937 G
1626 3916 1650 3937 R
1659 3915 1704 3937 oz
1721 3906 1756 3937 de
1768 3914 1802 3935 xx
1813 3905 1840 3934 d.
1855 3907 1979 3934 Tburnoxs
1995 3904 2096 3949 Rieche.

1377 3946 1416 3976 Es
1430 3945 1522 3983 quielx
1535 3955 1598 3976 aura
1611 3955 1646 3977 en
1662 3945 1686 3975 la
1698 3944 1768 3974 Pille
1782 3945 1818 3973 iii.
1831 3942 1922 3972 Fleurs
1933 3942 1965 3971 de
1977 3944 2036 3971 Lts.

1377 3983 1415 4015 Et
1431 3993 1460 4014 es
1471 3982 1559 4014 Costs
1578 3985 1604 4013 ii.
1621 3986 1686 4021 Liep
1702 3992 1748 4012 ars
1762 3989 1858 4011 tenans
1872 3979 1955 4010 icelles
1967 3983 2003 4009 iii.
2021 3979 2113 4010 Fleurs
2127 3981 2163 4010 de
2176 3984 2243 4021 Lis,

1377 4022 1415 4053 Et
1429 4032 1467 4052 ou
1480 4021 1572 4052 Coste
1584 4021 1620 4052 de
1636 4023 1662 4052 la
1674 3990 1785 4058 groix,
1803 4029 1842 4049 ou
1863 4027 1960 4059 parmy
1978 4019 2102 4057 d'icelle,
2115 4027 2166 4050 une
2187 4023 2226 4052 H.
2245 4032 2314 4053 avec
2333 4031 2390 4052 ccr-

1342 4064 1428 4092 taines
1441 4060 1608 4100 dtffierences,

1834 4094 1898 4134 V3
2354 4097 2395 4131 Et
