2562 4274
740 137 843 181 ET
907 138 1178 180 ACTA
1241 138 1724 184 PUBLICA.

31 222 162 264 Anu-D.⁴

60 276 148 308 14¹7·

33 319 97 346 aaa.
114 315 143 344 5-
465 310 525 341 Pro
543 305 814 352 Ambaffiatoribus
832 310 973 344 Franciae.

33 403 86 430 An.
106 404 132 431 5.
192 394 325 453 REX
341 417 351 434 ,
375 403 425 432 per
447 393 553 425 Literas
572 394 630 424 suas
652 393 782 425 Patentes
795 417 805 432 ,
829 394 917 433 usque
931 394 1098 426 vicesimum
1114 402 1246 433 quartum

35 444 72 468 Η,
92 444 119 472 5·
267 434 343 464 diem
364 432 547 464 Novembris
562 457 572 471 ,
597 434 730 470 proximo
746 433 873 464 futurum
895 433 1036 465 duraturas
1051 458 1061 473 ,
1086 433 1202 471 suscepit
1216 435 1246 464 in

37 482 98 507 Pat-
185 471 294 504 salvum
311 496 319 510 ,
344 473 405 503 &c.
430 471 631 502 Venerabilem
659 471 795 510 Patrem,
821 471 995 509 Reginaldum
1015 473 1247 511 Archiepiscopum

37 523 130 548 Norm.
139 520 167 547 5-
187 510 357 551 Remensem,
375 512 408 541 &
424 509 598 547 Magistrum
611 510 757 539 Robertum
772 513 803 540 de
816 511 946 550 Tuleriir,
965 511 1052 549 usque
1065 510 1246 542 Praesentiam

38 561 74 585 Η.
91 561 116 586 5.
131 560 167 579 m·
187 547 294 588 Regis,
314 550 492 586 ubicumque
512 558 579 578 eum
600 547 662 578 fore
682 550 852 588 contigerit,
870 559 938 580 cum
953 549 1146 589 Quadraginta
1158 550 1248 588 Equis

32 593 85 623 '20⁴
187 587 220 616 in
234 588 385 619 Comitiva
398 587 463 624 sua,
481 587 640 624 veniendo,
661 588 768 617 ibidem
785 587 942 626 morando,
962 588 981 607 *¹
994 589 1028 620 ὃς
1045 589 1144 619 exinde
1159 598 1248 620 trans-

38 635 56 650 *
75 631 128 659 iX.
189 626 304 666 eundo,
321 636 354 657 ac
368 625 443 664 Res,
459 625 557 664 Bona,
575 627 608 656 &
622 625 760 656 Hernesia
774 635 981 665 quaecumque,

37 681 105 708 510.
228 665 348 698 Proviso
363 665 471 702 semper
486 664 566 703 quod
578 664 628 702 ipsi
645 666 815 703 quicquam,
834 663 894 700 &a
910 671 941 694 ut
955 669 984 695 in
992 664 1125 706 similibus
1139 666 1171 696 de
1178 669 1249 696 Con—

191 705 273 736 dicein
287 706 401 734 Literis.

227 743 262 773 In
275 744 353 778 cujus
362 764 371 779 ,
386 741 447 773 &c.

225 780 317 811 Teste
338 779 422 820 Rege
442 779 515 818 apud
539 779 662 819 Castrum
685 782 762 817 Regis
781 779 934 820 d'Aleann
946 805 956 818 ,
981 781 1012 810 in
1032 779 1149 812 Ducatu
1161 779 1250 821 Regis

189 818 400 858 Normanniae,
417 818 534 850 decimo
548 819 594 850 die
608 818 799 850 Novembris.

877 895 933 924 Per
945 893 1028 933 ipficm
1041 896 1145 933 Regem.

466 1025 524 1055 Pro
543 1016 813 1063 Ambaffiatoribus
828 1021 971 1054 Franciae.

39 1136 121 1169 ann.
133 1132 176 1164 D.
194 1105 408 1184 Κξῖξξῑέἰῗὲ
418 1105 593 1189 Ῑὲἓῐὲῗηῗῗῗ
602 1105 765 1182 initiis,
774 1105 1254 1184 Ἢιὲῐέῗῗὲᾚιῗὲῗῃῗιέἔάἓῗί

62 1181 151 1213 1417.
192 1181 309 1214 lielmum
322 1185 354 1214 de
367 1183 505 1213 Meulhom
519 1182 645 1213 Militem
655 1206 664 1221 ,
677 1184 712 1214 &
720 1182 875 1214 Gilbertum
886 1184 919 1214 de
932 1187 1002 1214 Mon
1026 1188 1077 1214 iers
1084 1183 1252 1215 Dominum

41 1218 95 1246 An.
114 1221 142 1248 5·
187 1221 228 1252 de
241 1221 266 1253 la
280 1222 374 1253 Faieta
386 1221 529 1261 Militem,
545 1223 575 1252 in
592 1221 663 1253 Villa
678 1222 805 1262 Faleliae,
823 1224 854 1252 in
869 1222 985 1253 Ducatu
1031 1223 1088 1261 egis
1099 1222 1253 1253 Norman-

42 1258 80 1284 Η·
99 1261 117 1288 5
121 1273 127 1279 ·
191 1261 247 1291 niae
265 1283 275 1298 ,
293 1269 325 1292 ut
345 1261 451 1292 dicitur
465 1283 476 1300 ,
492 1260 640 1292 existentes
653 1285 664 1299 ,
685 1261 721 1291 ab
737 1260 836 1292 eadem
851 1260 942 1299 Villa,
959 1260 993 1292 ad
1007 1260 1251 1292 conveniendum

43 1295 104 1322 ΡΜ·
192 1300 228 1330 &
244 1299 441 1330 Tractandum
453 1323 463 1338 ,
490 1301 546 1330 una
564 1308 634 1330 cum
657 1300 742 1330 certis
757 1300 817 1330 aliis
836 1298 965 1330 Personis
980 1296 1253 1338 Ambaffiatoribus,

41 1335 134 1362 ΝΟΜ·
153 1335 229 1369 5²&
250 1337 376 1369 Nunciis
395 1338 557 1374 specialibus
574 1335 766 1376 Confiznguinei
789 1337 828 1372 ὠ·
856 1336 1029 1377 Adversbrii
1041 1337 1088 1377 fiai
1105 1341 1228 1368 Franciae
1241 1362 1254 1377 ,

43 1374 80 1398 Η·
93 1379 112 1405 5
116 1390 121 1397 ·
137 1378 174 1399 m·
192 1386 262 1408 cum
283 1375 471 1416 Commiffirriis
491 1379 570 1414 Regis
582 1400 592 1414 ,
617 1376 654 1407 de
676 1378 710 1407 ὃς
724 1376 805 1413 super
822 1377 906 1407 certis
921 1373 1254 1415 Caufis,.Tranquillira-

43 1417 93 1437 ²0·
192 1423 252 1446 tem
267 1425 300 1445 ac
315 1415 470 1446 Publicum
485 1416 518 1446 &
535 1414 703 1446 Universale
721 1414 835 1445 Bonum
872 1415 984 1446 nedum
999 1415 1023 1445 F
1025 1416 1127 1447 rauciae
1141 1417 1176 1447 δε
1187 1415 1251 1447 An·

211 1454 257 1484 liae
277 1454 450 1493 Regnorum
463 1476 474 1492 ,
496 1454 601 1485 verum
620 1454 707 1484 etiarn
725 1455 812 1484 totius
831 1438 1030 1497 Cristianitatis
1044 1476 1054 1491 ,
1071 1453 1204 1492 firmiter,
1221 1462 1253 1485 ut

190 1463 260 1523 {ex
279 1492 388 1531 sperat,
410 1492 650 1524 concernentibus
664 1514 675 1530 ,
700 1500 769 1522 cum
789 1491 924 1529 Triginta
940 1491 1030 1530 Equis
1050 1493 1081 1523 in
1101 1490 1253 1524 comitiva

189 1530 255 1568 sui,
270 1541 303 1561 ac
316 1531 436 1570 Rebus,
455 1530 556 1570 Bonis,
574 1531 609 1562 ὃς
623 1529 769 1562 Hernefiis
781 1530 835 1561 suis
849 1530 1093 1569 quibuscumque,
1110 1531 1254 1563 manshun—

187 1569 347 1678 ἶξίωἱίξ)
363 1608 472 1654 semper
485 1606 568 1646 quod
581 1606 633 1646 ipfi
648 1607 804 1646 quicquam
815 1629 825 1646 ,
842 1606 904 1643 ὀνκ.
917 1614 950 1638 ut
966 1606 1133 1648 infimilibus
1147 1609 1179 1640 de
1187 1612 1255 1640 Con-

255 1657 272 1676 u
315 1658 325 1675 l
340 1657 402 1676 ern.

227 1685 262 1715 In
275 1686 370 1724 cujus,
388 1686 450 1717 &c.

222 1723 314 1755 Teste
328 1723 410 1762 Rege
425 1722 500 1761 apud
511 1721 639 1763 Castmn
652 1724 732 1763 Regis
745 1721 898 1762 d’AIenfim
911 1724 941 1754 in
948 1722 1067 1755 Ducatu
1081 1723 1173 1763 Regis
1183 1733 1255 1763 prae·

188 1760 286 1801 dieto,
301 1762 419 1794 decimo
430 1763 476 1793 die
489 1761 680 1793 Novembris.

882 1840 937 1870 Per
948 1838 1032 1879 ifficm
1044 1842 1149 1879 Regem.

316 1963 365 1995 De
380 1958 577 2011 castigando,
601 1965 640 2001 ὠ
661 1961 698 1996 de
715 1962 889 2010 Recipiendo
907 1962 952 1997 ad
965 1966 1121 2000 Gratiam.

42 2049 122 2082 Ann.
130 2048 171 2082 D.
193 2033 343 2106 REX,
364 2046 509 2080 cariffirno
532 2047 755 2089 Consanguineo
773 2049 825 2080 suo
839 2071 850 2088 ,
873 2048 1005 2089 Johanni
1020 2050 1053 2080 de
1067 2048 1173 2081 Nele
1180 2048 1256 2081 Chi-

62 2097 148 2129 1417.
272 2086 363 2125 valer,
381 2087 518 2118 Salutem.

37 2128 94 2158 'Am
113 2139 141 2164 5.
224 2124 324 2156 Sciatis
336 2125 419 2164 qued
432 2125 520 2165 Nos,

41 2171 78 2196 Η.
97 2176 126 2203 5.
227 2159 279 2195 De
297 2164 429 2196 fidelitate
443 2188 454 2205 ,
477 2164 616 2204 probitate
630 2189 641 2204 ,
665 2165 699 2198 ὃς
720 2165 982 2206 circumspectione
1002 2165 1102 2199 vestris
1114 2189 1125 2206 ,
1147 2166 1257 2206 plenius

42 2205 148 2238 uidem.
189 2202 383 2243 confideims,

228 2240 373 2273 Dedimus
394 2243 478 2274 vobis
499 2243 613 2282 plenam
628 2267 639 2281 ,
665 2241 788 2275 Tenore
810 2243 1016 2284 Praesentium,
1033 2243 1208 2276 Potestarem
1223 2246 1258 2277 δε

187 2278 399 2311 Au&oritarem
417 2281 452 2311 ad
466 2283 565 2313 omnia
579 2283 613 2314 &
628 2283 802 2314 omnimoda
816 2282 916 2314 Castra
925 2305 935 2321 ,
954 2282 1095 2314 Dominia
1108 2306 1118 2322 ,
1137 2284 1258 2316 Fortali-

188 2318 677 2390 ffi'ffuigaltmlsssi’msslarsnfiffms'
694 2323 727 2353 &
742 2322 793 2352 alia
809 2321 1099 2391 Izocaunaecumuntce
1115 2345 1125 2361 ,
1142 2330 1200 2392 taff
1213 2324 1258 2353 in-

210 2397 215 2401 ·
277 2398 282 2403 ⁸
344 2369 360 2389 u
489 2369 506 2388 u
590 2369 767 2404 ormanniae,
785 2370 873 2406 quam
912 2369 1018 2400 egnum
1030 2370 1071 2391 no
1099 2371 1163 2394 rum
1195 2371 1258 2408 ran3

187 2396 1061 2480 {Laeffissoss‘ffigffiss'i‘ssu{iissssdizf'nigeffiff}¹5&irai}
1071 2400 1258 2477 Ξῗιὶξὲἒέῗέἓ

188 2483 261 2512 que,
284 2473 490 2517 Subiciendum
504 2476 538 2507 &
553 2475 742 2507 Subdendum
751 2499 761 2515 ,

224 2511 262 2550 Et
274 2512 440 2549 huiusmodi
454 2513 537 2545 Loca
549 2524 599 2552 per
613 2514 709 2545 Pateas
722 2515 864 2546 dimittere
872 2539 882 2554 ,
900 2525 964 2554 quae
978 2516 1078 2547 melius
1090 2526 1145 2554 pro
1159 2515 1257 2548 Com-

189 2551 282 2596 modo
296 2551 329 2582 &
343 2551 470 2583 Honore
481 2552 600 2591 nostris,
615 2553 694 2592 juitta
708 2553 803 2585 sanam
815 2554 1015 2586 discretionem
1038 2554 1177 2594 vestram,
1196 2557 1258 2587 fore

191 2589 316 2622 videritis
328 2589 526 2630 Dimittenda,

226 2628 362 2673 Necnon
382 2629 418 2660 ad
440 2628 555 2678 Vigilias
574 2630 608 2661 ὅτ.
620 2629 774 2661 Custodias
792 2630 830 2662 de
845 2631 1009 2669 capitaneis
1027 2633 1061 2663 δε
1077 2642 1179 2664 eorum
1195 2633 1260 2664 Sol-

190 2664 290 2706 ἀπήιε,
303 2669 334 2698 in
348 2667 499 2700 Comitiva
514 2668 609 2700 vestra
620 2669 821 2709 existentibus,
840 2671 869 2700 in
886 2671 976 2701 Locis
993 2670 1043 2701 ubi
1059 2672 1160 2702 melius
1174 2681 1259 2711 expe-

190 2705 252 2737 dire
262 2706 403 2746 videritis,
422 2707 614 2747 Ponendum,
636 2707 693 2738 Affi
713 2708 840 2739 nandum
851 2732 860 2746 ,
878 2709 912 2740 &
927 2709 1152 2748 Deputandum,

230 2743 276 2775 Ac
289 2743 482 2814 qurgationes
498 2748 532 2778 ὃς
544 2747 609 2778 alias
624 2747 691 2778 Refi
717 2749 804 2778 entias
817 2756 917 2778 contra
934 2747 1113 2779 Proterviam
1121 2749 1260 2780 Inimico·

193 2791 260 2813 rum
281 2793 321 2813 no
382 2794 445 2815 rum
460 2809 470 2822 ,
495 2786 628 2823 quotiens
641 2787 675 2818 &
691 2785 806 2825 quando
820 2787 969 2825 expediens
986 2787 1069 2818 fuerit
1083 2787 1117 2819 &
1129 2789 1261 2827 necesse,

193 2820 368 2853 Faciendum
382 2824 417 2855 &
433 2822 632 2855 Ordinandum
641 2847 652 2864 ,

235 2859 281 2891 Ac
296 2860 361 2891 illos
375 2871 478 2891 ornnes
490 2861 524 2892 &
535 2862 656 2902 fingulos
669 2862 706 2893 de
720 2863 873 2895 Comitiva
890 2863 984 2895 vestra
1005 2863 1142 2902 praedid’ta
1157 2866 1262 2904 (cujus-

196 2908 322 2938 cumque
337 2897 440 2938 status,
456 2898 578 2940 gradfis,
597 2900 642 2931 seu
657 2901 830 2932 conditionis
849 2903 965 2940 fuerint)
983 2913 1056 2941 quos
1070 2904 1153 2934 vobis
1165 2905 1193 2934 in
1208 2905 1261 2936 hac

196 2945 284 3006 ετξ,
297 2937 495 2970 inobedientes
506 2962 516 2978 ‚
543 2939 678 2970 Rebelles
689 2962 699 2978 ,
716 2940 762 2971 vel
777 2939 946 2972 Contrarios
959 2943 1110 2979 contigerit
1126 2944 1263 2982 inveniri,

271 2977 404 3015 igandum
418 2979 452 3009 ὅτ
465 2977 648 3009 Puniendum
657 3002 666 3015 ,
682 2979 739 3009 sive
751 2979 835 3009 fuerit
849 2989 900 3017 per
914 2978 1170 3012 Incarcerationem
1185 2980 1264 3012 Cor-

198 3021 304 3057 porum
324 3014 440 3046 suorum
455 3039 466 3054 ,
489 3025 537 3047 aut
548 3017 604 3047 alio
619 3016 709 3048 modo
721 3017 799 3048 licito
815 3027 1017 3057 quocumque,
1035 3020 1192 3057 quemlibet
1208 3021 1264 3058 (vi-

197 3050 311 3089 delicet)
327 3061 405 3090 Juxta
418 3055 549 3095 Statum,
567 3055 719 3094 Gradum,
737 3057 770 3087 &
786 3056 967 3088 Demetitum
980 3056 1041 3093 sua,

240 3089 291 3134 Ac·
300 3092 385 3122 etiam
393 3092 432 3136 ad
446 3103 547 3125 omnes
562 3095 596 3125 &
611 3095 729 3133 lingulas
742 3095 893 3133 Personas,
909 3105 974 3134 quoe
987 3095 1014 3125 se
1025 3095 1133 3126 Gratiae
1148 3097 1182 3128 &
1195 3096 1264 3128 Paci

201 3127 306 3160 nostris
327 3129 490 3178 subn‘nttere
512 3133 546 3163 δε
566 3132 618 3164 fiib
633 3133 704 3163 Fide
717 3135 750 3165 &
766 3133 912 3173 Ligeantia
926 3133 1032 3164 nostris
1047 3136 1151 3165 morari
1163 3136 1266 3167 volunt

201 3168 243 3212 &⁴
258 3166 393 3236 refigere,
410 3168 446 3199 ad
469 3168 601 3201 Gratiam
623 3172 657 3202 δε
682 3172 788 3203 Pacem
806 3171 915 3203 nostras
931 3172 1142 3212 Recipiendum
1156 3175 1190 3205 &
1207 3174 1268 3205 Ad-

202 3215 304 3237 mitten
326 3217 395 3244 um,

228 3243 361 3290 'Proviso
382 3245 492 3283 semper
514 3247 595 3285 quod
614 3247 684 3278 Nos
709 3249 746 3279 de
766 3258 831 3281 toto
854 3249 944 3281 Facto
968 3249 1065 3282 vestro
1079 3251 1109 3281 in
1121 3250 1176 3282 hac
1189 3260 1268 3290 parte

204 3283 340 3314 dutinete
352 3284 385 3314 &
398 3285 494 3321 aperte
508 3285 681 3317 certificetis:

242 3320 356 3352 Damus
376 3331 470 3353 autem
493 3324 623 3355 universis
643 3326 676 3355 &c
698 3324 808 3364 finguiis
827 3325 988 3365 Capitaneis
1001 3351 1012 3368 ,
1033 3327 1215 3368 Castellanis,
1234 3329 1268 3360 &

208 3370 309 3392 eorum
324 3360 583 3400 Locatenentibus,
602 3373 635 3393 ac
649 3363 705 3393 aliis
721 3364 833 3403 Ligeis,
848 3365 1001 3403 Fidelibus,
1021 3367 1055 3398 &
1075 3367 1201 3398 Subditis
1214 3378 1271 3398 no-

209 3399 288 3438 stris,
305 3399 340 3431 &
361 3401 496 3430 omnibus
515 3400 574 3431 aliis
588 3426 598 3440 ,
626 3412 749 3439 quorum
773 3403 885 3434 interest
901 3426 911 3442 ,
933 3403 1055 3435 Tenore
1068 3406 1270 3445 Praesentium,

208 3437 326 3470 firmiter
348 3439 377 3468 in
400 3438 544 3469 Mandatis
557 3462 567 3477 ,
591 3440 672 3478 quod
687 3441 786 3479 vobis,
801 3442 830 3470 in
843 3441 1021 3474 Executione
1037 3443 1271 3484 Praemiisorum,

209 3473 394 3508 Intendemes
415 3477 487 3517 sint,
507 3477 711 3517 Consulentes,
728 3480 762 3510 &
786 3479 970 3518 Auxiliantes,
989 3492 1023 3513 ac
1038 3482 1135 3514 vestris
1150 3483 1272 3515 Manda-

211 3516 246 3546 tis
258 3515 453 3555 obedientes,
471 3518 602 3554 quotiens
617 3518 652 3549 &
675 3517 789 3556 quando
803 3527 852 3556 per
866 3529 932 3558 vos,
951 3528 986 3550 ex
1001 3530 1078 3560 parte
1092 3522 1203 3560 nostra,
1221 3522 1273 3552 de-

211 3555 272 3585 bite
287 3554 393 3586 fuerint
405 3556 537 3594 requisiti,

59 3596 144 3627 ⁸1x.
249 3595 265 3610 ¹¹¹
283 3593 317 3623 ln
333 3595 427 3632 cuiuS,
445 3596 507 3627 ὅτε.
522 3595 655 3633 quamdiu
669 3596 751 3625 nobis
766 3595 900 3633 placuerit
914 3596 1064 3628 duraturas.

61 3644 133 3673 5¹¹·
249 3632 338 3663 Teste
361 3632 445 3670 Rege
464 3634 538 3672 apud
561 3633 719 3664 Abbatiam
741 3637 817 3671 Regis·
838 3636 933 3664 Sanffl
946 3640 992 3665 Ste
1008 3635 1074 3666 ham'
1087 3637 1119 3666 de
1134 3640 1224 3676 caen,
1243 3639 1274 3668 in

215 3669 334 3702 Ducam
347 3669 439 3710 Regis
450 3672 640 3712 Normaniae,
656 3673 772 3704 decimo
786 3682 887 3711 quarto
900 3674 945 3705 die
994 3676 1147 3706 ovcmbris.

894 3751 948 3780 Per
959 3750 1043 3791 ipfiaem
1058 3754 1163 3790 Regem.

62 3839 202 3950 3171)
462 3883 511 3914 De
527 3883 654 3929 Treugis
671 3893 738 3913 cum
764 3883 850 3913 Duce
866 3881 1037 3915 Brittannia.

66 3962 103 3988 H.
117 3931 164 3994 55
292 3961 370 4006 EX·
382 3963 546 4006 Omnibus,
561 3966 598 3997 ad
611 3976 701 4005 quos,
718 3966 779 3997 &c.
797 3964 933 3996 Salutem.

69 4001 161 4027 Norm.
176 4008 204 4035 5.
243 4015 246 4017 ·
324 4000 423 4031 Sciatis
437 4004 533 4041 quod,

66 4037 147 4107 {gf-
167 4047 206 4069 m.
257 4036 339 4070 Cum
354 4049 458 4080 nuper,
479 4041 588 4074 illustris
602 4042 755 4083 Princeps,
773 4041 926 4075 carissimus
940 4042 1033 4075 Frater
1053 4044 1087 4076 &
1101 4042 1280 4083 Conssangui-

2289 160 2340 202 23

1283 235 1352 270 neus
1373 226 1470 258 noster
1483 250 1493 265 ,
1516 226 1661 265 Johannes
1685 231 1754 258 Dux
1776 229 1932 260 Britanniae
1946 252 1956 269 ,
1980 228 2015 261 δε
2033 228 2145 261 Comes
2167 228 2341 263 Montisfor-
2365 228 2491 266 Ann.D,

1284 273 1335 302 t1S,
1353 267 1435 296 certis
1456 265 1492 296 cie
1513 266 1611 296 Causis
1624 289 1634 304 ,
1659 267 1747 303 ipsum
1761 269 1790 298 in
1804 278 1834 299 ea
1856 278 1933 307 parte
1948 269 2144 307 moventibus,
2162 269 2195 299 ad
2208 279 2262 300 nos
2277 281 2340 308 pcr-
2389 277 2476 308 1417.

1284 302 1412 347 sonaliter
1432 304 1567 334 accedens
1581 328 1599 347 ⁹„
1617 306 1690 335 inter
1706 315 1824 345 caetera,
1850 307 1949 338 Nobis
1968 307 2073 338 suaserit
2095 307 2194 345 quod,
2213 310 2245 339 ad
2255 309 2341 339 Chri·
2362 313 2425 337 Hen.
2445 318 2473 345 5·

1285 340 1364 372 stiani
1382 342 1530 379 Sanguinis
1551 343 1719 374 effusionem
1735 367 1744 382 ,
1767 346 1801 375 &
1820 346 1870 376 alia
1889 345 1967 376 Mala
1983 348 2059 383 (quae
2074 347 2278 383 compendiosa
2293 359 2342 379 ne-

1284 388 1393 424 queunt
1403 381 1575 411 Narratione
1593 382 1808 419 comprehendi)
1825 384 1934 414 vitanda
1947 408 1957 421 ,
1985 395 2017 415 ac
2032 384 2077 421 spe
2093 385 2254 422 multiplicis
2269 385 2341 417 Boni

1285 418 1369 456 inde,
1386 428 1418 450 ut
1436 419 1547 450 asseruit
1563 442 1572 456 ,
1590 421 1725 457 i‘ecuturi,
1744 431 1812 451 cum
1823 422 1882 458 ipso
1898 422 2120 459 Consanguineo
2135 424 2234 453 nostro
2247 425 2342 454 Treu-

1285 465 1333 493 gas
1346 458 1389 487 seu
1405 457 1580 488 Guerrarum
1595 457 1783 489 Abstinentias
1795 460 1932 491 iniremus
1946 461 1981 491 ad
1995 470 2121 499 tempus,
2139 461 2173 493 de
2189 472 2248 500 quo
2261 463 2340 494 vide-

1282 504 1358 526 retur
1371 498 1501 534 expedire
1515 496 1720 526 moderandum
1730 519 1740 535 ,

1323 533 1410 571 Nos,

1322 570 1457 602 Precibus
1470 572 1503 603 &
1520 571 1672 610 Instantiis,
1690 571 1937 604 Excellentiffimae
1951 574 1984 604 &
1999 573 2221 607 Praeclariffimae
2234 576 2343 607 Domie

1285 619 1351 647 ηπ,
1368 612 1492 648 Reginae,
1512 614 1618 640 Matris
1637 609 1734 650 nostra»
1747 635 1757 650 ,
1781 622 1814 642 ac
1830 612 1910 642 Pacis
1925 614 1957 643 δε
1970 613 2192 650 Tranquillitatis
2205 616 2342 647 deiiderio

1288 649 1403 686 (quibus
1426 651 1454 678 in
1475 649 1608 679 humanae
1622 649 1854 688 Peregrinationis
1868 648 1971 681 Itinere
1989 651 2029 680 nil
2042 653 2191 683 obtabilius
2204 663 2250 684 aut
2265 655 2343 686 secu*

1286 688 1342 716 rius
1357 688 1531 724 reputamus)
1545 688 1612 718 totis
1625 689 1731 718 viribus
1746 689 1887 726 inclinati,

1322 725 1470 764 Treugas,
1493 727 1538 756 seu
1556 725 1731 756 Guerrarum
1754 726 1944 757 Abstinentias
1959 749 1968 764 ,
1994 737 2048 763 pro
2071 727 2168 758 Nobis
2183 752 2193 767 ,
2220 730 2344 769 Regnis,

1287 761 1401 800 Terris,
1420 763 1538 801 Patriis,
1559 764 1717 802 Dominiis,
1739 765 1832 803 Ligeis
1845 788 1855 803 ,
1880 766 1913 795 δε
1929 765 2054 795 Subditis
2068 766 2186 803 nostris,
2207 778 2275 798 cum
2293 779 2345 799 eo-

1286 799 1352 831 dem
1373 801 1515 832 cariffimo
1537 799 1760 838 Consanguineo
1779 803 1879 833 nostro
1893 826 1902 840 ,
1926 805 2003 832 Duce
2017 805 2174 833 Britanniae
2188 807 2345 845 praediCm,

1285 848 1340 876 pro
1361 839 1397 870 Se
1413 861 1423 877 ,
1442 839 1558 870 Ducatu
1579 840 1628 870 suo
1651 841 1778 870 Britaniae
1792 864 1800 879 ,
1821 841 1940 879 Terris,
1965 841 2064 872 Patriis
2078 865 2087 879 ,
2116 841 2277 881 Dominiis,
2297 845 2345 875 Li-

1286 879 1346 916 geis
1361 902 1371 915 ,
1393 888 1426 908 ac
1442 877 1567 908 Subditis
1587 879 1639 909 suis
1659 880 1834 917 infrascriptis
1849 902 1859 918 ,
1879 880 2025 917 Fecimus,
2045 880 2198 918 InivimuS,
2211 881 2345 912 Concor-

1287 916 1435 955 davimus,
1454 917 1487 947 ὃς
1505 915 1745 957 Composuimus,
1760 928 1793 948 ac
1812 918 1958 955 Facimus,
1974 917 2100 956 Inimus,
2119 917 2347 959 Componimus,

1287 955 1322 986 &
1338 953 1578 994 concordamus,
1594 956 1753 994 duraturas,
1772 956 1788 986 a
1801 956 1846 987 die
1859 956 1943 987 Datae
1959 956 2142 988 Praesentium
2156 980 2167 995 ,
2184 957 2255 988 sexta
2270 959 2347 989 deci-

1289 992 1340 1024 ma
1354 993 1480 1024 instantis
1493 994 1600 1024 Meniis
1610 994 1810 1034 Novembris,
1827 994 1912 1033 usque
1924 994 1958 1024 ad
1975 994 2090 1025 Festum
2104 995 2202 1026 Saneti
2219 996 2349 1027 Michae-

1287 1031 1500 1102 {igrArchangeli
1515 1034 1650 1071 proximo
1665 1034 1810 1073 futurum,
1828 1034 1879 1064 sub
1893 1032 1985 1065 modo
1998 1034 2032 1064 δε
2045 1034 2141 1065 forma
2164 1035 2213 1073 qui
2229 1035 2350 1074 sequunff

1339 1093 1351 1110 2

1326 1146 1370 1178 IN
1379 1155 1398 1178 Ρ
1407 1156 1431 1178 R
1440 1152 1452 1178 t
1462 1155 1509 1178 Ml
1519 1157 1531 1178 s
1547 1172 1557 1186 ,
1581 1146 1783 1180 Convenimus
1805 1149 1838 1180 &
1859 1147 2130 1188 Concordavimus,
2148 1150 2349 1183 Convenimus

1290 1185 1324 1217 &
1344 1185 1567 1218 Concordamus
1580 1209 1590 1224 ,
1615 1197 1684 1218 cum
1706 1189 1825 1225 praefato
1839 1187 2060 1226 Consanguineo
2072 1188 2174 1219 nostro
2190 1192 2265 1219 Duce
2274 1199 2349 1229 prae-

1289 1224 1360 1253 disto
1381 1224 1462 1262 quod
1476 1247 1486 1263 ,
1508 1224 1625 1255 durante
1643 1227 1762 1262 praefato
1777 1236 1907 1264 tempore
1919 1252 1928 1265 ,
1956 1237 2017 1257 non
2029 1227 2180 1266 faciemus,
2198 1238 2253 1258 nec
2268 1239 2283 1259 a
2298 1229 2350 1260 Li-

1290 1262 1365 1301 geis,
1381 1270 1428 1293 aut
1450 1262 1574 1293 Subditis
1595 1263 1698 1294 nostris
1716 1266 1910 1303 permittemus
1929 1266 2025 1296 inferri
2039 1273 2086 1296 aut
2099 1265 2177 1304 fieri,
2195 1267 2225 1297 in
2239 1267 2351 1307 Terra,

1289 1309 1339 1331 aut
1350 1300 1429 1344 super
1444 1300 1528 1332 Mare
1539 1301 1585 1332 vel
1601 1301 1713 1339 Aquas,
1727 1302 1846 1342 praefato
1861 1306 1950 1342 Duri,
1967 1312 2015 1335 aut
2029 1305 2087 1342 ejus
2104 1303 2222 1343 Terris,
2241 1304 2351 1343 Patriis,

1291 1336 1440 1370 Dominiis
1453 1363 1464 1379 ,
1490 1339 1585 1379 Ligeis
1600 1362 1611 1378 ,
1633 1348 1680 1370 aut
1694 1339 1835 1378 Subditis,
1852 1341 1887 1370 de
1902 1340 2017 1372 Ducatu
2032 1344 2082 1373 suo
2096 1342 2246 1374 Britanniae
2259 1343 2286 1374 su
2310 1354 2354 1375 ra-

1290 1377 1390 1416 dieto,
1408 1378 1580 1417 Dampnum
1602 1378 1719 1417 aliquod
1735 1401 1744 1418 ,
1768 1378 1987 1419 Praejudicium,
2004 1380 2187 1420 Molestiam,
2204 1382 2262 1414 five
2311 1392 2357 1419 rae

1294 1426 1406 1448 vamen.

1325 1452 1372 1485 Ιτ
1382 1464 1400 1486 Ε
1411 1463 1436 1486 Μ
1445 1477 1455 1494 ,
1474 1457 1620 1495 quamcito
1633 1454 1692 1486 fieri
1705 1456 1828 1494 poterit,
1843 1457 1873 1486 in
1887 1455 2012 1495 Regnis,
2031 1456 2146 1495 Terris,
2164 1457 2278 1497 Parrus,
2287 1457 2354 1490 Do-

1291 1494 1401 1532 miniis,
1419 1496 1452 1525 &
1470 1494 1574 1533 Locis,
1592 1495 1678 1525 nobis
1693 1495 1841 1533 subjeffis,
1861 1495 1975 1532 publice
1989 1496 2221 1534 prohibebimus,
2239 1498 2272 1528 ὃς
2287 1507 2355 1537 pro·

1291 1532 1383 1563 hiberi
1394 1533 1548 1570 faciemus,
1565 1534 1701 1564 omnibus
1715 1535 1749 1564 &
1763 1533 1874 1573 singulis
1884 1533 1979 1572 Ligeis
1994 1535 2027 1564 ὅ(
2036 1534 2160 1564 Subditis
2173 1535 2276 1566 nostris
2290 1537 2354 1574 (cu-

1289 1571 1457 1610 juscumque
1478 1571 1582 1610 gradus
1595 1594 1605 1610 ,
1632 1569 1717 1602 statfis
1731 1595 1741 1611 ,
1759 1580 1806 1602 aut
1820 1572 1996 1602 conditionis
2011 1573 2162 1609 extiterint)
2177 1582 2213 1602 ne
2228 1574 2289 1611 quis
2305 1584 2355 1604 eo·

1292 1619 1358 1640 rum
1378 1619 1476 1640 contra
1493 1610 1645 1650 praefatum
1657 1613 1774 1648 Ducem,
1793 1610 1839 1642 vel
1853 1611 1910 1649 ejus
1925 1610 2060 1649 Gentes,
2080 1610 2202 1650 Ligeos,
2220 1620 2266 1642 aut
2282 1612 2357 1642 Sub-

1292 1648 1367 1678 ditos
1388 1649 1547 1679 antedictos
1564 1672 1573 1687 ,
1590 1657 1684 1687 portet
1698 1649 1802 1687 Arma,
1817 1657 1865 1679 aut
1880 1649 1913 1679 ad
1926 1649 1985 1680 hoc
1999 1649 2119 1688 alicujus
2133 1649 2255 1680 Servitio
2269 1649 2295 1680 se
2308 1650 2358 1681 de-.

1291 1696 1372 1726 putet
1383 1687 1429 1718 seu
1444 1689 1622 1726 committat,
1640 1688 1685 1718 vel
1698 1687 1732 1718 ad
1751 1687 1782 1717 id
1802 1688 1831 1718 in
1851 1686 1998 1719 Auxilium
2017 1687 2133 1726 alicujus
2159 1687 2286 1726 personae
2309 1699 2358 1720 va-

1292 1725 1357 1764 dat,
1374 1726 1492 1758 durante
1503 1734 1637 1764 tempore
1650 1726 1818 1763 supradieto.

1330 1764 1460 1803 ITEM,
1479 1764 1561 1802 quod
1591 1763 1706 1803 raefatus
1718 1768 1804 1802 Dux,
1822 1763 1892 1794 infra
1905 1764 2015 1803 Viginti
2029 1764 2062 1796 δε
2077 1764 2149 1795 duos
2164 1764 2239 1803 dies,
2258 1766 2354 1803 proxi-

1293 1804 1348 1833 mo
1367 1812 1382 1833 a
1403 1803 1450 1834 die
1469 1802 1557 1834 Datae
1602 1803 1758 1834 raesentium
1773 1827 1782 1841 ‚
1808 1805 1893 1840 praeci
1916 1803 1999 1834 let&
2014 1803 2158 1833 mandabit
2175 1805 2310 1834 omnibus
2323 1806 2358 1837 &

1293 1841 1406 1881 singulis
1426 1841 1521 1880 Ligeis
1542 1842 1576 1874 δε
1596 1842 1720 1873 Subditis
1741 1842 1793 1873 suis
1807 1865 1817 1877 ,
1842 1842 1878 1871 de
1931 1849 2014 1872 ucatu
2036 1841 2187 1872 Britanniae
2200 1843 2357 1881 praedicto,

1293 1889 1372 1910 extra
1385 1879 1535 1912 Ducatum
1549 1881 1641 1918 ipsum
1657 1880 1692 1911 de
1708 1881 1834 1918 praesenti
1846 1880 2022 1918 constitutis,
2041 1881 2172 1918 quatinus
2186 1905 2195 1918 ,
2218 1881 2288 1912 infra
2308 1881 2360 1912 Vi-

1294 1919 1432 1949 celimum
1451 1919 1531 1950 diem
1554 1919 1727 1950 Decembris
1749 1920 1886 1956 proximo
1900 1920 2046 1956 futurum,
2064 1920 2093 1949 in
2106 1919 2279 1956 praeditstum
2294 1919 2361 1951 Du-

1294 1965 1392 1988 catum
1405 1957 1433 1988 ie
1444 1957 1594 1989 conferant
1608 1958 1642 1990 δε
1655 1966 1847 1996 revertantur,
1865 1967 1898 1988 ac
1914 1957 1994 1996 quod
2008 1957 2055 1987 has
2069 1957 2217 1997 praesentes
2232 1958 2360 1989 Guerra-

1294 2005 1360 2026 rum
1382 1995 1573 2028 Abstinentias
1585 2019 1596 2035 ,
1620 1997 1651 2026 in
1672 1995 1800 2026 Personis
1821 2006 1922 2026 eorum
1932 2018 1943 2035 ,
1962 1997 1992 2026 in
2010 1995 2164 2035 omnibus,
2179 1997 2213 2028 ὃς
2229 2006 2280 2035 per
2295 2006 2363 2028 om·

1294 2035 1359 2072 nia,
1377 2035 1574 2066 inviolabiliter
1585 2034 1747 2066 custodiant
1761 2035 1796 2066 &
1810 2035 1969 2066 observent-

1334 2072 1460 2113 ΙΤΕΜ,
1477 2073 1558 2112 quod
1576 2076 1790 2112 praenominatus
1808 2076 1878 2103 Dux
1901 2083 1961 2103 non
1981 2073 2101 2112 inferet,
2125 2080 2172 2105 aut
2186 2072 2289 2113 faciet,
2307 2082 2364 2105 nec

1296 2111 1335 2144 ab
1360 2111 1455 2151 aliquo
1483 2112 1601 2143 suorum
1630 2112 1788 2152 Ligeorum
1814 2120 1862 2142 aut
1883 2111 2074 2143 Subditorum
2097 2112 2293 2151 (habitantium
2314 2113 2362 2145 seu

1296 2152 1545 2183 commorantium
1561 2152 1591 2182 in
1605 2151 1685 2182 dicito
1693 2150 1880 2188 Ducatu,vel
1894 2150 1965 2181 infra
1978 2151 2088 2181 dietum
2102 2151 2269 2181 vicesimum
2284 2151 2364 2182 diem
2401 2164 2405 2168 ·

1298 2189 1408 2221 Menfis
1423 2189 1598 2221 Decembris
1619 2191 1649 2222 in
1662 2190 1786 2221 eundem
1802 2189 1952 2226 Ducatum
1969 2189 2190 2226 reversurorum)
2207 2190 2302 2221 inferri
2315 2198 2363 2222 aut

1298 2227 1358 2258 fieri
1379 2230 1524 2267 permittet
1537 2251 1547 2268 ,
1572 2230 1601 2259 in
1623 2228 1718 2260 Terra
1733 2252 1743 2268 ,
1767 2236 1814 2260 aut
1834 2228 1913 2268 super
1936 2227 2037 2266 Mare,
2056 2228 2101 2259 vel
2117 2228 2231 2267 Aquas,
2249 2228 2365 2268 Nobis,

1297 2275 1344 2298 aut
1357 2267 1460 2298 nostris
1474 2267 1601 2307 Regnis,
1616 2267 1735 2306 Terris,
1753 2266 1851 2298 Patriis
1866 2289 1876 2304 ‚
1893 2266 2041 2297 Dominiis
2052 2291 2062 2304 ,
2072 2267 2182 2307 Ligeis,
2200 2275 2246 2297 aut
2260 2267 2365 2300 Subdi-

1298 2307 1332 2336 tis
1353 2306 1536 2345 supradiffls,
1562 2305 1734 2344 Dampnum
1757 2306 1874 2344 aliquod
1889 2328 1900 2343 ,
1923 2305 2125 2343 Praejudicium
2140 2329 2150 2344 ,
2175 2305 2362 2345 Molestiam,

1298 2343 1459 2384 Guerram,
1476 2345 1522 2376 seu
1536 2344 1718 2383 Gravamen,
1734 2344 1852 2375 durante
1867 2352 1997 2381 tempore
2011 2344 2178 2382 supradicto.

1336 2381 1410 2414 ΙΤΕ
1421 2391 1466 2422 Μ,
1484 2383 1565 2422 quod
1603 2382 1719 2423 raefatus
1736 2386 1806 2413 Dux
1828 2382 1963 2420 impediet
1975 2405 1984 2420 ,
2002 2392 2056 2420 pro
2071 2383 2151 2422 posse
2166 2383 2233 2421 suo,
2250 2393 2287 2413 ne
2301 2383 2364 2420 quis

1300 2420 1457 2461 Ligeorum
1472 2446 1482 2460 ,
1508 2431 1555 2452 aut
1597 2422 1763 2454 ubditorum
1786 2421 1910 2452 Suorum
1926 2444 1936 2458 ,
1961 2422 1998 2450 de
2011 2421 2128 2452 Ducatu
2141 2422 2190 2451 suo
2203 2422 2365 2459 praedisto,

1299 2469 1376 2492 entra
1389 2460 1515 2492 eundem
1532 2460 1680 2491 Ducatum
1695 2460 1813 2491 existens
1827 2484 1836 2497 ,
1863 2460 1962 2491 inferat
1982 2467 2029 2490 aut
2051 2460 2132 2490 faciat
2146 2461 2173 2489 in
2189 2459 2301 2500 Terra,
2316 2461 2364 2491 vel

1300 2499 1380 2537 supra
1402 2499 1503 2538 Mare,
1521 2499 1566 2530 vel
1581 2499 1696 2538 Aquas,
1715 2499 1833 2536 Nobis,
1853 2497 1977 2537 Regnis,
1993 2498 2107 2536 Patriis,
2127 2498 2292 2538 Dominiis,
2310 2499 2363 2529 Li-

1299 2539 1375 2577 geis,
1391 2546 1438 2569 aut
1455 2538 1579 2568 Subditis
1595 2537 1712 2574 nostris,
1731 2538 1900 2574 Dampnum
1915 2536 2046 2575 aliquod,
2066 2536 2366 2575 PraejudiciumMo-

1300 2576 1426 2615 lestiam,
1447 2576 1609 2615 Guerram,
1626 2577 1671 2607 seu
1679 2576 1864 2613 Gravamen,
1881 2585 1914 2606 ac
1928 2585 2028 2606 eorum
2043 2575 2366 2614 quemcumque,Con-

1299 2615 1493 2646 trafacientem
1517 2616 1547 2646 in
1568 2615 1622 2646 hac
1649 2623 1725 2653 parte
1740 2637 1750 2653 ,
1778 2615 1875 2653 puniet
1887 2614 1964 2644 idem
1976 2615 2064 2652 Dux,
2081 2623 2217 2652 tanquam
2234 2614 2367 2645 Violato-

1301 2663 1364 2684 rem
1380 2653 1563 2685 Praesentium
1578 2653 1831 2684 Abstinentiarum.

1341 2695 1356 2710 ¹*
1377 2692 1423 2722 Ιτ
1435 2701 1487 2722 ΕΜ
1501 2717 1511 2730 ,
1538 2693 1618 2731 quod
1633 2715 1643 2730 ,
1668 2693 1814 2730 quamcito
1832 2691 1861 2722 id
1877 2692 1981 2730 poterit
1995 2691 2133 2729 expediri,
2153 2691 2281 2729 praefatus
2296 2695 2365 2721 Dux

1302 2732 1332 2761 in
1354 2730 1471 2762 Ducatu
1489 2731 1539 2761 suo
1553 2755 1562 2770 ‚
1588 2731 1685 2761 Terris
1700 2754 1709 2769 ,
1725 2730 1890 2769 Dominiis,
1904 2730 2018 2769 Patriis,
2036 2731 2069 2761 ὃς
2088 2730 2192 2767 Locis,
2211 2732 2262 2761 libi
2278 2731 2366 2769 subje-

1304 2770 1376 2807 etis,
1394 2768 1573 2808 supradiffls,
1590 2770 1705 2808 publice
1721 2770 1883 2807 prohibebit
1898 2792 1906 2807 ,
1932 2770 1966 2801 &
1983 2770 2064 2799 faciet
2077 2770 2220 2808 prohiberi
2234 2771 2367 2800 omnibus

1304 2809 1338 2840 ὃ(
1361 2808 1472 2847 singulis
1490 2808 1583 2848 Ligeis
1607 2809 1640 2840 &
1653 2809 1777 2839 Subditis
1791 2808 1858 2845 suis,
1877 2809 2001 2846 superius
2016 2809 2177 2838 memoratis
2192 2808 2368 2846 (cujuscum-

1306 2857 1361 2886 que
1375 2846 1479 2886 status,
1498 2845 1618 2885 gradus,
1637 2855 1685 2878 aut
1697 2847 1870 2878 conditionis
1886 2847 2039 2883 eXtiterint)
2055 2847 2092 2876 ne
2110 2848 2170 2883 quis
2186 2857 2287 2877 eorum
2295 2856 2369 2877 con-

1304 2896 1346 2917 tra
1366 2885 1434 2916 Nos
1480 2895 1527 2917 aut
1550 2886 1655 2925 Ligeos
1669 2910 1679 2923 ,
1705 2886 1750 2916 seu
1773 2885 1906 2916 Subditos
1924 2884 2036 2915 nostros
2050 2886 2131 2916 faciat
2145 2885 2303 2923 Guerram,
2321 2893 2369 2916 aut

1304 2909 1516 2993 Repstenffissse
1530 2934 1675 2964 opponat,
1690 2924 1735 2955 seu
1748 2932 1841 2962 portet
1855 2932 1901 2953 aut
1915 2923 1989 2954 levet
2005 2924 2111 2962 Arma,
2126 2924 2243 2954 durante
2255 2934 2368 2962 tempo-

1305 2974 1334 2994 re
1360 2974 1377 2993 u
1399 2973 1429 2993 ra
1451 2973 1459 2992 1
1490 2973 1518 2993 ο.

1342 2974 1414 3031 ITPE
1424 3009 1450 3031 M
1460 3026 1469 3040 ,
1487 3000 1583 3039 quod,
1605 3000 1721 3032 durante
1735 3001 1883 3038 Tempore
1896 3000 2054 3038 supradicio
2064 3011 2140 3038 ,non
2157 3001 2367 3039 receptabimus

1306 3039 1452 3079 (videlicet
1467 3063 1477 3079 ,
1495 3038 1614 3080 Nofipfi,
1633 3040 1678 3070 seu
1698 3043 1768 3069 Dux
1791 3039 1957 3075 antedielus)
1981 3040 2009 3068 in
2029 3039 2149 3077 Terris,
2168 3039 2282 3077 Patriis,
2300 3039 2369 3068 Do·-

1308 3080 1418 3116 miniis,
1435 3088 1482 3109 aut
1501 3079 1561 3109 aliis
1581 3078 1806 3116 quibuscumque
1827 3077 1915 3108 Locis
1927 3077 2091 3116 antedic‘tiS,
2107 3079 2189 3108 alicui
2203 3078 2368 3108 nostrorum

1309 3117 1457 3156 subjectis,
1484 3125 1530 3147 aut
1553 3116 1634 3147 Villis
1647 3139 1656 3156 ,
1683 3115 1806 3155 Castris,
1824 3117 1869 3146 seu
1889 3116 2052 3154 Fortalitiis,
2070 3117 2099 3146 in
2114 3117 2216 3147 eisdem
2230 3116 2371 3146 constitu-

1310 3157 1344 3186 tis
1358 3180 1367 3193 ,
1383 3165 1437 3186 nec
1458 3157 1595 3194 receptari
1617 3156 1662 3186 vel
1681 3156 1794 3186 adunari
1814 3156 2008 3193 permittemus
2031 3156 2138 3193 aliquos
2158 3156 2192 3184 ad
2207 3155 2370 3192 Gueriam,

1310 3194 1501 3233 Dampnum,
1518 3196 1564 3224 seu
1579 3193 1778 3232 Praejudicium
1791 3194 1874 3224 alicui
1885 3191 2035 3231 nostrum,
2054 3204 2100 3224 aut
2117 3195 2172 3231 ejus
2183 3194 2296 3230 Terris,
2316 3193 2370 3223 Pa-

1310 3234 1369 3265 triis
1385 3257 1394 3270 ,
1419 3231 1567 3264 Dominiis
1579 3256 1589 3271 ,
1612 3233 1693 3264 Villis
1706 3257 1716 3271 ,
1740 3232 1846 3263 Castris
1860 3255 1870 3271 ,
1898 3233 2064 3270 Fortalitiis,
2081 3232 2241 3269 Gentibus,
2259 3231 2371 3271 Ligeis,

1310 3272 1356 3304 seu
1371 3271 1495 3302 Subditis
1508 3271 1672 3309 antedietis,
1688 3271 1866 3301 inferendum
1880 3271 1925 3302 seu
1938 3270 2109 3301 faciendum.

1348 3310 1419 3341 Ιτε
1429 3318 1457 3340 Μ
1470 3335 1481 3349 .,
1506 3310 1585 3348 quod
1606 3320 1668 3341 non
1684 3312 1876 3348 permittemus
1894 3310 2010 3347 (scilicet
2029 3308 2150 3349 Nofipfi,
2168 3319 2222 3339 nec
2237 3312 2307 3339 Dux
2322 3320 2373 3337 an-

1312 3349 1437 3387 tedielus)
1454 3359 1504 3387 per
1517 3350 1621 3380 Terras
1631 3372 1640 3388 ,
1661 3349 1763 3379 Patrias
1775 3373 1784 3387 ,
1803 3349 1836 3379 &
1852 3349 1990 3379 Dominia
2006 3348 2103 3378 nostra
2119 3348 2272 3385 supradicia
2286 3358 2373 3378 trans-

1313 3390 1353 3419 ire
1365 3412 1375 3427 ,
1394 3387 1465 3419 ultra
1477 3398 1627 3419 numerum
1643 3387 1775 3418 Centum
1792 3387 1992 3424 Personarum,
2010 3386 2043 3416 ad
2065 3386 2233 3424 Dampnum
2247 3409 2256 3424 ,
2273 3386 2370 3415 Guer-

1313 3437 1373 3458 ram
1381 3426 1456 3495 ,dseu
1479 3427 1642 3459 Gravamen
1665 3427 1711 3456 alii
1732 3425 1863 3456 nostrum
1879 3425 2078 3464 inferendum,
2097 3426 2213 3456 durante
2226 3425 2373 3461 Tempore

1313 3466 1341 3497 su
1364 3476 1392 3496 ra
1412 3466 1481 3496 icto.

1375 3513 1424 3535 ΤΕ
1435 3512 1481 3543 M,
1501 3503 1600 3542 quod,
1619 3502 1638 3533 sl
1653 3504 1799 3542 contingat
1816 3502 1937 3540 Villam,
1954 3502 2106 3539 Castrum,
2125 3511 2171 3532 aut
2187 3500 2378 3543 Fortalitium,

1315 3551 1362 3574 aut
1383 3543 1468 3573 alium
1488 3542 1605 3573 Locum
1625 3551 1839 3579 quemcumque
1860 3541 2046 3580 supradid‘tum
2061 3543 2136 3581 ipsius
2150 3544 2248 3576 Dur-is,
2267 3547 2312 3569 aut
2328 3540 2379 3569 libi

1316 3582 1473 3620 subjeetum
1488 3603 1498 3619 ,
1522 3591 1538 3610 a
1559 3580 1655 3617 Ligeis
1674 3589 1720 3611 aut
1738 3580 1862 3611 Subditis
1885 3580 1987 3611 nostris
2000 3605 2009 3618 ,
2028 3582 2097 3610 infra
2113 3580 2242 3616 Tempus
2257 3577 2378 3615 praest-:n-n

1318 3621 1390 3650 tium
1412 3618 1651 3650 Abstinentiarum
1668 3641 1678 3657 ,
1704 3628 1802 3649 contra
1824 3628 1855 3649 ea
1869 3629 1932 3656 quae
1948 3620 2071 3657 superius
2086 3618 2281 3655 Appunrtuata
2295 3616 2377 3655 sunt,

1318 3659 1381 3697 capi
1395 3679 1406 3696 ,
1431 3658 1477 3687 vel
1499 3658 1535 3687 ab
1557 3658 1595 3686 eis
1617 3657 1720 3695 aliquid
1733 3658 1805 3688 aliud
1821 3667 1922 3688 contra
1936 3658 1982 3688 has
1997 3657 2172 3697 Guerrarurn
2187 3654 2381 3686 Abstinentiae

1317 3698 1492 3734 attemptari,
1511 3695 1579 3726 Nos
1595 3695 1718 3734 Villam,
1738 3695 1874 3726 Castrum
1890 3721 1899 3734 ,
1919 3696 2116 3732 Fortalitium,
2131 3698 2174 3723 {cu
2194 3693 2308 3723 Locum
2326 3693 2382 3724 hu-

1314 3734 1459 3774 jusdmodi
1480 3744 1693 3772 quemcumque
1709 3758 1718 3773 ,
1743 3735 1781 3764 {ic
1804 3733 1930 3773 Captum
1950 3736 1979 3764 in
2004 3733 2074 3763 statu
2096 3733 2168 3762 adeo
2184 3733 2382 3775 competenti,

1319 3774 1389 3804 sicut
1413 3782 1469 3803 erat
1489 3782 1622 3811 tempore
1644 3770 1792 3811 Captionis
1810 3773 1931 3811 ejusdem
1946 3796 1967 3814 ,ι
1981 3771 2082 3801 nostris
2097 3770 2257 3813 Laboribus
2273 3771 2305 3801 ὃς
2320 3770 2381 3800 Ex-

1318 3812 1427 3849 pensis,
1445 3812 1561 3850 praefato
1576 3813 1649 3841 Duri
1662 3811 1784 3850 restitui,
1801 3813 1834 3843 &
1850 3811 1927 3849 quod
1951 3814 1987 3840 iic
2003 3810 2216 3846 Attemptatum
2236 3811 2320 3840 ruerit
2334 3819 2380 3839 re-

1319 3852 1407 3889 parari
1422 3851 1556 3880 faciemus
1567 3851 1688 3880 indilate.

1357 3887 1406 3918 Ῑτ
1417 3897 1435 3918 Ε
1446 3895 1491 3927 M,
1509 3888 1607 3928 quod,
1627 3889 1644 3918 si
1660 3889 1808 3925 contingat
1821 3886 1943 3923 Villam,
1961 3885 2112 3923 Castrum,
2127 3885 2320 3924 Fortalitium,
2339 3895 2386 3918 aut

1322 3927 1410 3958 alium
1423 3937 1639 3965 quemcumque
1654 3927 1769 3957 Locum
1808 3925 1906 3955 Nobis
1919 3924 2091 3962 subjec‘tum,
2112 3925 2128 3954 ὲ.
2144 3924 2238 3962 Ligeis
2254 3926 2385 3955 autSub-

1323 3966 1386 3996 ditis
1394 3964 1510 4005 praefati
1524 3968 1607 3996 Ducis
1623 3967 1663 4002 (in
1679 3965 1758 3995 dieto
1776 3949 1890 3993 bucam
1902 3963 1951 3993 suo
1965 3963 2170 4001 habitantibus,
2187 3963 2232 3994 seu
2247 3974 2385 3995 commo-

1324 4006 1464 4042 rantibus,
1483 4005 1529 4035 vel
1543 4005 1616 4034 infra
1630 4004 1803 4041 praeditfitum
1817 4002 1984 4032 vicesimum
1999 4002 2075 4031 diem
2094 4001 2200 4032 Mensis
2215 4002 2386 4033 Decembris

1323 4042 1354 4074 in
1377 4041 1502 4074 eundem
1525 4042 1673 4074 Ducatum
1695 4040 1820 4077 reversis)
1843 4041 1931 4077 capi,
1956 4048 2002 4071 aut
2020 4040 2124 4079 aliquid
2140 4040 2214 4072 aliud
2229 4048 2326 4072 contra
2340 4041 2388 4070 has

2295 4079 2391 4109 Guer-

2384 2708 2398 2724 ‘⁵
2409 2707 2463 2736 lX.‘

2382 2756 2447 2783 512.
