2562 4274
689 126 800 168 ET
884 124 1151 166 ACTA

6 217 82 252 Ann.
96 217 134 248 D.
153 215 252 256 Synodo
275 215 342 246 uniti
365 213 493 249 fuerant,
511 210 601 241 multo
619 220 765 248 propterea
788 211 832 241 sua
854 210 881 240 in
904 209 1027 247 ipsorum
1052 208 1202 238 Mentibus

31 265 114 296 1417.
153 253 305 292 impreffit,
323 262 352 283 ut
367 251 498 281 instanter
514 258 638 286 peterent
652 251 722 278 inter
731 250 958 284 Ambaxiatores,
979 246 1202 277 Metuendiffimi

6 301 68 326 Hera.
85 305 113 332 5.

19 1444 36 1461 ¹⁰
55 1440 107 1471 ix.

16 1491 85 1518 440.

155 292 280 323 Domini
295 290 397 326 nostri,
414 291 491 325 Regis
501 286 613 324 Angliae
626 286 664 321 (ἔγ
683 290 801 316 Franciae
818 288 845 316 in
861 287 928 316 loco
936 285 1066 316 Sessionis
1079 285 1202 322 publicae

155 330 304 366 collocati,
321 327 428 364 adjecto
443 325 551 364 insuper
567 325 643 362 quod
655 347 664 362 ,
682 326 789 355 alternis
804 323 931 362 Diebus,
950 325 1112 361 Principalis
1128 322 1203 365 Ora-

154 378 249 400 torum
273 369 502 402 Arragonenium
521 363 619 393 locum
639 364 778 400 primum,
797 362 873 399 supra
893 363 1104 393 Ambaxiatores
1126 361 1203 391 Invi-

152 406 266 438 ‹Siiffimi
287 407 363 441 Regis
380 414 413 432 no
437 406 478 439 ri,
492 400 650 438 obtineret,
668 401 731 437 sed,
750 402 827 438 quod
855 401 932 437 haec,
950 402 982 431 ὃς
1002 401 1067 437 alia,
1086 410 1144 429 non
1168 407 1202 428 ex

153 443 270 482 Gratia,
288 441 333 471 sed
348 450 480 479 tanquam
504 449 537 469 ex
558 439 654 468 debito
669 439 804 477 justitiae,
824 438 1016 476 postularunt,
1033 447 1131 469 eorum
1149 436 1204 466 Pe-

152 482 260 518 titioni,
278 489 311 510 ex
328 477 495 517 Arroganris
511 477 598 507 nimici
618 477 792 516 praesumpne
804 500 812 515 ,
830 479 931 508 merito
957 478 1043 507 fuerat
1063 475 1205 507 contradi-

158 521 248 551 dium.

191 555 289 595 Qiam
303 554 567 586 Contradifflonem
582 553 658 583 idern
674 552 828 583 Cardinalis
846 553 1034 591 perpendens,
1050 552 1083 582 ad
1107 552 1206 589 aliam,

158 603 221 626 ante
236 605 284 633 per
298 603 366 624 eum
381 593 602 629 subordinatam,
622 591 760 622 Malitiam
771 592 796 621 se
812 594 969 634 convertit,
989 593 1021 622 &
1039 592 1105 621 fecit
1116 590 1205 628 quod,

157 632 369 665 Ambaxiatores
383 630 482 660 Gallici
493 633 570 667 Regis
586 630 657 666 ipsos
674 632 876 668 Arragonenses
892 640 958 661 cum
981 631 1019 659 eis
1045 630 1206 666 permixtim

158 672 252 703 sedere
283 670 458 702 ermiserunt·
482 667 572 699 Factis
585 678 677 698 tamen
701 668 948 699 protestationibus
970 668 1066 704 quod,
1088 677 1136 705 per
1156 668 1209 696 hu-

154 711 248 749 jusmo
269 711 277 739 i
296 708 422 746 ipsorum
445 692 695 746 &ollocationem
713 707 954 737 Ambaxiatoribus
975 707 1015 736 sui
1039 706 1125 745 Regis
1148 714 1208 735 non

157 749 232 780 foret
246 744 431 786 imposterum
445 744 618 784 derogatum.

196 785 330 823 Cumque
346 784 416 813 dieti
431 783 634 823 Arragonenfts
647 784 717 814 inter
737 793 784 813 eos
804 782 936 813 collocati
954 781 1071 819 fuerint,
1090 779 1210 817 quadam

161 821 239 862 Die,
257 824 286 853 in
302 820 428 852 Seffione
451 820 582 859 Publica,
601 833 668 851 unus
688 821 931 858 Arragonenfium,
952 820 1081 849 Nomine
1099 823 1211 856 sperans

162 866 192 893 in
205 865 263 892 Deo
278 861 353 899 (ille,
368 860 488 897 scilicet,
506 861 525 890 fi
538 860 674 897 recolitis,
694 861 741 897 qui
766 862 792 888 in
817 859 914 897 Pisizno
934 857 1047 887 Concilio
1066 857 1211 894 Pulpitum

160 900 340 936 ascendebat,
358 899 392 929 &
405 898 440 929 ad
455 897 620 928 Clamorem
636 898 720 928 totius
735 896 843 939 Coetus
850 896 1028 926 l’raelatorum
1038 905 1113 933 ,non
1130 904 1213 924 com-

160 938 235 977 pleta
249 937 431 968 Peroratione
448 946 532 973 quam
554 936 673 975 incepit,
692 936 768 966 illico
792 935 985 970 delccndebat)
1010 933 1213 971 protestabatur

161 976 285 1015 expresse
297 975 324 1006 se
337 975 413 1006 nolle
427 984 494 1004 cum
515 975 655 1013 Anglicis,
674 983 806 1012 tanquam
828 982 912 1003 unam
933 971 1092 1003 Nationem
1114 980 1215 1009 reprae-

162 1015 348 1052 sentantibus,
364 1012 515 1051 procedere
530 1014 574 1043 vel
587 1013 710 1042 traciare.

201 1053 259 1091 Et,
274 1052 478 1087 incontinenti,
498 1060 564 1080 cum
590 1050 801 1080 Ambaxiatores
822 1047 1047 1079 Metuendiffimi
1068 1050 1143 1085 Regis
1168 1058 1216 1076 no-

162 1090 213 1131 stri
228 1099 327 1122 contra
344 1088 501 1127 hujusmodi
517 1088 698 1119 protestantis
714 1089 898 1118 temeritatem
913 1086 1057 1124 replicfiise
1071 1085 1218 1124 cepiffent,

166 1137 257 1160 tantus
271 1137 327 1159 erat
339 1127 491 1157 Tumultus
502 1149 511 1163 ,
531 1127 673 1165 tantusque
696 1127 825 1164 strepitus
848 1126 1055 1162 Clamantium,
1074 1126 1106 1155 &
1120 1124 1219 1154 Tabu-

164 1167 203 1198 las
219 1166 440 1197 percutientium
458 1165 541 1203 (quos
560 1165 635 1194 idem
650 1165 803 1195 Cardinalis
823 1165 856 1194 ad
875 1165 950 1202 hoc,
969 1173 999 1194 ut
1019 1164 1122 1200 fertur,
1141 1171 1218 1199 para-

164 1205 253 1243 verat)
273 1205 321 1242 qui
335 1213 458 1238 omnem
475 1203 654 1233 Audientiam
670 1204 864 1234 excludebant.

205 1243 243 1273 Et
255 1241 452 1280 subsequenter
467 1241 551 1271 iidem
567 1241 770 1281 Arragonenfi’s
785 1241 819 1271 ad
839 1241 995 1270 Decretum
1011 1239 1160 1268 Citationis
1168 1240 1220 1266 Pe«

168 1285 207 1312 tri
220 1281 252 1310 de
268 1283 352 1310 Luna
368 1280 524 1310 consentire
538 1281 688 1317 nolebant,
705 1280 755 1310 nili
771 1281 844 1317 prius
859 1279 951 1309 forent
975 1279 1044 1307 certi
1069 1287 1128 1314 quo
1153 1277 1221 1306 loco

168 1319 385 1358 responderent,
402 1328 451 1355 per
468 1317 611 1356 Verbum,
625 1319 728 1357 placet,
747 1320 779 1348 ad
794 1328 826 1348 ea
842 1327 905 1355 quae
919 1319 947 1346 in
961 1316 1095 1346 Generali
1118 1314 1222 1344 Seffio-

169 1369 205 1390 ne
222 1357 354 1395 Publica,
370 1358 544 1395 contingeret
557 1358 687 1387 ordinari.

211 1395 336 1434 Verum,
354 1395 482 1432 insuper,
498 1404 565 1425 cum
580 1395 648 1425 dieti
666 1393 887 1433 Arragonenfts,
905 1403 952 1430 per
965 1391 1047 1422 istum
1063 1391 1223 1433 bontmea-

169 1442 239 1465 trem
259 1433 488 1473 Cameracensbm,
506 1434 524 1452 ²*
544 1443 643 1464 contra
664 1433 824 1463 Nationem
851 1433 994 1468 nostram,
1012 1432 1093 1461 novis
1115 1434 1222 1468 iempet

170 1473 285 1512 adjectis
308 1472 421 1502 Livoris
445 1471 561 1502 Facibus
585 1472 771 1508 inflammati,
796 1472 823 1499 in
849 1470 896 1501 sua
921 1468 1073 1499 Pertinacia
1098 1477 1224 1497 remane-

171 1519 252 1549 rent,
269 1519 331 1541 tum
350 1518 465 1548 propter
484 1509 604 1546 ipsorum
624 1510 775 1541 induratam
796 1508 950 1546 Militiam,
968 1516 1030 1537 tum
1047 1515 1160 1545 propter
1175 1515 1225 1536 eo-

173 1559 236 1581 rum
255 1549 402 1586 superbum
423 1549 455 1579 &
474 1548 660 1580 inordinatum
677 1548 799 1578 Gesturn
820 1549 848 1577 in
867 1547 980 1576 Concilio
994 1569 1003 1583 ,
1029 1555 1114 1584 quam
1137 1554 1226 1582 prope

172 1589 224 1619 fuit
242 1587 322 1625 quod
344 1586 471 1624 graviora
491 1585 617 1617 Pericula
635 1587 815 1625 contigissent
867 1585 916 1615 nisi
938 1585 1058 1614 Domini
1078 1583 1228 1613 Ambaxia-

174 1635 248 1657 tores
264 1624 440 1655 Illustriffimi
454 1627 531 1661 Regis
547 1625 628 1663 nostri
646 1625 803 1656 Familiares
823 1608 883 1654 suos
896 1646 907 1662 ‚
926 1624 958 1653 ὃς
978 1622 1045 1653 alios
1070 1622 1108 1652 eis
1133 1622 1229 1651 adhae-

175 1673 282 1700 rentes,
301 1663 461 1702 prudentius
476 1663 674 1694 refraenaffent.
1065 1699 1069 1704 ·
1199 1699 1204 1704 .

211 1702 247 1732 Et
263 1701 355 1732 statim
372 1701 531 1730 Lodowicus
546 1704 634 1731 Comes
646 1701 792 1731 Palatinus
807 1703 875 1730 Reni
892 1700 958 1730 Dux
975 1697 1229 1735 Bavariaelllustris,

173 1741 204 1772 in
220 1740 340 1771 absentia
354 1738 580 1770 Excellentiffimi
595 1743 774 1770 Romanorum
787 1742 881 1777 Regis,
901 1738 935 1769 ad
953 1737 1090 1768 Tutelam
1108 1735 1230 1767 &Con-

175 1780 358 1810 servationem
384 1775 523 1808 Generalis
546 1778 655 1808 Concilii
677 1779 833 1818 Deputatus
855 1778 914 1816 (qui
938 1777 1033 1806 revera
1053 1784 1115 1818 ‘nori
1134 1776 1231 1818 ‘minu-s

177 1817 313 1848 Nationis
331 1816 436 1846 nostrae
458 1825 541 1854 quam
566 1818 670 1854 proprii
692 1817 808 1847 Zelator
830 1815 960 1846 Honoris
981 1813 1083 1850 existit)
1097 1812 1233 1856 adjunctis

178 1856 231 1886 sibi
247 1856 397 1894 majoribus
413 1854 535 1884 Praelatis
550 1854 688 1893 Ytalicae,
708 1855 909 1890 Germanicae,
928 1853 961 1883 &
984 1852 1103 1882 Gallicae
1127 1851 1233 1882 Natio-

179 1903 265 1928 num,
281 1895 337 1923 una
358 1903 426 1922 cum
449 1892 572 1922 Duobus
596 1893 806 1931 Cardinalibus,
826 1903 877 1930 pro
899 1900 976 1930 parte
998 1889 1126 1927 Collegii
1148 1889 1234 1920 trans-

180 1931 282 1969 misfis,
300 1931 334 1961 ad
352 1930 485 1960 Domum
503 1930 635 1961 Nationis
650 1931 752 1962 nostrae
770 1933 864 1969 saepius
878 1930 904 1960 se
919 1929 1102 1965 transferens,
1119 1938 1171 1967 pro
1192 1929 1234 1958 vi-

180 1970 269 2001 tandis
284 1969 418 2000 Periculis
431 1971 463 2000 &
478 1969 598 1999 sedandis
613 1970 766 2008 Scandalis,
782 1980 845 2009 quse
860 1971 887 1999 in
909 1968 1117 1998 Turbationem
1138 1966 1237 2010 Unio-

180 2010 223 2039 nis
236 2008 417 2038 verisimiliter
430 2016 573 2043 emergere
588 2009 776 2046 timebantur,
796 2008 918 2037 multum
939 2006 1056 2036 discrete
1080 2005 1236 2042 laboravit;

181 2046 341 2078 Nationem
360 2044 484 2075 nostram
504 2045 636 2077 allectivis
656 2047 789 2078 Precibus
807 2046 916 2076 solicite
935 2045 1076 2082 requirens
1089 2044 1121 2073 &
1135 2043 1239 2073 exhor-

182 2094 242 2117 tans
260 2094 308 2122 ut,
325 2093 376 2122 pro
396 2083 451 2113 Dei
471 2082 659 2122 Reverentia,
677 2095 709 2116 ac
727 2084 977 2121 Contemplatione
996 2083 1065 2113 tanti
1084 2082 1115 2112 ὃς
1133 2083 1239 2119 impre-

183 2123 281 2155 tiabilis
297 2123 366 2153 boni
386 2120 512 2152 Unionis
528 2147 537 2160 ,
562 2132 615 2159 pro
636 2123 754 2154 Duabus
773 2121 890 2154 Vicibus
907 2122 1038 2153 duntaxat
1053 2144 1062 2159 ,
1079 2121 1240 2159 permittere

184 2162 359 2200 dignaretur,
380 2160 458 2198 quod
475 2161 677 2201 Arragonenfts
697 2161 824 2200 praefati,
841 2161 943 2191 Tertio
964 2160 1064 2197 Loco,

225 2200 288 2231 Ubi
308 2200 410 2230 scilicet
429 2199 602 2241 Germanica
620 2200 712 2231 Natio
725 2225 734 2239 ‚
771 2201 843 2238 prius
864 2200 895 2230 &
915 2198 1076 2230 immediate
1093 2206 1158 2228 ante
1176 2195 1242 2228 Na-

188 2239 297 2269 tionem
310 2237 449 2275 nostram,
466 2238 630 2275 respondere
645 2239 762 2277 solebat,
781 2240 814 2270 δε
832 2247 917 2277 quern
937 2237 1051 2268 Locum
1070 2236 1242 2267 Germanica

187 2276 298 2313 Natio,
313 2286 365 2314 pro
384 2283 461 2306 tanto
478 2276 576 2314 bono,
595 2276 673 2308 cesfit
689 2278 793 2308 eisdem
805 2301 813 2314 .,

227 2314 274 2345 Ad
292 2313 414 2344 Decreta
429 2315 462 2344 &
480 2313 679 2346 Ordinationes
692 2339 701 2354 ,
729 2318 757 2346 in
785 2314 903 2345 Duabus
928 2312 1100 2345 Semonibus
1125 2312 1245 2351 publicis

190 2352 313 2390 edenda,
331 2353 497 2390 respondere
516 2353 655 2391 valerent,
674 2364 722 2391 per
741 2353 886 2391 Verbum,
905 2352 1013 2392 Placet,

227 2391 265 2422 Et
287 2391 401 2422 tandem
428 2388 520 2421 Natio
547 2392 638 2422 nostra
655 2414 665 2430 ,
688 2392 750 2430 post
778 2391 931 2430 Requestas
959 2394 991 2422 &
1021 2389 1246 2428 Supplicationes

189 2430 322 2471 plurimas
339 2438 444 2459 mature
459 2429 634 2461 considerans
653 2433 759 2469 quantis
775 2431 932 2461 Conatibus
957 2430 990 2460 δε
1009 2429 1111 2458 doloris
1140 2428 1247 2458 Insidiis

191 2468 370 2506 quamplures
386 2492 394 2504 ,
414 2467 492 2499 Pacis
511 2467 623 2499 AEmuli
635 2492 643 2506 ‚
665 2469 698 2499 ad
719 2469 879 2507 Rupturam
899 2467 978 2503 hujus
998 2466 1123 2497 Concilii
1141 2465 1249 2497 labora-

191 2515 256 2537 runt
266 2530 275 2543 ‚
283 2505 344 2537 tota
353 2504 454 2536 Mente
461 2515 631 2545 quaerentes,
639 2509 671 2539 &
680 2507 869 2538 Occasionem
879 2506 1062 2536 ministrantes
1069 2504 1183 2543 qualiter
1190 2506 1248 2535 hoc

192 2548 301 2575 Sacrum
308 2543 452 2573 Concilium
460 2544 639 2583 scinderetur,
647 2546 690 2576 vel
699 2547 727 2576 in
736 2546 760 2576 se
768 2546 855 2576 saltim
863 2569 872 2582 ,
879 2546 912 2575 ad
922 2544 1168 2582 perpetuationem
1177 2544 1250 2574 Scis-

194 2584 291 2620 matis,
309 2582 449 2612 intestinas
468 2582 629 2614 Discordias
647 2594 800 2622 pateretur,
816 2585 853 2613 ne
867 2583 981 2620 alicujus
998 2584 1081 2620 igitur
1092 2581 1249 2612 Discordiae

194 2621 239 2653 vel
260 2621 443 2651 Turbationis
469 2621 548 2651 Nota
564 2623 592 2651 in
614 2621 657 2652 Im
679 2623 852 2653 edimentum
877 2620 1004 2651 Unionis
1027 2622 1249 2658 impingeretur,

192 2659 294 2691 eisdem
312 2660 385 2690 votis
397 2660 429 2690 Sc
447 2658 581 2690 Precibus
593 2668 651 2698 prae
665 2665 707 2691 ati
721 2663 804 2691 Ducis
819 2658 1178 2697 illustris,&Praelatorum
1187 2658 1253 2689 Na-

194 2699 306 2730 tionum
322 2697 520 2736 quarumdam,
537 2700 656 2729 nomine
677 2699 920 2737 Supplicantium,
936 2698 1092 2733 annuebat,
1113 2698 1192 2727 fastis
1210 2707 1250 2728 ta-

196 2746 263 2766 men
278 2735 500 2766 Promisionibus
516 2746 565 2774 per
582 2737 721 2768 Nationes
735 2736 895 2776 hujusmodi
911 2736 1003 2774 quod,
1023 2736 1100 2772 lapsis
1115 2737 1253 2773 proximis

196 2774 316 2805 Duabus
329 2774 500 2805 Seffionibus
516 2775 652 2814 publicis,
670 2787 720 2814 per
738 2776 896 2807 Decretum
912 2773 1020 2804 Concilii
1045 2773 1133 2805 taliter
1156 2776 1253 2812 provi—

196 2813 327 2849 debitur,
348 2812 428 2851 quod
443 2812 565 2843 Nationi
581 2814 701 2852 nostrae,
720 2823 754 2844 ex
770 2814 918 2844 Prioritate
935 2811 1138 2850 Responsionis
1162 2813 1253 2850 hujus-

199 2851 298 2889 modi,
313 2852 357 2881 vel
371 2850 506 2888 aliquibus
519 2850 601 2890 gestis
613 2853 659 2883 vel
673 2853 799 2893 gerendis
815 2862 863 2890 per
877 2851 1008 2889 eosdem,
1025 2851 1135 2881 nullum
1149 2850 1254 2889 Praeju-

198 2891 307 2921 dicium
325 2898 470 2927 pararetur.

237 2929 310 2967 Qio
325 2928 412 2958 Loco
433 2929 471 2957 eis
494 2926 694 2965 Respondendi
851 2938 864 2958 s
878 2929 887 2960 s
890 2936 983 2958 tamen
1005 2926 1256 2958 protestationibus

201 2966 306 2996 nostrae
325 2965 459 2996 Nationis
479 2969 596 2996 nomine
618 2967 709 3002 facitis)
734 2966 871 2996 concesso
888 2988 898 3004 ,
917 2965 1120 3006 Arragonensbs
1139 2967 1172 2996 ad
1193 2966 1256 2997 Dc-

202 3013 311 3034 cretum
440 3015 452 3035 s
471 3006 546 3034 Petri
567 3005 600 3034 de
618 3008 701 3034 Luna
726 3006 851 3043 primitus
876 3004 1090 3041 consenserunt,
1111 3004 1255 3043 Facitisque

202 3040 323 3072 Duabus
335 3040 505 3073 Seffionibus
518 3043 550 3072 ad
570 3043 724 3074 Decretum
829 3043 878 3073 sub
887 3042 1005 3072 Tenore
1016 3066 1024 3081 ,
1043 3042 1190 3079 ptaesertim
1202 3054 1255 3074 no-

203 3079 247 3109 bis
261 3080 414 3117 promiffo,
432 3081 464 3110 &
479 3082 508 3110 in
521 3080 651 3120 Effeetu,
669 3090 888 3118 praeconcepto,
907 3080 1011 3111 Gallici
1027 3081 1182 3111 consentire
1201 3092 1255 3112 no-

204 3117 315 3156 lebant,
334 3117 499 3160 malitiosum
514 3118 696 3157 Propositum
714 3130 840 3157 gerentes
861 3119 1028 3157 occultum,
1048 3119 1128 3157 quod
1149 3120 1256 3158 pridie,

204 3165 235 3187 ut
251 3156 320 3185 infra
336 3156 514 3194 subjungam,
531 3166 598 3186 cum
617 3168 717 3194 magna
734 3158 876 3188 Protervia
890 3157 1074 3194 publicarunt.

243 3194 278 3224 Et
292 3193 485 3231 subsequenter
502 3196 597 3224 Petrus
612 3197 644 3225 de
654 3199 754 3233 Luna,
773 3197 866 3234 primi)
880 3205 928 3235 per
943 3196 1077 3226 Edistum
1095 3194 1257 3234 Publicum,

204 3233 234 3262 in
253 3232 398 3262 Audientia
415 3231 568 3263 Literarum
582 3234 798 3271 supradictarum
815 3235 937 3271 Concilii,
957 3236 990 3265 &
1009 3236 1037 3264 in
1056 3233 1148 3264 Valvis
1164 3234 1258 3272 Majo-

205 3273 240 3301 ris
262 3271 395 3301 Eccleiiae:
422 3269 645 3302 Constanciensis
661 3296 670 3309 ,
704 3273 736 3302 ad
760 3276 985 3310 comparendum
1007 3283 1105 3303 coram
1125 3272 1258 3304 Generali

205 3308 342 3339 Concilio
361 3309 573 3339 Constanciensi
590 3319 648 3348 quo
665 3310 753 3340 modo
771 3310 930 3341 Centesima
954 3311 1027 3349 Die,
1046 3312 1173 3349 proxima
1195 3311 1258 3350 post

205 3346 356 3378 Citationis
367 3346 500 3377 Edistum
510 3370 518 3382 ,
539 3348 634 3377 citatus
649 3358 720 3386 erat,
739 3358 802 3386 quae
813 3349 883 3379 Dies
899 3349 1059 3380 Centesima
1069 3372 1079 3388 ,
1098 3351 1156 3380 viii.

205 3387 342 3425 praesenris
359 3385 465 3416 Mensis
484 3385 577 3415 Martii
593 3387 790 3425 contingebat,

243 3424 312 3464 Qia
328 3424 400 3461 Die,
417 3424 528 3462 publice
544 3425 576 3454 &
591 3424 788 3462 solempniter,
807 3433 838 3454 ut
854 3424 938 3454 moris
960 3423 1013 3462 est,
1035 3427 1256 3466 praeconizatus,

311 3473 369 3493 non
386 3472 553 3500 comparens
568 3461 732 3492 Contumax
748 3462 953 3493 Pronunciatus
968 3473 1040 3502 erat,

244 3500 299 3531 Sed
323 3502 386 3539 quia
411 3501 513 3532 Literae
536 3499 683 3531 Citationis
704 3500 790 3531 Duos
811 3501 839 3530 T
841 3503 962 3531 erminos
986 3502 1019 3531 ad
1036 3503 1259 3540 comparendum

208 3539 258 3571 sub
271 3540 453 3571 alternatione
469 3539 666 3576 continebant,

244 3577 277 3607 In
294 3579 393 3615 quibus
410 3580 516 3615 primus
531 3577 684 3607 Terminus
700 3586 755 3607 erat
769 3575 927 3607 Centesima
945 3576 1031 3614 Dies,
1050 3588 1080 3608 ut
1096 3578 1238 3615 praefertur
1249 3603 1258 3616 ,

208 3616 242 3645 &
257 3616 393 3646 secundus
406 3616 559 3646 Terminus
576 3617 627 3646 erit
642 3615 844 3653 (septuagesima
862 3614 931 3645 Dies
946 3615 1009 3653 post
1033 3615 1208 3646 Citationem
1225 3618 1259 3647 ad

207 3652 359 3685 Personam
383 3655 474 3692 suirn,
494 3655 511 3683 ii
537 3655 570 3684 ad
594 3664 659 3685 eum
681 3663 753 3683 tutus
779 3663 880 3691 pateret
902 3654 1036 3684 Acceffus
1053 3678 1062 3691 ,
1082 3655 1205 3692 alioquin
1230 3657 1258 3685 in

208 3694 290 3722 certis
308 3693 393 3723 Locis
414 3693 567 3732 Insignibus
585 3715 594 3731 ,
618 3696 650 3723 ὥς
669 3691 773 3722 Castro
799 3690 950 3722 Paniscolae
976 3692 1170 3723 Vicinioribus
1187 3717 1197 3731 ,
1220 3693 1260 3724 fa-

209 3730 337 3760 ciendam
347 3755 356 3767 ,

249 3767 363 3799 Nuncii
384 3769 459 3799 Sacri
484 3769 610 3800 Concilii
634 3769 744 3804 (scilice
758 3792 767 3806 ,
786 3778 837 3805 pro
860 3768 980 3805 qualibet
999 3769 1136 3807 Qiinque
1155 3769 1262 3800 Natio-

212 3814 282 3834 num
297 3806 378 3844 unus)
395 3817 428 3837 ex
445 3807 627 3838 Permiffione
640 3811 713 3837 Petri
724 3807 755 3836 d?
769 3810 868 3844 Luna,
886 3816 933 3844 per
944 3806 1087 3837 Du&ores
1101 3808 1263 3838 nichilomi-

213 3853 265 3872 nus
282 3846 357 3880 chrs
370 3849 543 3883 Ari-agonum
562 3847 691 3882 securati,
711 3845 841 3875 Cisttum
868 3844 1033 3882 praedi&um
1055 3845 1209 3884 intrarunt,
1227 3848 1260 3878 &

213 3881 304 3924 ipsum
320 3884 445 3920 Petrum,
464 3885 642 3914 Audienvnrn
656 3884 798 3921 publicani
814 3884 982 3920 facientem,
1001 3885 1042 3913 xxi
1065 3883 1123 3914 Die
1141 3883 1264 3922 Januarii

218 3923 390 3958 citaverunt,
409 3922 441 3951 ὃ(
454 3922 503 3951 alia
515 3921 562 3952 {ibi
575 3922 756 3959 intimarunt,
777 3931 858 3959 prout
872 3931 1031 3959 receperant
1049 3923 1079 3951 in
1100 3922 1265 3961 Mandatis·,

218 3966 282 3994 quae
301 3956 371 3987 Dies
384 3958 590 3996 Septuagefima
605 3961 693 3999 prima
710 3961 764 3990 Die
780 3959 886 3990 Mensis
897 3960 998 3997 Aprilis
1013 3961 1134 3998 proximi
1150 3971 1265 3992 contin-

217 4004 283 4064 gegr:
298 3996 580 4065 citrIquufemHDiem
600 4000 635 4031 ad
659 4000 787 4031 ulteriora
801 4009 860 4030 non
873 3998 1041 4038 procedetur
1057 4008 1155 4031 contra
1167 4000 1266 4038 illum,

278 4045 327 4065 orn.
382 4058 388 4065 .
436 4058 442 4064 .
492 4057 499 4065 -

1234 120 1712 162 PossLicA.
2213 129 2293 173 195

1240 206 1303 244 sed,
1323 207 1367 237 illa
1381 208 1527 243 veniente,
1544 206 1571 235 in
1588 206 1623 236 sui
1647 204 1884 241 contumaciam,
1902 204 2008 246 quanto
2028 204 2110 234 citius
2131 205 2291 235 commode
2310 201 2382 231 Arm.
2395 198 2436 230 Di

1241 246 1273 275 ὅ(
1291 245 1405 283 dejure
1419 246 1535 283 poterit,
1552 244 1584 273 ad
1598 244 1769 274 Sententiam
1785 243 1936 273 E‘ec'tionis
1950 242 2016 272 dieti
2034 244 2121 277 Petri,
2141 252 2173 272 ac
2193 243 2224 271 ad
2248 243 2290 280 ip⁴
2329 246 2416 277 1417.

1243 283 1294 312 sius
1318 291 1449 320 tanquam
1471 283 1616 320 pertinacis
1638 282 1777 312 Haeretici
1829 281 2042 318 eclarationem,
2062 281 2079 311 si
2103 281 2214 310 interim
2229 291 2289 311 uon
2307 283 2369 307 Hen.
2388 286 2417 312 5.

1242 321 1367 357 cesserit,
1387 329 1531 357 tamquam
1544 320 1621 357 super
1635 320 1782 356 Notorio,
1802 319 1952 350 summarie
1967 319 2143 355 procedetur.

1280 358 1353 395 Sed,
1372 368 1400 388 ut
1414 359 1446 388 ad
1464 357 1674 398 Cameracenfi’m
1689 357 1873 395 Cardinalem,
1891 367 1923 387 ac
1931 357 2147 396 Procuratores,
2163 357 2195 388 &
2216 357 2288 387 Am·

1244 397 1396 426 baxiatores
1410 396 1507 426 Gallici
1523 399 1599 433 Regis
1617 397 1728 426 redeam
1743 418 1753 433 ,
1775 395 1842 425 scire
1853 397 1938 426 velitis
1951 397 2047 434 quod,

1284 433 1368 471 Post,
1385 434 1611 464 Excellentissimi
1634 434 1785 470 Principis,
1802 433 1958 472 Sigismundi
1978 437 2153 464 Romanorum
2176 433 2214 470 &
2233 437 2292 464 Un-

1241 476 1325 510 gariae
1342 475 1415 510 Regis
1428 472 1462 503 ad
1477 473 1548 502 hanc
1565 472 1717 502 Civitatem
1731 472 1841 501 felicem
1857 473 2016 509 introitum,
2037 475 2052 490 '²
2072 473 2233 503 Liberatam
2248 474 2293 503 seu
2313 470 2326 484 ‘
2347 467 2400 495 IX.

1245 509 1378 550 Devificm
1397 510 1620 541 Metuendiffimi
1645 513 1720 547 Regis
1740 508 1821 547 nostri
1847 511 1981 539 continue
1995 510 2162 549 deferentis,
2183 521 2247 550 quae
2264 513 2293 541 in
2311 514 2377 543 44¹·

1245 549 1394 579 Gallorum
1402 548 1503 579 Oculis
1518 549 1639 579 multum
1655 549 1766 578 taediosa
1781 548 1815 578 &
1830 548 1932 578 nociva
1948 549 2090 587 confistit,

1287 587 1498 617 Ambaxiatores
1516 587 1640 624 praefati,
1655 587 1779 617 videntes
1794 585 1923 622 Tempus
1937 585 2090 618 Eieetionis
2102 587 2186 618 futuri
2198 588 2298 617 Summi

1248 624 1384 666 Pontifici&
1405 626 1434 654 in
1455 624 1593 655 Proximis
1609 626 1666 663 jam
1690 624 1810 661 instare,
1827 623 2030 661 Timentesque
2043 625 2093 656 hac
2112 624 2184 656 Vice
2201 628 2226 655 se
2238 635 2298 656 non

1247 663 1326 701 poss'e
1343 665 1380 692 eis
1395 672 1579 703 approperare
1596 665 1730 701 Papatum
1747 668 1831 702 prout
1845 661 1947 692 vellent
1964 662 2028 698 (pro
2045 674 2104 700 quo
2119 663 2300 702 EXtorquen-

1247 702 1286 731 do
1302 702 1334 731 &
1351 701 1499 739 habendo,
1517 701 1628 732 Divino
1645 701 1744 739 pariter
1755 700 1788 730 ὃς
1804 698 1943 730 Humano
1958 699 2081 731 Timore
2096 702 2220 740 semoto,
2240 712 2300 733 non

1249 748 1377 770 curarent
1400 739 1468 775 quid
1490 741 1612 777 agerent)
1637 749 1724 769 novas
1746 737 1964 768 Protestationes
1980 761 1989 776 ,
2010 737 2247 779 Provocationes,
2265 742 2300 771 &

1253 777 1477 815 Appelladones,
1496 787 1529 807 ac
1551 779 1638 807 varias
1658 777 1790 807 Materias
1811 775 1976 806 scandalosas
1990 798 2000 814 ,
2016 786 2115 807 contra
2140 778 2300 810 Nationem

1252 816 1377 846 nostram
1393 838 1403 852 ,
1422 815 1598 852 mentitisque
1620 815 1765 845 coloribus
1784 814 1901 851 palliatas
1915 837 1924 852 ,
1943 824 2041 845 coram
2066 815 2153 845 Sacro
2175 817 2303 848 Generala·

1250 852 1383 921 Concilsio,
1403 851 1487 883 Sacra
1509 853 1632 891 Caesarea
1653 852 1801 891 Majestate
1821 851 1971 891 praesente,
1986 853 2100 890 publice
2121 853 2211 893 legere
2233 865 2304 892 prae-

1251 896 1331 929 lump
1342 900 1432 921 crunt.

1290 929 1399 960 Praelati
1414 938 1508 960 tamen
1524 939 1583 960 non
1599 930 1699 968 pauci,
1716 939 1749 960 ac
1763 928 1806 958 alii
1823 928 1998 966 quamplures
2008 928 2172 960 Nationum
2186 930 2307 961 diversa-

1253 978 1337 1006 rum,
1355 968 1552 1005 perpendentes
1567 968 1676 1006 Scripta
1699 968 1742 998 sua
1762 968 1796 997 ad
1811 967 2021 998 Turbationem
2040 968 2147 998 Concilii
2160 970 2307 1000 manifeste

1253 1007 1413 1043 tendentia,
1431 1016 1490 1036 non
1507 1008 1687 1043 permiserunt
1711 1015 1740 1037 ut
1762 1006 1795 1036 ad
1819 1006 1981 1036 ulteriorem
2001 1005 2154 1037 Letsturam
2170 1008 2308 1045 procede·-

1256 1054 1334 1082 rent,
1353 1045 1390 1075 Et
1407 1054 1440 1074 ex
1455 1053 1522 1075 tunc
1541 1044 1756 1075 protestationes
1768 1045 1800 1074 &
1817 1043 2039 1075 Provocationes
2059 1044 2218 1083 hujusmodi
2241 1046 2310 1077 Do-

1256 1085 1338 1113 minis
1351 1083 1614 1114 Prothonotariis&
1629 1084 1684 1113 aliis
1690 1083 1906 1113 Tabellionibus
1919 1084 2038 1120 publicis
2053 1084 2312 1123 tradiderunt3Re<

1258 1123 1397 1159 quirentes
1414 1121 1492 1157 super
1509 1122 1562 1151 hiis
1575 1123 1612 1151 eis
1628 1122 1684 1151 fieri
1701 1121 1816 1152 Publica
1829 1120 2024 1152 Instrumenta.

1294 1158 1332 1188 Et
1350 1160 1432 1196 licet,
1453 1168 1501 1195 per
1514 1159 1671 1196 hujusmodi
1685 1159 1901 1190 protestationes
1921 1161 1954 1190 ὅ(
1977 1159 2220 1200 Provocationes,
2238 1162 2314 1193 adeo

1258 1205 1405 1227 exrenuare
1424 1197 1537 1227 credant
1554 1197 1713 1228 Nationem
1730 1198 1930 1235 Anglicanam,
1949 1199 2028 1236 quod
2048 1198 2252 1231 Auctoritatem
2279 1201 2314 1232 ὃς

1260 1234 1374 1264 Vocem
1390 1236 1640 1271 repraesentativam
1657 1237 1736 1265 unius
1744 1235 1895 1273 Nationis,
1911 1236 1979 1266 sicut
1996 1236 2129 1268 haetenus
2145 1239 2313 1278 habuerunt,

1259 1272 1294 1302 de
1308 1282 1412 1303 caetero
1428 1282 1487 1302 non
1510 1273 1661 1311 haberent,
1679 1274 1712 1303 ad
1736 1273 1822 1303 finem
1844 1273 1994 1310 specialiter
2008 1277 2086 1313 quod
2103 1276 2196 1307 Natio
2213 1277 2314 1317 Angli-

1260 1321 1330 1341 cana
1344 1310 1397 1342 nec'
1411 1310 1524 1341 haberet
1540 1310 1700 1342 Potentiam
1717 1311 1761 1341 vel
1779 1311 1967 1349 Facultatem‚
1987 1315 2061 1344 circa
2076 1316 2196 1353 papatus
2211 1315 2314 1346 Ambi-

1261 1350 1371 1380 tionem
1393 1350 1560 1387 reprobam,
1575 1350 1626 1380 suis
1651 1349 1800 1380 Defideriis
1820 1349 1976 1388 refistendi3
1995 1351 2069 1389 Sed,
2089 1352 2197 1384 Divina
2216 1352 2317 1386 Gratis

1260 1388 1414 1426 dirigente,
1429 1387 1515 1418 taliter
1530 1388 1563 1418 ad
1578 1388 1691 1425 singulas
1707 1388 1764 1418 suas
1781 1387 1913 1418 Materias
1931 1397 2042 1419 maturo
2057 1390 2201 1429 Responso
2215 1392 2318 1423 invici-

1262 1425 1365 1457 biiibus
1382 1425 1551 1456 Rationibus
1573 1425 1717 1457 fundando
1738 1426 1933 1463 replicabitur,
1950 1427 2030 1464 quod
2051 1428 2111 1466 illa,
2133 1430 2232 1467 quibus
2255 1431 2321 1463 Na-

1263 1466 1372 1495 tionem
1390 1464 1518 1495 nostram
1532 1466 1686 1495 enormiter
1702 1465 1848 1497 vulnerare
1863 1464 2012 1504 putabant,
2029 1467 2057 1495 in
2073 1469 2183 1505 propria
2198 1469 2242 1499 sua
2260 1469 2321 1502 Ca-

1265 1504 1321 1541 pita
1338 1503 1541 1533 redundabunt.

1304 1541 1437 1573 Materias
1460 1551 1543 1579 atque
1564 1550 1598 1572 ex
1619 1540 1734 1573 adverso
1755 1540 1915 1579 Propofitas
1939 1542 2078 1580 recipietis
2094 1543 2122 1573 in
2136 1545 2216 1575 certis
2228 1543 2322 1583 Papiri

1267 1579 1367 1618 Foliis,
1387 1580 1565 1616 praesentibus
1588 1580 1729 1620 Alligatis,
1748 1581 1781 1611 &
1801 1590 1868 1618 per,
1887 1580 2032 1612 Nobilem
2054 1581 2175 1621 Virum,
2192 1582 2321 1614 Thamara

1267 1616 1463 1657 Markenfeld,
1482 1619 1578 1649 harum
1595 1618 1739 1656 Bajulum,
1754 1618 1969 1658 praesentandas,

1306 1657 1457 1688 Materiam
1471 1667 1541 1689 vero
1555 1657 1778 1693 Replicatoriam
1788 1657 1848 1695 jam
1863 1666 2051 1696 conceptam,
2069 1657 2115 1690 sed
2127 1658 2220 1690 adhuc
2233 1668 2325 1691 rnatu-

1268 1693 1323 1726 rius
1338 1695 1536 1734 digerendam,
1555 1694 1706 1734 postquam
1728 1695 1810 1733 plene
1826 1694 1974 1727 deliberata
1995 1697 2081 1729 fuerit
2102 1697 2202 1729 vestrae
2215 1697 2324 1729 Domi-

1269 1735 1376 1764 nationi
1389 1735 1451 1765 cito
1466 1735 1584 1764 mittam.

1307 1772 1454 1811 castellani
1465 1772 1535 1803 infra
1550 1770 1733 1810 Quindenam
1746 1773 1866 1804 futuram
1879 1780 1962 1803 erunt
1976 1772 2023 1803 hic
2037 1772 2199 1812 praesenteS‚
2215 1775 2328 1813 optime

1270 1810 1315 1840 dis
1328 1811 1390 1842 ositi
1400 1835 1410 1850 ,
1428 1820 1458 1841 ut
1472 1810 1612 1849 asseritur,
1629 1811 1663 1842 ad
1679 1811 1831 1842 Unionem
1845 1811 2090 1850 consequendam,
2105 1813 2138 1843 &
2152 1821 2256 1845 extunc
2267 1823 2327 1845 non

1271 1859 1300 1879 re
1327 1851 1414 1881 abunt
1431 1850 1468 1880 de
1491 1848 1550 1880 toti
1573 1849 1744 1882 Obedientia
1767 1852 1844 1880 Petri
1861 1849 1893 1879 de
1910 1852 1993 1879 Luna
2009 1850 2058 1880 nifi
2076 1850 2111 1880 illi
2132 1852 2214 1889 pauci
2236 1853 2269 1883 δε
2283 1853 2326 1883 in-

1272 1888 1392 1919 consulti
1414 1888 1475 1918 Viri
1493 1890 1591 1917 Comiti
1612 1892 1770 1919 Arminiaco
1787 1888 1975 1926 adhaerentes,
1996 1890 2044 1927 qui
2060 1897 2118 1920 tam
2134 1889 2270 1922 laudabile
2285 1891 2330 1922 in-

1274 1926 1409 1957 choatum
1427 1927 1590 1965 Negotium
1605 1926 1743 1964 impedire
1758 1927 1923 1965 nequibunt.

1312 1964 1362 1996 De
1379 1965 1434 1995 aliis
1449 1966 1673 1996 Occurrentibus
1685 1966 1772 2003 eritis,
1791 1966 1809 1995 (i
1823 1965 1945 2003 placeat,
1962 1974 2011 2002 per
2031 1964 2161 1996 Thomam
2181 1966 2329 2005 praefatum

1275 2002 1357 2034 latius
1370 2004 1529 2040 informati,
1547 2004 1608 2042 cui,
1628 2011 1770 2041 tamquam
1783 2012 1860 2034 notae
1874 2001 2053 2034 Credulitatis
2072 2004 2161 2043 Viro,
2177 2004 2267 2036 vestra
2281 2005 2330 2036 da-

1277 2042 1319 2072 bit
1337 2042 1508 2073 Dominatio
1521 2040 1621 2072 Fidem
1634 2041 1762 2072 firmam:
1781 2042 1880 2080 Qiam
1901 2041 2065 2073 conservare
2088 2043 2181 2082 quaeso
2202 2042 2332 2083 dignetur

1278 2080 1434 2110 Altiffimus
1446 2079 1494 2111 diu
1508 2080 1541 2110 ὃς
1558 2079 1675 2111 feliciter
1691 2081 1860 2112 duraturam.

1318 2118 1480 2158 Constantiae
1498 2117 1604 2149 Mensis
1617 2118 1716 2151 Martii
1734 2119 1780 2150 die
1795 2118 1904 2157 Quarta
1917 2117 2048 2150 Decima.

1615 2194 1716 2228 Vester
1736 2195 1863 2227 Servitor
1886 2194 2010 2226 humilis.

1461 2311 1523 2349 Qui
1538 2309 1631 2342 Manu
1648 2312 1758 2350 propria
1773 2309 1937 2349 subscripsit.
2240 2273 2276 2303 R.
2292 2275 2335 2310 Δι’

1321 2387 1408 2419 Dors-

1322 2426 1541 2466 Reverendiffimo
1557 2430 1586 2456 in
1602 2425 1703 2467 Christo
1716 2428 1798 2456 Patri
1812 2424 1849 2461 ὠ
1865 2427 1998 2462 Domino,
2015 2427 2131 2455 Domino
2147 2424 2187 2457 T.
2203 2427 2258 2457 Dei
2273 2436 2339 2466 gn-

1284 2464 1345 2503 tid,
1362 2465 1506 2503 Episcopo
1522 2465 1730 2504 Dunolmensi,
1746 2463 1916 2502 Domimfico
1934 2462 2129 2504 Gratiqfiffimo.

1444 2594 1504 2625 Pro
1526 2586 1670 2633 Guastone
1689 2587 1725 2622 de
1741 2591 1830 2638 Fvys,
1856 2590 2013 2634 Capitaneo
2030 2585 2066 2620 de
2086 2585 2179 2621 Buch.

1287 2674 1606 2751 Rffiic’issffgssff’
1621 2675 1655 2706 ²⁶¹
1668 2684 1754 2715 ‘³⁰⁰⁵’
1770 2674 1830 2706 ὄπ·
1848 2673 1982 2704 ³³¹³t2m·
2359 2679 2434 2711 im..
2445 2678 2488 2710 D,

1322 2752 1403 2784 Cam
1426 2752 1543 2797 diieaus
1564 2735 1601 2783 &²
1614 2751 1701 2782 fidens
1721 2751 1806 2791 ligetis
1826 2750 1859 2781 sc
1878 2748 2012 2781 Subditus
2034 2747 2129 2779 noster
2142 2772 2152 2787 ,
2168 2748 2288 2818 offo„
2309 2750 2340 2794 4,
2357 2726 2462 2793 11¹2?ss

1287 2796 1369 2833 Foyt,
1387 2790 1556 2829 Capitaneus
1572 2790 1608 2821 de
1625 2789 1720 2828 Buch,
1737 2791 1836 2821 habeat
1852 2789 1885 2833 {Sc
1901 2796 1992 2832 teneat
2013 2788 2128 2819 Locum
2152 2787 2187 2819 de
2231 2798 2297 2819 atres
2312 2797 2340 2818 in
2359 2802 2390 2824 Η,
2412 2805 2439 2831 ς,

1288 2830 1440 2869 Burdeloys
1454 2831 1481 2858 in
1500 2838 1585 2859 manu
1601 2829 1661 2867 sua,
1677 2829 1753 2859 &in
1767 2827 1937 2859 Obedientia
1957 2826 2068 2865 nostra,
2086 2827 2235 2857 occasione
2256 2835 2344 2858 certa·
2362 2835 2424 2869 Vasa·
2439 2843 2470 2870 4·

1290 2880 1353 2900 rum
1370 2878 1532 2908 magnatum
1546 2867 1748 2906 Summarum,
1764 2875 1827 2906 quae
1844 2864 1969 2897 valorem
1987 2864 2045 2896 loci
2061 2864 2189 2903 praedicti
2210 2875 2278 2896 cum
2294 2866 2346 2896 suis
2361 2877 2394 2901 H,
2402 2882 2429 2909 5.
2437 2882 2473 2899 m.

1290 2906 1460 2947 pertinentiis
1475 2905 1632 2944 excedunt,
2363 2921 2392 2947 9,

1325 2947 1382 2977 Pro
1398 2946 1497 2984 quibus
1514 2943 1630 2982 quidem
1639 2943 1764 2974 Summis
1776 2941 1866 2973 dietus
1876 2940 1991 2980 Locus,
2009 2950 2078 2972 cum
2091 2940 2142 2972 suis
2157 2942 2347 2981 pertinentiis,

1291 2986 1340 3017 sibi
1356 2984 1481 3022 expresse
1498 2983 1653 3021 obligatur,

1327 3023 1361 3054 In
1377 3032 1435 3060 quo
1451 3020 1565 3059 quidem
1579 3020 1665 3050 Loco
1681 3020 1812 3049 Dominus
1824 3017 1856 3047 de
1874 3015 1899 3047 Ie
1919 3018 2004 3056 Bret,
2024 3018 2073 3057 qui
2091 3017 2219 3048 Coronae
2243 3018 2344 3049 nostrae

1292 3062 1333 3094 est
1341 3060 1481 3097 Rebellis,
1499 3058 1590 3090 asserit
1601 3058 1685 3096 seJus
1700 3057 1819 3095 habere,
1918 3093 1923 3099 .

1330 3100 1416 3137 Nos,
1433 3099 1469 3128 de
1481 3097 1578 3127 Gratia
1596 3095 1688 3127 nostra
1703 3096 1827 3133 speciali,
1846 3092 1990 3124 Dedimus
2003 3094 2036 3125 &
2051 3093 2253 3125 Conceffimus
2274 3103 2345 3131 prse-

1292 3141 1350 3171 fato
1363 3136 1492 3177 Guastoni
1508 3137 1541 3166 &
1558 3134 1727 3165 Haeredibus
1741 3135 1793 3164 suis
1807 3141 1899 3164 totum
1908 3131 1926 3170 J
1930 3142 1976 3169 υς,
1996 3132 2074 3170 quod
2095 3134 2128 3163 ad
2146 3132 2213 3162 Nos
2229 3133 2348 3170 pertinet

1293 3180 1350 3209 sive
1366 3177 1503 3216 pertinere
1517 3174 1631 3211 poterit,
1650 3174 1679 3202 in
1693 3172 1772 3202 dicto
1790 3172 1888 3208 Loco,
1908 3180 1976 3200 cum
1992 3171 2180 3208 pertinentiis,
2198 3169 2348 3201 occasione

1294 3214 1471 3247 Rebellionis
1483 3211 1608 3280 ρὲἑεάἰὲῒί
1622 3214 1733 3242 Domini
1749 3211 1782 3240 de
1797 3210 1822 3239 Ie
1834 3212 1920 3247 Bret5
1938 3208 2011 3240 salvo
2021 3209 2084 3247 jure
2100 3208 2254 3248 cujussibet.

1332 3254 1365 3284 In
1381 3253 1476 3289 cujus,
1531 3260 1557 3279 c.

1329 3291 1418 3323 Teste
1435 3289 1516 3329 Rege
1528 3287 1601 3326 apud
1616 3285 1871 3327 Westmonasterium
1885 3284 2001 3317 decimo
2016 3284 2132 3323 Qiinto
2145 3284 2191 3315 die
2205 3283 2312 3316 Martii.

1976 3363 2029 3391 Per
2045 3361 2128 3401 ipsr'cm
2141 3364 2246 3399 Regem.

1331 3493 1350 3512 ⁴¹
1378 3491 1661 3538 Appunfiuamenta
1672 3487 1763 3533 fhper
1779 3488 1922 3520 Finantia
1939 3488 2061 3520 Comitis
2085 3485 2319 3528 Vandocinensis.
2370 3497 2384 3513 ο
2404 3501 2457 3530 Ιχ.

1384 3614 1537 3645 Indentatae
1553 3612 1729 3650 pervenerint
1743 3611 1903 3641 Lodowicus
1919 3610 1951 3639 de
1966 3610 2111 3646 Bourbon,
2128 3612 2215 3637 Comes
2227 3607 2258 3636 de
2275 3610 2350 3638 Van·
2367 3614 2431 3644 Αῃῃ

1297 3656 1398 3691 donne,
1415 3653 1477 3682 ali-:is
1493 3649 1692 3690 Vandocinc’nfis
1707 3649 1830 3679 Salutem
1847 3651 1874 3678 in
1890 3650 2023 3678 omnium
2041 3648 2192 3678 salvatore.
2226 3682 2234 3691 .
2293 3684 2298 3689 ¹
2382 3661 2434 3691 141
2461 3676 2469 3683 ·

1336 3693 1432 3723 Sciatis
1445 3692 1540 3728 quod,
1559 3688 1623 3719 mea
1638 3687 1705 3725 pura
1718 3697 1750 3717 ac
1765 3686 1915 3725 spontanea
1928 3684 2098 3722 Voluntate‚
2115 3685 2147 3715 &
2163 3692 2239 3714 certa
2251 3683 2351 3714 Scien-
2364 3695 2414 3718 An.
2430 3703 2459 3727 4·

1298 3731 1354 3769 tia,
1370 3731 1458 3760 fateor
1473 3729 1505 3759 δε
1521 3727 1694 3766 recognosco
1716 3724 1769 3756 Me
1784 3724 1841 3756 esse
1863 3725 1974 3756 fidelem
1990 3725 2177 3766 prisonarium
2199 3722 2232 3751 &
2253 3721 2351 3767 Capti7
2364 3734 2398 3758 H.
2418 3739 2444 3764 5·-

1300 3780 1388 3806 vum,
1404 3766 1571 3798 Sereniffimi
1587 3768 1620 3796 ὃς
1639 3765 1825 3801 Praepotentis
1840 3763 1991 3801 Principis,
2011 3761 2132 3805 Domini
2147 3762 2271 3804 Henrici,
2291 3760 2348 3803 Dei
2362 3771 2401 3795 Ex
2409 3767 2474 3796 Bibl.

1301 3807 1404 3847 gratia,
1423 3808 1499 3842 Regis
1513 3803 1643 3841 Angliae,
1657 3813 1690 3833 ac
1709 3801 1832 3832 Domini
1846 3801 2011 3837 Hiberniae,
2031 3801 2106 3829 bona
2121 3797 2207 3836 Fide,
2224 3797 2493 3838 fidelitesscmribe-

1303 3848 1335 3877 ὃς
1354 3846 1402 3875 iub
1413 3842 1572 3875 Amiffione
1588 3842 1716 3872 Honoris
1733 3841 1808 3877 mei,
2021 3872 2031 3882 Α
2283 3875 2288 3880 .
2358 3847 2412 3872 rius
2426 3844 2495 3872 116«.

1339 3883 1374 3914 Et
1390 3881 1484 3920 quod,
1499 3881 1535 3911 de
1550 3880 1650 3911 eadem
1664 3878 1728 3909 mei
1739 3877 1826 3909 libera
1841 3878 1873 3907 ὅ(
1885 3874 2035 3913 spontanea
2051 3873 2221 3918 Voluntate,
2234 3873 2288 3904 feci
2304 3875 2351 3905 Fi-
2364 3883 2404 3911 1:01
2433 3891 2495 3910 ,22,

1303 3923 1427 3953 nantiam
1441 3921 1474 3951 &
1491 3918 1732 3956 Redemptionem
1749 3925 1859 3951 meam,
1876 3923 1944 3943 cum
1958 3913 2060 3956 eodem
2075 3912 2255 3957 Serenisfimo
2272 3912 2353 3944 Prin-
2366 3925 2391 3949 A

1306 3962 1388 3997 cipe,
1407 3968 1459 3996 pro
1475 3957 1601 3988 Centum
1618 3956 1747 3986 Millibus
1764 3954 1933 3988 Scotorum,
1952 3952 2021 3981 boni
2037 3951 2069 3981 &
2089 3961 2150 3987 puri
2168 3951 2256 3989 Auri,
2271 3961 2303 3982 ac
2314 3954 2355 3988 ju-

1307 4000 1340 4030 sti
1355 3996 1488 4028 Ponderis
1505 3995 1636 4027 Monetae
1650 3994 1671 4025 F
1672 3994 1787 4024 ranciae-
1805 3990 1843 4020 Ita
1858 3989 1936 4027 quod
1949 3990 2054 4028 semper
2069 3988 2140 4020 Duo
2154 3989 2238 4021 Scuta
2252 3991 2359 4021 valeant

1782 4015 1866 4060 i3i>2

1298 3576 1530 3638 UerERsis
1548 3573 1694 3604 Cnrusrr
1712 3571 1912 3610 Finiiinius,
1929 3571 1963 3601 ad
1988 3581 2057 3609 quos
2081 3571 2224 3609 praesentes
2244 3569 2348 3599 Literae
2380 3548 2423 3615 μς
2443 3574 2482 3646 ³)

2441 3662 2458 3691 7

2276 4036 2366 4058 unum
