2562 4274
27 215 104 248 Anii.
114 212 155 243 D.

54 260 142 293 1430.

29 298 93 324 Heri,
107 294 135 323 6.

182 148 260 187 170

177 218 306 258 Regnis‚
325 217 437 258 Terris,
461 217 626 255 Dominiis,
643 216 783 254 Vaffallis,
808 216 920 255 Ligeis,

178 259 400 298 quibuscumque
410 281 419 296 ,
725 292 731 299 ⁴
1015 292 1029 298 ..
1119 290 1124 296 Ι

212 296 363 328 Duraturas
377 296 414 326 ab
430 294 543 326 Occasu
558 294 631 324 Solis
643 293 733 325 Primi
749 292 816 324 Diei
834 291 942 324 Menfis
954 291 1031 322 Maii
1046 289 1181 331 proximo
1195 286 1242 330 fu-

178 336 250 373 turi,
268 335 344 373 quod
358 335 409 364 erit
424 334 510 364 Anno
528 332 649 363 Domini
664 331 1157 370 Millefimo,Qadringentefim0,
1171 325 1243 368 Tr}-

179 375 284 406 cefimo
299 373 415 410 Primo,
433 383 482 410 per
495 372 734 410 Qiinquennium
751 380 786 401 ex
801 380 870 400 tunc
885 371 1020 408 proximo
1041 369 1166 399 futurum
1187 365 1243 408 (vi-

180 413 293 448 delicet)
309 411 392 451 usque
405 416 439 442 ad
456 410 600 440 Occasum
609 410 683 440 Solis
699 409 790 439 Primi
798 408 867 439 Diei
878 408 984 440 Mensis
999 407 1090 445 Maii,
1105 403 1182 446 quod
1193 409 1245 433 erlt

181 452 269 483 Anno
285 450 408 481 Domini
425 448 599 486 Millesimo‚
619 448 923 487 Quadringentesimo,
940 447 1102 477 Tricefimo
1118 445 1222 487 Sexto,

197 488 199 490 ’
220 489 334 529 Quibus
346 487 463 528 quidem
476 487 614 526 Treugis,
631 488 808 518 Guerrarum
818 486 1018 524 Abstinentiis,
1036 480 1247 526 Sufferentiisve

180 527 359 565 durantibus,
377 525 598 557 Concordatum
615 526 654 556 est
665 550 674 562 ,
687 527 754 555 hinc
769 526 801 556 &
818 525 901 563 inde,
921 523 1000 563 quod
1021 532 1137 562 uterque
1153 520 1246 551 dieto-

180 576 245 597 rum
260 565 375 605 Regum
397 564 525 595 Ceffabit
541 567 573 596 &
591 563 706 596 Cessare
723 564 808 595 faciet
826 574 875 603 per
887 563 944 598 Se,
962 562 1117 600 Vassallos,
1136 560 1248 598 Ligeos,

181 606 214 636 &
230 604 364 635 Subditos
382 605 443 634 {uos
469 603 670 641 quoscunque,
687 613 789 633 omnes
808 602 904 633 Prisias
926 601 1109 632 Personarum
1120 622 1130 637 ,
1150 598 1248 643 Bono-

180 653 262 681 rum,
281 642 419 673 Villarum
429 641 618 679 firmatarum,
637 641 822 679 Castrorum,
840 641 1069 679 Fortalitiorum,
1087 637 1249 682 &aliorum

183 681 351 720 Locorum,
369 691 468 712 omnes
486 681 624 718 Pillarias,
643 681 799 718 Roberias,
815 679 968 717 Incendia,
982 675 1248 720 &Demollitiones

182 720 351 751 Domorum
371 720 403 751 &
419 719 592 757 Murorum,
610 719 812 750 Prostrationes
828 718 975 751 Arborum
995 719 1054 748 t‘am
1075 723 1250 755 portannum

183 758 304 790 Fructus
318 760 404 798 quani
423 758 537 788 aliarum
554 767 786 798 quarumcunque
808 766 856 795 per
872 758 970 787 omnia
985 757 1103 796 Regna,
1125 754 1251 797 Terras,

184 794 343 835 Dominia,
367 798 411 828 seu
435 796 515 828 Loca
535 806 733 836 quaecunque,
750 797 825 827 alteri
845 805 946 826 eorum
971 795 1091 833 Regum
1118 792 1253 829 Subdita,

184 836 332 875 Subiecta,
353 837 395 867 (eu
431 835 618 874 uoquomodo
634 836 823 873 Pertinentia,
838 845 871 865 ac
884 835 981 865 omnia
996 835 1046 865 alia
1063 832 1146 863 Facta
1155 831 1253 862 Guer-

33 866 167 904 ⁸X.484.
185 873 242 914 rae,
259 877 316 906 tam
331 885 378 914 per
426 885 516 906 erram
526 898 535 914 ,
553 874 642 913 (salvis
658 876 727 906 locis
742 875 759 893 *
775 874 888 905 inferius
902 873 1039 912 exceptis)
1062 873 1151 911 quam
1166 878 1253 910 gene·

52 3877 185 3915 ⁰X.485.

185 915 276 946 taliter
291 924 340 955 per
355 913 456 952 Mare,

222 951 371 991 Excipitur
385 961 480 983 autem
495 963 508 982 a
519 952 698 990 praesentibus
713 950 851 990 Treugis,
1139 987 1144 992 .

219 990 269 1022 De
281 992 379 1022 Terris
395 990 502 1030 praefati
518 990 690 1021 Sereiiissimi
703 989 840 1029 Principis
855 991 967 1019 Henrici
976 1012 985 1028 ,
1004 987 1062 1019 Dei
1077 985 1179 1027 gratia,
1194 987 1250 1015 Re-

179 1034 222 1071 gis
238 1029 370 1068 Angliae,
384 1029 444 1065 &c.
460 1038 519 1059 t0ta
533 1029 576 1059 illa
592 1028 689 1059 Portio
705 1028 741 1059 de
751 1028 858 1065 Regno
874 1028 984 1067 Angiiae
1020 1035 1083 1066 quae
1090 1024 1132 1057 est
1146 1033 1181 1056 ex
1189 1034 1252 1062 par-

183 1068 348 1138 telAustrali
365 1067 479 1099 Montis
495 1067 594 1098 Sancti
611 1066 778 1105 Michaelis,
793 1077 858 1108 quae
873 1066 914 1097 est
931 1068 961 1097 in
1008 1065 1127 1096 ornubia
1138 1087 1148 1103 ,
1166 1063 1252 1102 usque

227 1117 273 1138 are

186 1108 258 1176 1vEt
269 1130 305 1175 d’e
317 1144 434 1183 Terris,
453 1145 561 1183 praefati
578 1143 748 1175 Sereniffimi
772 1143 930 1182 Principis,
948 1142 1050 1182 Jacobi
1065 1145 1142 1180 Regis
1163 1144 1253 1185 Scotti-

183 1196 242 1215 rum
256 1193 312 1215 tota
328 1183 372 1214 illa
385 1193 444 1222 pars
461 1183 556 1220 Regni
574 1183 695 1220 Scotiae,
713 1193 776 1221 quae
790 1183 831 1213 est
845 1192 879 1213 ex
895 1191 970 1220 parte
993 1181 1102 1213 Boreali
1116 1180 1253 1210 fluminis

184 1224 220 1255 de
237 1222 328 1260 Porri,
349 1223 419 1252 inter
436 1221 597 1252 Moraviam
613 1223 645 1253 &
663 1221 792 1252 Roisiam
830 1221 916 1260 iisque
933 1220 1022 1252 Mare.
1232 1258 1237 1263 ,

189 1263 191 1265 ’
220 1260 293 1292 Ιτε
304 1269 350 1300 Μ,
367 1261 448 1300 quod
464 1260 554 1292 nullus
574 1260 776 1298 praedictorum
827 1270 933 1298 egum,
951 1260 979 1292 su
1001 1258 1114 1290 radiCtis
1127 1257 1252 1295 Treugis

186 1299 371 1338 durantibus,
389 1298 534 1337 Portabit,
552 1299 664 1338 Faciet,
682 1299 804 1337 Inferet,
821 1309 875 1330 nec
889 1309 906 1330 a
919 1299 963 1330 Va
988 1298 1064 1336 allis,
1082 1298 1200 1335 Ligeis,
1218 1296 1252 1327 &

188 1338 312 1370 Subditis
326 1338 376 1369 suis
389 1338 604 1378 quibuscunque
617 1338 745 1377 Portari,
763 1337 854 1376 Fieri,
872 1346 919 1368 aut
929 1337 1028 1368 Inferri
1041 1337 1185 1376 permittet
1195 1335 1253 1379 ,al-

187 1379 239 1409 teri
263 1376 429 1408 eorumdem
449 1376 585 1416 Regum,
603 1378 632 1407 iri
654 1377 779 1416 RegniS,
795 1377 912 1414 Terris,
931 1376 1097 1414 Dominiis,
1115 1375 1162 1406 seu
1183 1374 1254 1404 locis

187 1417 417 1454 quibuscunque,
434 1416 484 1454 ipsi
499 1416 575 1446 alteri
593 1416 666 1456 Regi
678 1416 819 1452 Subditis,
837 1414 990 1454 Subjeffls,
1010 1414 1054 1445 seu
1067 1422 1254 1453 quoquomo-

183 1456 224 1485 do
247 1455 472 1492 Pertinentibus,
492 1454 537 1486 vel
562 1454 642 1492 alias,
669 1465 718 1493 per
739 1453 861 1485 Terram
883 1453 973 1490 (salvis
995 1452 1187 1493 praeexceptis)
1207 1459 1253 1482 aut

185 1501 235 1533 per
251 1493 353 1532 Mare,
367 1491 525 1532 Guerram,
544 1492 728 1529 Molestiam,
746 1491 935 1531 Dampnum,
954 1492 1010 1523 five
1023 1491 1198 1523 Gravamen.

222 1531 286 1565 ITE
297 1540 341 1571 Μ,
359 1532 440 1572 quod
458 1531 495 1570 fi,
512 1532 672 1563 durantibus
687 1531 769 1562 dietis
783 1531 863 1562 Treu
885 1532 920 1570 is,
934 1529 981 1562 seu
996 1530 1171 1562 Guerrarum
1190 1528 1252 1560 Ab·

186 1569 342 1610 stinemiis,
358 1572 505 1610 contingat
527 1571 631 1609 aliquos
647 1569 842 1608 Mercatores,
883 1570 1043 1608 etegrinos,
1057 1577 1105 1601 aut
1127 1568 1255 1600 Piscato-

186 1620 246 1648 res,
262 1611 343 1640 unius
358 1609 446 1640 Partis
461 1608 506 1639 vel
521 1610 647 1647 alterius,
668 1608 703 1639 N
705 1609 844 1647 avigando
857 1619 891 1640 ex
912 1609 992 1640 causa
1007 1607 1254 1643 Mercantizandi,

185 1646 407 1686 Peregrinandi,
422 1656 467 1678 aut
482 1646 626 1684 Piscandi,
645 1647 682 1678 Vi
696 1647 888 1686 Tempestatis
907 1656 953 1678 aut
968 1646 1132 1679 Ventorum
1151 1645 1251 1684 impel-

184 1686 276 1725 lente,
293 1687 423 1725 applicari
437 1687 465 1716 in
484 1686 579 1724 aliquo
593 1685 734 1717 Portuum
749 1687 860 1718 alterius
876 1685 982 1724 Partis,
1001 1695 1060 1716 non
1074 1685 1173 1716 licebit
1186 1685 1254 1715 alte·

187 1727 210 1756 ri
229 1723 323 1763 Parti,
341 1734 387 1756 aut
403 1725 461 1763 ejus
475 1723 601 1756 Subditis
617 1725 710 1763 Ipsos,
727 1735 773 1756 aut
788 1735 890 1756 eorum
908 1723 1025 1763 Naves,
1043 1725 1089 1754 vel
1105 1723 1185 1755 Bona
1196 1723 1254 1753 Ca-

224 1774 268 1801 re,
282 1766 325 1794 {ed
341 1763 439 1795 licebit
453 1763 573 1803 eisdem,
592 1764 629 1794 fic
645 1763 787 1802 impulsis,
806 1763 841 1794 &
856 1763 977 1802 debent,
995 1764 1052 1794 una
1068 1773 1135 1794 cum
1150 1773 1252 1795 eorum

186 1772 321 1834 ffiavibus
333 1804 366 1834 ὅ(
379 1801 465 1833 Bonis
474 1802 564 1834 libere
575 1803 611 1833 ab
622 1802 782 1841 hujusmodi
796 1801 886 1833 Portu
894 1825 904 1840 ,
923 1803 1093 1841 quamcitius
1113 1811 1253 1833 commo-

186 1842 223 1872 de
237 1843 376 1879 poterint,
395 1840 540 1873 Recedere
554 1841 647 1880 abque
662 1841 872 1881 impedimento
885 1851 1060 1881 quocunque
1073 1850 1122 1881 per
1137 1840 1253 1871 alteram

187 1879 301 1913 Partem
319 1881 368 1911 libi
377 1879 486 1911 dando:

221 1918 276 1957 Et,
298 1919 316 1950 fi
337 1918 437 1956 aliquid
458 1918 576 1949 Paetum
599 1918 642 1950 vel
665 1917 876 1958 Attemptatum
902 1919 1006 1957 fuerit,
1024 1920 1053 1950 iri
1077 1919 1253 1950 contrarium

184 1957 364 1995 praesentium
379 1957 556 1996 Treugarum
568 1980 577 1997 ,
595 1957 661 1988 illud
679 1957 809 1993 legitime
825 1957 1030 1997 Reppirabitur
1044 1957 1078 1989 ad
1100 1956 1254 1996 pristinum

185 1997 218 2027 ὅ(
233 1996 363 2026 debitum
380 1996 489 2026 Statum
505 2006 551 2034 per
571 1995 683 2027 Partem
701 1996 791 2033 illazn,
809 2006 843 2026 ex
859 2007 914 2034 qua
927 1997 971 2027 seu
984 2007 1032 2035 per
1048 1998 1127 2035 cujus
1149 1996 1254 2026 Subdi-

184 2043 229 2066 tos
243 2035 281 2066 lic
297 2036 506 2073 Attemptatum
529 2035 628 2075 fuerit,
644 2034 745 2073 absque
765 2035 992 2067 contradictione
1015 2035 1060 2067 seu
1084 2035 1252 2067 difficultate

207 2083 296 2104 uacun
321 2084 363 2104 ue.

186 2082 204 2113 q
223 2112 269 2143 Ιτ
281 2083 355 2151 Eat,
378 2111 398 2142 fi
417 2112 564 2150 contingat
581 2111 704 2151 aliquem
722 2110 768 2142 seu
784 2111 889 2150 aliquos
910 2112 1015 2150 Ligeos
1029 2136 1040 2151 ,
1068 2113 1149 2144 unius
1166 2110 1255 2142 Partis

184 2151 230 2181 vel
246 2152 371 2189 alterius,
390 2149 581 2189 Naufragium
596 2150 687 2188 passos
704 2158 750 2181 aut
769 2151 883 2181 notorie
901 2151 1046 2190 infirmos,
1064 2160 1112 2183 aut
1130 2151 1251 2182 vietua-

183 2189 254 2220 libus
270 2199 412 2227 carentes,
429 2190 463 2220 ad
483 2189 604 2220 Terram
620 2189 775 2228 applicare,
800 2198 848 2220 aut
867 2190 896 2218 in
920 2190 1041 2221 Terram
1057 2214 1067 2229 ,
1091 2190 1148 2222 sine
1171 2189 1253 2229 culpa

182 2238 303 2266 eorum,
323 2228 435 2266 fraude,
461 2228 507 2259 vel
530 2227 606 2258 malo
628 2229 764 2265 ingenio,
792 2227 930 2258 Dimiffos
955 2229 999 2260 seu
1018 2229 1164 2267 Relictos,
1188 2228 1253 2266 post

184 2268 415 2307 Applicationem
430 2266 608 2306 hujusmodi,
628 2266 733 2297 Nautis
752 2266 980 2306 Recedentibus,
998 2268 1094 2299 licebit
1109 2268 1254 2299 eisdem&

184 2316 287 2337 eorum
304 2307 438 2344 cuilibet,
456 2315 524 2336 cum
542 2305 642 2335 Literis
655 2305 924 2344 Testimonialibus‚
943 2306 1010 2343 fibi,
1028 2307 1079 2338 sub
1098 2306 1255 2338 Moderatis

185 2344 337 2384 Expenfis,
354 2345 457 2383 absque
471 2343 634 2374 difficultate
648 2344 1079 2383 concedendis,P0rt[is,Villae
1089 2346 1151 2383 ,vel
1161 2345 1255 2376 Com-

185 2385 329 2415 munitatis
346 2384 395 2415 ubi
412 2383 615 2423 applicuerint,
635 2382 692 2413 fine
710 2383 767 2413 aliis
782 2383 884 2414 Literis
896 2383 962 2414 salvi
979 2384 1154 2416 Condufliis
1170 2387 1198 2415 in
1212 2397 1255 2417 re-

188 2424 279 2460 centi,
297 2432 364 2453 curn
376 2432 458 2453 omni
475 2422 653 2453 festinatione
664 2422 869 2459 accommoda,
885 2423 919 2452 ad
935 2422 1030 2454 Partes
1043 2425 1168 2463 proprias
1177 2424 1254 2455 silvo

187 2463 220 2492 &
234 2462 327 2492 secure
343 2461 471 2496 transire,
491 2461 604 2498 proviso
623 2469 717 2492 tamen
731 2460 811 2500 quod
828 2462 938 2491 interim
955 2460 1048 2501 Regi,
1066 2462 1189 2503 Regno,
1208 2473 1256 2495 aut

188 2499 282 2534 Ligeis
301 2499 500 2538 praejudicialia
516 2509 576 2529 non
590 2507 759 2540 attemptent
777 2498 823 2531 seu
841 2509 1004 2537 procurent.

225 2538 296 2568 ITE
310 2546 354 2576 M,
373 2538 469 2577 quod,
495 2537 515 2568 fi
542 2548 595 2576 pro
621 2547 749 2577 ternpore
767 2539 947 2576 praesentium
965 2540 1146 2577 Treugarum
1166 2543 1257 2572 conti-

189 2578 259 2615 gerit
279 2577 400 2615 aliquem
424 2586 458 2608 ex
478 2576 705 2614 Mercatoribus,
725 2577 898 2616 peregrinis,
917 2578 963 2608 seu
985 2577 1190 2619 piscatoribus,
1210 2580 1255 2612 seu

189 2615 313 2652 aliquem
340 2625 539 2654 quemcunque
564 2615 716 2646 Subditum
743 2617 823 2646 unius
848 2615 954 2651 Partis,
973 2626 1074 2649 contra
1092 2619 1170 2656 vim,
1196 2619 1256 2649 for-

191 2662 289 2690 mam,
312 2654 345 2683 &
364 2652 502 2683 effectum
520 2654 701 2692 praesentium
717 2654 916 2693 Treugarum,
935 2654 1026 2695 Capi,
1050 2656 1186 2696 Spoliari,
1211 2658 1256 2689 seu

191 2690 360 2729 Depraedari
378 2690 558 2722 Mercandifis
569 2714 578 2728 ,
596 2691 700 2729 Bonis,
717 2702 763 2723 aut
780 2693 876 2723 Rebus
895 2694 966 2732 tuis,
987 2704 1035 2733 per
1053 2695 1174 2734 Ligeos,
1192 2697 1254 2727 sub-

190 2730 280 2767 ditos,
299 2739 345 2759 aut
359 2729 509 2767 Subiectos
523 2730 629 2760 alterius
643 2729 748 2767 Partis,
767 2731 860 2762 licebit
874 2732 986 2771 eidem,
1006 2733 1042 2764 fic
1052 2732 1164 2772 Capt0,
1184 2736 1256 2773 Spo-

192 2768 275 2806 liato,
293 2768 338 2799 seu
364 2767 553 2806 Depraedato,
580 2767 713 2807 Prosequi
732 2770 765 2799 &
788 2768 970 2807 Convenire,
988 2772 1021 2801 ad
1045 2771 1182 2804 effestum
1201 2775 1256 2809 (vi-

191 2807 305 2844 delicet)
332 2805 531 2838 Restitutionis
550 2805 596 2837 seu
620 2805 834 2844 Repparationis
850 2808 899 2837 sibi
923 2808 972 2838 sibi
996 2808 1115 2848 fiendae,
1133 2821 1193 2841 non
1212 2812 1255 2841 so-

193 2846 254 2875 lum
269 2846 338 2884 ipsos
353 2844 524 2883 Principales
539 2843 704 2882 Cupientes,
719 2845 892 2885 SpolianteS,
911 2845 954 2876 seu
971 2846 1190 2887 Depraedantes‚
1211 2861 1258 2881 ve-

195 2885 262 2914 rum
275 2884 360 2914 etiam
379 2884 455 2922 illos,
472 2884 505 2914 ad
521 2893 644 2922 quorum
661 2883 768 2915 Manus
781 2884 985 2923 Mercandisae,
1003 2887 1077 2924 Res,
1096 2887 1155 2918 five
1178 2888 1257 2920 Bona

193 2923 239 2952 sua
264 2922 444 2960 devenerint,
470 2932 523 2952 nec
542 2932 600 2952 non
616 2921 676 2952 illos
695 2924 744 2960 qui
761 2922 974 2962 Malefaetores‚
993 2925 1163 2963 spoliatores
1212 2928 1257 2958 seu

193 2960 344 2991 Praedones
362 2961 521 2998 hujusmodi
536 2961 654 2992 scienter
672 2960 911 3001 Receptaverint,
934 2973 966 2993 ac
983 2962 1117 2996 Civitates
1128 2989 1137 3004 ,
1155 2950 1258 3005 V'illas,

192 3000 226 3030 ὅ(
243 2999 471 3029 Communitates
487 2998 626 3029 Portuum
644 3000 678 3031 &
691 3000 808 3030 aliorum
825 3000 992 3039 Locorum,
1007 3004 1036 3033 in
1053 3005 1153 3039 quibus
1168 3004 1260 3044 hujus-

194 3039 272 3068 modi
290 3037 491 3076 ix‘lercandifie,
511 3037 588 3076 Res,
606 3038 660 3069 five
674 3037 770 3076 Bona,
789 3049 886 3070 contra
897 3041 1193 3081 praeseiitesTreugas,
1209 3044 1258 3082 fic,

193 3077 410 3144 utbpraeseitur²
429 3076 536 3116 Capta,
554 3077 669 3114 publice
689 3077 817 3118 Recepta
825 3078 944 3116 fuerint,
967 3079 1104 3119 Vendita‚
1122 3083 1178 3113 live
1192 3081 1261 3114 Dis-

195 3123 230 3145 tr}
254 3123 307 3144 Uta-

233 3153 364 3191 ITEM,
388 3152 484 3191 quod,
504 3153 541 3191 fi,
558 3152 684 3190 Treugis
705 3153 762 3184 istis
774 3153 950 3193 durantibus,
968 3159 1115 3197 contingat
1137 3159 1260 3199 aliquid,

195 3200 291 3222 contra
305 3193 365 3222 vim
379 3194 412 3224 &
426 3191 561 3222 effectum
577 3192 739 3223 earumdem
750 3216 758 3230 ,
778 3193 901 3224 Subditiz
911 3196 1025 3234 alicujus
1041 3198 1182 3228 dictarum
1194 3199 1261 3228 Par-

194 3231 267 3259 tium
287 3230 364 3268 super
380 3229 463 3261 Mare
480 3232 656 3270 attemptari,
674 3231 769 3262 licebit
786 3232 838 3270 illi,
855 3233 897 3262 vel
910 3234 976 3271 illis,
996 3244 1094 3266 contra
1111 3247 1197 3274 quem
1210 3238 1261 3267 ali-

195 3268 263 3305 quid
278 3269 316 3299 fic
330 3269 410 3298 fuerit
424 3269 649 3308 Attemptatum,
668 3279 761 3307 petere
777 3271 808 3300 δε
822 3272 950 3301 obtinere
965 3273 1203 3310 Repparationem
1215 3276 1260 3307 seu

196 3306 420 3338 Restitutionem
436 3308 680 3344 Attemptatorum
695 3309 855 3345 hujusmodi
865 3333 874 3347 ,
893 3320 991 3340 coram
1006 3310 1262 3344 Conservatoribus

197 3345 361 3388 earumdem
375 3345 555 3383 Treugarum
565 3369 574 3384 ,
590 3355 636 3376 aut
651 3346 801 3378 Gardianis
819 3347 1031 3389 Marchiarum,
1050 3360 1133 3389 prout
1144 3352 1194 3382 fibi
1201 3362 1262 3382 ma-

197 3393 239 3423 gis
254 3384 390 3413 videbitur
400 3385 537 3421 expedire.

238 3421 281 3452 Ιτ
292 3430 309 3452 Ε
320 3427 365 3458 Μ,
382 3421 400 3451 si
417 3423 500 3460 aliqui
514 3423 548 3453 de
566 3422 620 3453 una
634 3423 716 3454 Parte
731 3422 852 3462 Capiant
866 3427 980 3463 aliquod
989 3427 1167 3458 Fortalitium
1181 3428 1262 3467 super

200 3460 280 3490 aliam
296 3459 410 3491 Partem
420 3484 429 3497 ,
446 3460 521 3498 Ipse,
539 3461 620 3499 super
634 3462 667 3492 &
681 3462 807 3493 adversus
816 3473 902 3501 quem
912 3465 1072 3502 hujusmodi
1085 3465 1261 3498 Fortali'tium

199 3508 314 3537 captum
336 3499 435 3536 fuerit,
454 3501 558 3536 poterit
573 3500 637 3530 illud
656 3499 853 3539 Recuperaie,
873 3512 920 3541 per
936 3503 1021 3534 Viam
1041 3504 1137 3543 Fani,
1156 3505 1200 3535 vel
1214 3506 1263 3536 ali—

201 3545 242 3566 ter
257 3546 374 3575 quoquo
395 3538 501 3580 modo,
519 3546 602 3575 prout
624 3539 721 3580 melius
744 3542 866 3577 poterit,
883 3542 916 3572 &
937 3543 1022 3573 etiam
1044 3545 1148 3580 poterit
1164 3546 1263 3582 punire

203 3574 418 3613 Miilefactores,
439 3586 467 3605 in
483 3586 513 3606 ea
529 3585 619 3614 parte,
638 3578 794 3608 lecundum
812 3581 980 3618 exigentiam
997 3580 1103 3611 Cascis:

239 3613 275 3643 Et
287 3615 458 3644 tenebuntur
471 3613 689 3645 Conservatores
704 3615 789 3646 Partis
804 3617 890 3654 iilius,
909 3619 990 3657 cujus
1013 3619 1149 3651 Subditus
1164 3620 1264 3651 Forta-

201 3652 292 3682 litium
308 3652 465 3688 hujusmodi
481 3654 582 3691 ceperit
620 3653 787 3686 Succurrere
802 3655 943 3693 &juvare
957 3658 1064 3696 ipsum,
1082 3659 1257 3696 super&ad-

201 3691 290 3720 versus
304 3700 389 3729 quem
402 3691 561 3729 hujusmodi
584 3676 759 3722 Rortalitiuni
778 3693 902 3730 Captum
923 3696 1024 3733 fuerit,
1041 3696 1075 3727 ad
1090 3698 1099 3726 i
1122 3698 1181 3727 sum
1197 3698 1259 3728 Re-

203 3729 409 3771 cuperandum,
431 3731 516 3767 quam
535 3730 618 3760 citius
634 3730 668 3759 &
684 3732 768 3768 quarn
783 3732 940 3769 diligentius
956 3736 1078 3773 poterit,
1120 3737 1266 3773 umptibus

204 3770 286 3810 iplius
296 3766 384 3797 Partis
399 3766 600 3805 Offendenti53
618 3767 680 3805 vel,
699 3768 718 3798 si
734 3770 819 3808 magis
829 3771 981 3809 placuerit,
999 3771 1075 3812 Ipse,
1091 3773 1171 3813 super
1181 3785 1266 3813 quern

204 3805 360 3840 huiulmodi
379 3806 556 3836 Fortalitium
573 3815 685 3845 captum
703 3807 806 3843 fuerit,
825 3810 964 3846 requirere
977 3812 1125 3849 poterit&
1145 3813 1266 3843 summa-

206 3852 234 3871 re
251 3842 361 3882 Regem
379 3846 411 3875 &
428 3843 650 3875 Conservatores
662 3845 768 3876 alterius
782 3845 886 3880 Partis,
904 3850 984 3884 quod
994 3849 1042 3878 fibi
1056 3848 1151 3880 Reddi
1164 3850 1267 3882 faciant

207 3880 240 3910 ὃς
254 3880 378 3923 Restitui
391 3882 502 3912 dietum
512 3882 590 3913 suum
602 3883 781 3914 Fortalitium
790 3906 800 3922 ,
820 3885 853 3915 &
863 3884 1082 3926 Maiefaetores,
1099 3889 1119 3908 *¹
1154 3890 1182 3919 ui
1198 3889 1270 3920 For-

198 3919 326 3962 ¹talitium
343 3921 497 3957 hujusmodi
511 3923 653 3960 ceperint,
671 3923 834 3961 puniend03
853 3925 931 3962 quod
950 3925 1000 3962 ipsi
1018 3935 1070 3963 pro
1086 3935 1125 3964 po
1149 3938 1165 3957 e
1178 3927 1271 3958 facere

205 3957 239 3987 &
258 3958 420 4000 perimplere
439 3960 626 3998 tenebuntur,
652 3962 685 3992 &
709 3961 809 4000 absque
828 3961 940 4000 fraude,
959 3963 1048 4001 dolo,
1065 3973 1111 3994 aut
1130 3967 1206 3996 malo
1225 3967 1268 3997 in-

213 4004 309 4033 genio.

238 4033 283 4064 la·
295 4040 366 4072 EM,
386 4033 603 4067 Concordatum
621 4036 662 4068 est
684 4037 784 4077 quod,
802 4038 821 4069 si
835 4038 920 4076 aliqui
942 4047 976 4069 ex
991 4037 1136 4079 Vaffalli's,
1152 4041 1273 4082 Ligeis,

682 117 1484 173 CONVENTIONES‚

937 215 972 246 &
989 213 1114 246 Subditis
1135 217 1238 242 eorum
1283 204 1471 237 aut'Subditis
1485 205 1567 236 unius
1591 204 1929 244 Partiumpraedictarum
1945 203 2129 243 Deliquerint
2144 206 2172 239 in
2186 202 2352 238 Territorio
2375 199 2504 236 Ann.D.

1280 245 1390 275 alterius
1416 244 1523 282 Partis,
1547 245 1628 275 liceat
1652 243 1744 282 Parti,
1767 245 1798 274 in
1821 244 1902 283 cujus
1924 242 2074 275 Tei-fitorio
2094 245 2133 276 fic
2152 243 2222 276 Deli
2242 246 2334 277 uerint
2352 274 2362 288 ,

1559 117 1960 171 LITERAE,

1283 283 1356 321 ipsos
1371 281 1482 321 Capere
1495 283 1529 313 &
1544 282 1649 313 Punite
1661 282 1816 314 secundum
1839 282 1933 320 Leges
1954 280 2075 321 Patriae,
2094 284 2123 314 in
2142 293 2198 323 qua
2252 284 2356 324 elique-

1288 323 1361 359 rint,
1377 322 1411 352 &
1423 323 1467 352 exi
1487 322 1591 352 entiam
1607 321 1717 353 Delicti
1731 331 1780 360 per
1799 321 1874 361 ipsos
1886 319 2031 351 commiffi
2045 321 2090 352 seu
2111 324 2277 363 perpetrati:

1323 359 1353 390 Si
1367 362 1438 391 vero
1460 361 1467 389 i
1480 361 1516 390 lic
1531 360 1569 390 fic
1583 358 1670 398 Capti
1685 371 1746 391 non
1759 360 1881 397 fuerint,
1899 367 1930 402 ut
1946 361 2144 400 praemittitur,
2160 361 2205 393 sed
2227 363 2253 393 se
2269 369 2355 393 retra-

1286 399 1377 430 xerint
1394 399 1422 428 in
1446 398 1625 429 Dominium
1644 399 1727 436 ipfius
1747 398 1852 438 Regis,
1873 407 1953 435 cujus
1967 397 2030 428 sunt
2052 398 2180 439 Subditi,
2197 400 2356 432 Conserva-

1287 446 1361 468 tores
1376 436 1447 467 illius
1463 437 1551 468 Partis
1567 437 1689 474 requisiti
1710 439 1880 468 tenebuntur
1898 437 2016 468 liberare
2039 436 2174 469 Personas
2194 438 2355 479 hujusmodi

1288 475 1530 515 Malefaetorum,
1553 475 1706 514 puniendas
1724 483 1755 506 ut
1778 476 1924 514 praefertur
1937 497 1947 513 ‚
1972 475 2227 509 conservatoribus
2246 478 2355 510 alterius

1288 515 1393 552 Partis,
1411 516 1468 546 hoc
1483 515 1662 553 requirentis,
1681 513 1828 551 Deputatis
1840 515 1870 544 in
1886 514 2017 545 Marchia
2034 516 2084 546 ubi
2099 513 2294 556 Deliquerint:

1328 552 1358 583 Si
1373 555 1444 584 vero
1460 554 1545 583 iidem
1564 552 1763 584 Malefaemres
1770 553 1798 584 se
1812 553 2033 591 occultaverint,
2050 554 2236 593 latitaverint,
2253 555 2299 588 seu
2312 555 2355 586 ef-

1289 591 1432 631 fugerint,
1447 593 1484 623 ita
1507 600 1537 623 ut
1553 590 1627 630 Capi
1649 601 1709 622 non
1732 590 1852 630 possint,
1869 594 1948 629 Rex,
1964 593 2043 631 cujus
2065 592 2177 624 Subditi
2198 595 2358 632 exstiterint,

1289 630 1374 660 debet
1396 640 1444 661 eos
1463 640 1534 661 mox
1552 641 1606 670 pro
1625 637 1762 668 perpetuo
1780 629 1956 661 Forbannire
1981 632 2018 661 ab
2037 633 2172 663 omnibus
2196 632 2283 664 Locis
2301 634 2357 664 suae

1291 668 1407 700 Ditioni
1424 670 1570 708 subjectis,
1587 678 1659 709 quos
1674 678 1779 699 extunc
1796 669 1875 699 nullo
1899 678 1938 698 un
1958 678 2024 699 uam
2045 678 2175 709 tempore
2195 671 2356 710 Restituet,

1291 717 1385 746 neque
1407 709 1552 746 permittet
1573 707 1683 747 ingredi
1701 707 1747 737 vel
1775 707 1928 738 inhabitare
2002 716 2051 746 ca,
2069 718 2102 740 ut
2119 710 2284 750 praefertur,
2301 712 2358 744 suae

1290 746 1407 777 Ditioni
1425 747 1549 786 subjecta
1555 769 1566 786 ‚
1584 747 1632 777 nisi
1656 746 1855 777 Malefac'tores
1879 746 1926 786 ipsi
1949 746 2024 786 prius
2047 746 2180 780 subierint
2196 749 2359 788 Justitiam,

1291 785 1325 815 &
1341 786 1424 825 plene
1438 785 1628 817 Satisfecerint
1648 785 1726 815 alteri
1743 784 1835 823 Parti,
1852 793 1950 815 contra
1966 793 2051 823 quarn
2066 785 2103 816 fic
2118 791 2357 828 attemptaverint,

1291 823 1328 854 de
1350 824 1528 864 Attemptato
1544 823 1703 864 hujusmodi
1727 823 1783 855 sive
1806 823 1941 862 Delicto,
1964 833 2012 863 per
2032 824 2121 864 ipsos,
2140 833 2170 856 ut
2195 827 2359 867 praefertur,

1314 872 1343 893 er
1381 871 1470 894 trato:

1293 873 1312 901 P
1330 873 1385 940 Epte,
1404 901 1468 933 licet
1483 902 1580 942 aliquis
1596 901 1656 933 talis
1675 900 1850 933 Malefaetor
1866 901 1903 933 sic
1917 899 2053 932 Bannitus
2074 900 2173 941 fuerit,
2191 902 2237 934 seu
2255 902 2358 944 absque

1292 939 1459 971 Bannitione
1474 941 1528 980 fic,
1547 950 1578 972 ut
1593 941 1757 979 praefertur,
1776 939 1883 980 Captus
1900 941 2037 979 extiterit,
2056 941 2261 972 nichilominus
2280 950 2359 973 tene-

1292 978 1397 1009 buntur
1417 978 1635 1011 Conservatores
1651 978 1737 1009 Partis
1754 979 1841 1018 illius,
1860 979 1939 1009 cu'us
1952 979 2027 1010 idem
2041 979 2211 1011 Malefaetor
2224 979 2360 1011 Subditus

1292 1018 1429 1057 extiterit,
1449 1018 1611 1057 Repparare
1627 1018 1816 1057 Attemptata,
1834 1017 1870 1048 de
1931 1019 1973 1048 nis
1984 1018 2361 1059 hujusmodiMalefaetoris,

1292 1065 1427 1095 quatenus
1443 1056 1470 1088 se
1484 1057 1596 1088 extendi
1613 1065 1763 1097 poterunt:

1327 1095 1358 1125 Si
1373 1098 1444 1126 vero
1462 1095 1539 1126 idem
1554 1095 1745 1134 Malefaetor,
1763 1095 1800 1126 fic
1812 1094 1920 1133 Captus
1933 1094 1989 1126 five
2005 1093 2219 1133 Deprehensus,
2234 1106 2294 1128 non
2310 1097 2360 1128 ha-

1292 1133 1356 1164 beat
1371 1135 1400 1164 in
1416 1134 1500 1165 Bonis
1515 1134 1591 1165 unde
1603 1133 1757 1165 satisfacere
1770 1133 1875 1172 valeat,
1893 1135 1924 1163 in
1942 1133 2002 1164 hoc
2021 1131 2095 1164 Casu
2119 1143 2155 1164 eo
2175 1136 2285 1173 gravius
2301 1135 2359 1167 Pu-

1293 1174 1383 1203 nietur
1398 1174 1432 1204 ὅ(
1449 1173 1523 1204 Luet
1541 1174 1570 1204 in
1587 1172 1733 1211 Corpore:

1329 1211 1367 1241 Et
1395 1212 1556 1252 quicunque
1577 1212 1794 1242 MalefaCtorem
1817 1210 1978 1250 hujusmodi
2001 1210 2119 1242 scienter
2137 1209 2361 1252 Receptaverit,

1293 1249 1454 1289 Celaverit,
1473 1260 1519 1282 aut
1535 1249 1696 1282 Consilium
1715 1251 1739 1281 ei
1757 1250 1880 1287 dederit,
1903 1250 2062 1289 Auxilium,
2078 1249 2123 1280 seu
2146 1249 2306 1291 Favorem,
2324 1253 2360 1283 ad

1291 1290 1412 1320 eandem
1427 1290 1454 1320 in
1468 1291 1602 1320 omnibus
1619 1289 1846 1321 Satisfac'lionem
1864 1290 1898 1320 &
1914 1288 2036 1319 Poenam
2051 1289 2210 1327 tenebitur,
2227 1290 2261 1321 ad
2271 1301 2360 1328 quam

1292 1328 1498 1397 ἔερίεηξεηὲὸε
1513 1329 1684 1360 subeundam
1701 1337 1838 1360 teneretur
1854 1327 2013 1366 hujusmodi
2027 1326 2216 1365 Malefaetor,
2234 1329 2254 1359 fi
2274 1329 2359 1367 possit

1292 1376 1379 1437 appr}
1388 1377 1471 1444 gili:
1501 1404 1578 1443 uod,
1598 1406 1618 1436 fi
1637 1406 1726 1446 (quod
1742 1405 1820 1441 abiit)
1837 1405 1941 1444 aliquid
1953 1427 1962 1443 ,
1978 1406 2012 1449 in.
2034 1406 2207 1449 contrarium
2230 1405 2362 1437 Praemis-

1292 1443 1410 1483 sorum,
1429 1445 1473 1475 seu
1518 1444 1678 1476 raesentium
1693 1445 1898 1483 Treugarum,
1915 1454 1963 1474 aut
1978 1443 2093 1483 alicujus
2110 1444 2294 1484 earumdem,
2311 1455 2363 1486 per

1291 1484 1414 1514 Terram
1435 1485 1568 1523 (exceptis
1583 1484 1659 1522 prius
1675 1483 1809 1523 exceptis)
1830 1483 1886 1514 five
1901 1493 1951 1520 per
1966 1482 2063 1521 Mare,
2081 1482 2139 1514 fieri
2151 1483 2197 1514 vel
2211 1492 2360 1522 attempta-

1292 1523 1314 1552 ri
1332 1524 1499 1562 contigerit,
1518 1533 1567 1561 per
1583 1525 1641 1554 hoc
1658 1531 1752 1554 tamen
1767 1523 1912 1560 praesentes
1930 1521 2057 1560 Treugae
2073 1531 2135 1552 non
2149 1530 2249 1562 erunt,
2265 1523 2362 1554 cense-

1299 1562 1424 1600 buntur,
1443 1570 1489 1592 aut
1509 1562 1709 1599 reputabuntur
1726 1560 1850 1599 Ruptae,
1868 1560 2039 1598 Infirmatae,
2056 1561 2104 1592 vel
2122 1561 2297 1600 Adnullatae,
2314 1562 2362 1593 sed

1298 1600 1503 1631 nichilominus
1518 1601 1545 1630 iri
1563 1600 1612 1630 suo
1629 1600 1750 1630 Robore
1764 1600 1969 1639 permanebunt
1985 1599 2019 1630 &
2036 1599 2160 1638 Vigore,
2178 1609 2232 1630 nec
2239 1599 2363 1632 Guerrae

1294 1649 1348 1676 pro
1363 1649 1399 1670 eo
1413 1638 1470 1669 fieri
1487 1639 1591 1669 debent
1603 1640 1639 1668 ab
1656 1649 1710 1669 una
1727 1637 1810 1668 Parte
1824 1639 1867 1668 vel
1881 1639 1916 1668 ab
1930 1638 2030 1675 altera,
2049 1648 2104 1669 nec
2120 1638 2215 1669 Prisiae
2226 1638 2362 1671 Persona-

1295 1687 1378 1715 rum,
1397 1687 1450 1707 nec
1468 1676 1667 1708 Distrieliones
1689 1676 1746 1708 five
1760 1675 1914 1715 captiones
1935 1676 2100 1714 Bonorum,
2119 1687 2173 1708 nec
2191 1676 2364 1710 Obfidiones

1295 1715 1451 1754 Villarum,
1477 1724 1523 1746 aut
1550 1715 1716 1746 Castrorum
1731 1737 1740 1753 ,
1766 1724 1813 1746 aut
1849 1714 2074 1751 Fortalitiorurn,
2096 1724 2151 1745 nec
2176 1715 2362 1754 Homicidia,

1296 1753 1446 1793 Mutthra,
1462 1756 1548 1785 aliave
1566 1763 1765 1798 quaecunque,
1783 1754 1812 1783 in
1831 1761 2006 1783 contrarium
2026 1751 2239 1784 Praemissorum
2252 1765 2267 1784 a
2288 1765 2361 1793 quo-

1295 1804 1409 1833 cunque
1423 1802 1578 1832 attemptari
1601 1793 1655 1823 sive
1669 1792 1831 1828 committi,
1850 1791 1893 1821 sed
1911 1790 2131 1828 Reparabuntur
2151 1793 2184 1822 δε
2203 1791 2361 1830 Reponen-

1295 1841 1339 1862 tur
1354 1834 1382 1862 in
1398 1831 1507 1863 Statum
1525 1831 1672 1870 pristinum
1686 1832 1719 1862 &
1735 1831 1865 1861 debitum
1882 1829 2041 1868 Maleficia,
2061 1830 2252 1870 Attemptata,
2271 1831 2361 1862 &In-

1293 1871 1425 1911 terprisiae
1439 1870 1607 1910 hujusmodii
1620 1879 1814 1911 quaecunque,
1831 1879 1880 1907 per
1895 1868 2113 1899 Conservatores
2131 1870 2165 1900 &
2181 1867 2358 1900 Commina-

1295 1910 1350 1940 rios
1369 1910 1437 1940 illius
1454 1909 1539 1940 Partis
1559 1911 1637 1947 cujus
1658 1909 1767 1940 Subditi
1790 1912 1828 1938 lic
1851 1909 2091 1947 attemptaverint,
2108 1907 2299 1948 offenderint,
2313 1910 2360 1941 seu

1296 1948 1507 1987 malefecerint,
1526 1948 1570 1979 vel
1582 1949 1647 1979 alias
1663 1947 1819 1979 secundum
1837 1947 1960 1978 modurn
1982 1947 2103 1985 superius
2120 1948 2282 1977 recitatum:

1335 1988 1398 2027 Qii
1417 1991 1489 2019 vero
1504 1988 1701 2019 contrafecerit
1720 1986 1877 2055 §videlicew
1899 1985 2054 2017 Movendo
2065 1984 2208 2016 Guerram
2219 2009 2229 2024 ,
2244 1986 2288 2016 seu
2296 1985 2363 2017 Ob·

1295 2025 1429 2064 fidendo,
1450 2026 1635 2064 Invadendo,
1652 2035 1699 2056 aut
1731 2025 1851 2056 aciendo
1868 2023 1894 2055 V
1898 2024 1973 2063 illas,
1999 2024 2044 2055 vel
2067 2023 2224 2064 Fortalitia,
2242 2033 2288 2056 aut
2306 2024 2365 2056 Ca-

1294 2066 1401 2102 piendo
1413 2065 1582 2097 Homicidia
1600 2065 1656 2095 live
1672 2064 1819 2101 Murthra⁷
1838 2073 1952 2102 propter
1966 2062 2081 2101 aliquod
2097 2063 2308 2101 Attemptatum
2328 2073 2365 2096 ex

1295 2113 1372 2143 parte
1389 2105 1484 2142 altera,
1502 2113 1566 2141 aut,
1590 2113 1688 2144 praeter
1702 2103 1914 2135 Auetoi-itatem
1934 2103 1967 2133 &
1991 2101 2151 2132 Decretum
2174 2101 2365 2133 Conservato—

1296 2152 1377 2181 rum,
1396 2144 1528 2175 faciendo
1544 2142 1640 2173 Prisias
1655 2142 1860 2180 Personarum,
1878 2149 1925 2172 aut
1936 2140 2138 2171 Districtiones
2150 2140 2196 2172 seu
2210 2139 2368 2180 Captiones

1295 2180 1462 2221 Bonorum,
1478 2192 1514 2213 eo
1540 2182 1598 2220 ipso
1625 2181 1704 2212 cadat
1724 2192 1740 2212 a
1756 2179 1848 2211 Causa
1866 2179 1930 2218 sua,
1946 2179 1980 2210 δί
2002 2179 2206 2210 nichilominus
2229 2178 2367 2211 Punietur

1293 2221 1369 2259 juxta
1386 2220 1495 2252 Delicti
1512 2222 1552 2252 sui
1568 2221 1755 2259 exigentiam,
1772 2229 1804 2250 ac
1820 2218 2008 2262 Restituet·&
2024 2217 2198 2258 Repparabit
2211 2218 2286 2250 alteri
2297 2218 2366 2251 Par·

1297 2261 1317 2290 ti
1334 2269 1424 2290 omne
1440 2259 1508 2291 illud
1523 2261 1551 2290 in
1569 2270 1629 2298 quo
1642 2269 1705 2289 eam
1721 2257 1818 2288 laeserit
1834 2259 1867 2290 &
1882 2266 1989 2301 ceperit
2004 2258 2040 2288 ab
2051 2258 2158 2289 eadem.

1332 2297 1404 2329 Ιτε
1414 2308 1458 2338 Μ,
1476 2298 1573 2338 quod,
1594 2298 1612 2328 fi
1627 2299 1723 2336 aliquis
1741 2296 1927 2327 Subditorum
1941 2306 2022 2327 unius
2031 2296 2146 2336 Regum
2160 2296 2365 2335 praedictorum

1298 2336 1456 2369 Contrahat
1470 2338 1515 2369 vel
1531 2337 1605 2377 quafi
1618 2360 1627 2376 ‚
1640 2337 1685 2368 seu
1702 2336 1790 2366 Delin
1812 2344 1856 2366 uat
1869 2336 1913 2366 vel
1925 2335 2014 2374 quafi,
2033 2335 2102 2366 infra
2110 2335 2267 2375 Regnum,
2285 2336 2362 2367 Ter-

1297 2386 1376 2415 ram,
1395 2378 1451 2409 five
1468 2376 1643 2407 Dominium
1659 2376 1732 2406 illius
1744 2383 1778 2405 ex
1827 2375 1924 2413 egibus
1947 2375 2026 2411 cujus
2047 2373 2164 2414 quidem
2186 2373 2367 2408 Contrahens

1297 2417 1342 2447 vel
1363 2416 1540 2454 Delinquens
1555 2415 1596 2446 est
1615 2414 1765 2452 Subditus,
1789 2414 1822 2445 &c
1841 2422 1964 2452 extunc,
1982 2421 2036 2452 pro
2053 2413 2165 2444 vitanda
2186 2412 2316 2452 Justitia,
2337 2413 2366 2445 se

1295 2455 1434 2487 subtrahat
1450 2455 1483 2486 δε
1499 2453 1616 2493 effugiat
1630 2455 1658 2484 iri
1676 2454 1791 2484 Locum
1807 2461 2029 2491 quemcunque,
2046 2451 2199 2483 Subditum
2215 2452 2271 2483 five
2290 2452 2367 2483 Sub-

1294 2495 1402 2531 iectum
1414 2494 1490 2525 alteri
1509 2503 1542 2524 ex
1555 2493 1657 2524 eisdem
1674 2492 1801 2532 Regibus
1816 2491 1894 2525 cuius
1916 2490 2066 2529 subjectus
2085 2500 2148 2521 non
2168 2492 2310 2530 extiterat,
2329 2492 2363 2524 &

1296 2534 1353 2564 illic
1371 2534 1499 2564 deveniat
1515 2532 1621 2563 Homo
1641 2531 1738 2570 Ligius
1753 2529 1825 2560 illius
1843 2532 1940 2568 Regis,
1960 2529 2163 2560 nichilominus
2176 2530 2363 2569 compelletur

1296 2573 1329 2603 ad
1346 2572 1537 2603 Reddendum
1548 2594 1557 2609 ,
1575 2571 1607 2601 &
1621 2569 1850 2601 satisfaciendum
1861 2592 1870 2608 ‚
1888 2579 1921 2598 ac
1942 2567 2132 2598 Subeundum
2149 2568 2308 2606 Justitiam,
2326 2569 2364 2599 de

1298 2611 1408 2642 Debito
1421 2611 1466 2641 seu
1482 2610 1600 2641 Deiieto
1614 2609 1663 2640 suo
1684 2607 1862 2648 hujusmodi,
1879 2616 1976 2637 coram
2001 2606 2254 2649 Conservatoribus
2268 2606 2364 2637 Treu-

1295 2659 1395 2689 garum
1411 2649 1550 2688 utriusque
1566 2647 1667 2686 Partis,
1688 2657 1713 2678 ae
1735 2648 1770 2678 ue
1785 2656 1815 2677 ut
1829 2646 2017 2677 Satisfaclurus
2034 2645 2068 2674 ὃς
2083 2644 2228 2675 Subiturus
2243 2644 2364 2676 fuisletfi

1297 2688 1489 2729 pei-manlisset
1505 2688 1554 2718 sub
1580 2686 1649 2717 Fide
1669 2687 1702 2717 δε
1750 2686 1866 2725 igeantia
1881 2683 1954 2714 illius
1973 2685 2066 2721 Regis,
2087 2683 2165 2722 cujus
2188 2682 2311 2714 Terram
2330 2683 2365 2715 &

1297 2729 1472 2759 Dominium
1487 2725 1603 2765 effigit:
2166 2761 2172 2766 ·
2343 2760 2348 2766 -

1334 2768 1363 2798 Si
1379 2767 1448 2795 vero
1465 2766 1493 2794 in
1508 2765 1562 2794 sola
1578 2763 1653 2801 Fuga
1672 2761 1843 2800 persteterit,
1862 2771 1916 2792 nec
1933 2768 2027 2791 tamen
2040 2760 2185 2791 devenerit
2200 2759 2304 2791 Homo
2315 2759 2365 2790 Li-

1297 2816 1363 2845 geus
1380 2805 1449 2835 illius
1471 2802 1578 2841 Regis,
1597 2802 1624 2831 iri
1649 2803 1725 2838 cujus
1741 2801 1863 2831 Terram
1888 2799 1925 2829 fic
1941 2799 2091 2838 confugit,
2109 2808 2146 2829 eo
2162 2798 2225 2829 casu
2240 2800 2364 2829 remitte-

1296 2855 1342 2875 tur
1356 2845 1388 2875 ὃς
1410 2841 1567 2873 restituetur
1587 2840 1625 2870 illi
1647 2839 1738 2877 Parti,
1758 2840 1836 2877 cujus
1860 2838 1964 2875 Ligeus
1983 2838 2015 2868 δε
2034 2838 2170 2869 Subditus
2187 2837 2294 2876 fuerat,
2311 2846 2364 2877 pro

1294 2884 1406 2923 Justitia
1422 2882 1458 2911 de
1473 2891 1526 2918 eo,
1545 2888 1627 2917 prout
1645 2878 1694 2908 fibi
1711 2878 1867 2915 videbitur,
1888 2876 2029 2908 facienda:

1333 2922 1361 2953 Si
1376 2922 1448 2951 vero
1463 2919 1560 2957 aliquis
1575 2917 1761 2948 Subditorum
1779 2918 1859 2947 unius
1874 2914 1992 2954 Regum
2002 2914 2205 2957 praedictorum
2219 2912 2245 2944 st
2258 2913 2364 2945 subtra-

1297 2963 1346 2993 hat
1363 2961 1391 2990 in
1409 2959 1545 2997 Regnum
1559 2957 1605 2987 seu
1623 2956 1797 2986 Dominium
1814 2955 1936 2997 alteriuS,
1953 2962 2098 2991 tamquam
2111 2951 2271 2996 Fugnivus,
2289 2952 2362 2984 Pro-

1297 3001 1387 3036 ditor,
1406 3006 1452 3027 aut
1470 2996 1611 3033 Rebellis,
1630 2995 1663 3025 &
1679 2994 1784 3024 ibidem
1799 2995 1947 3030 recipiatur
1961 2992 2010 3022 sub
2026 2991 2218 3035 Affecurantia
2231 3000 2277 3022 aut
2288 2992 2363 3023 ¹¹*sal-

1298 3050 1337 3070 vo
1351 3035 1526 3072 Condqu,
1544 3037 1604 3064 Rex
1617 3033 1662 3063 ille
1700 3033 1744 3063 seu
1759 3034 1815 3069 ejus
1835 3031 2011 3067 Gardianus,
2028 3030 2058 3059 in
2075 3039 2154 3068 cujus
2175 3029 2288 3067 Regno
2311 3031 2364 3061 hu-

1294 3076 1419 3119 jusmodi
1435 3075 1578 3110 Fugitivus
1596 3072 1652 3102 five
1669 3056 1840 3102 Maiefaetor
1852 3070 1888 3100 fic
1896 3076 2053 3112 recep-tatur
2069 3069 2102 3099 δε
2118 3067 2302 3112 affecuratur,
2321 3080 2365 3100 re-

1301 3117 1412 3156 quisitus
1430 3107 1507 3150 supet
1524 3112 1581 3142 hoc
1597 3121 1646 3148 per
1663 3110 1749 3140 alium
1765 3111 1877 3146 Regem,
1892 3107 1938 3151 seu
1958 3117 2016 3151 ejus
2038 3105 2234 3151 Gardianum,
2253 3109 2362 3139 tenebi-

1299 3166 1343 3187 tur
1378 3153 1448 3184 infra
1465 3151 1658 3190 Quadraginta
1675 3148 1744 3178 Dies
1754 3148 1818 3184 post
1835 3145 2063 3184 Requifitionem
2071 3145 2231 3184 hujusmodi
2247 3146 2273 3176 se
2296 3157 2362 3177 uen-

1301 3179 1359 3226 (ες,
1371 3200 1491 3223 omnem
1509 3188 1734 3219 Affecurantiam
1748 3186 1781 3216 δε
1800 3185 1904 3215 salvum
1913 3183 2122 3222 Conductum,
2139 3183 2268 3222 hujusmo
2291 3185 2364 3216 iFu-

1299 3218 1390 3272 giti'vo
1405 3227 1572 3260 concessum
1589 3227 1738 3256 Revocare
1760 3225 1792 3254 &
1817 3223 1987 3261 Annullare,
2005 3223 2039 3254 &
2061 3221 2177 3261 Ipsum,
2193 3230 2225 3253 ut
2240 3221 2363 3261 superius

1299 3271 1340 3302 est
1356 3267 1533 3307 expressum,
1550 3265 1708 3296 Remittere
1723 3264 1757 3295 ὅ(
1773 3262 1937 3293 Destinare:
2188 3299 2194 3305 ι

1338 3309 1375 3339 Et
1388 3314 1559 3347 quamquam
1577 3304 1635 3334 talis
1649 3301 1782 3332 Proditor
1792 3310 1837 3331 aut
1855 3299 1980 3332 Rebellis
1995 3299 2107 3330 Offerat
2121 3298 2214 3338 Parti,
2231 3299 2266 3331 ad
2278 3310 2364 3340 quam

1300 3348 1389 3379 taliter
1411 3343 1590 3381 subterfugit,
1608 3341 1807 3380 juramentum
1830 3339 1985 3379 Ligeantiae
2005 3339 2051 3369 seu
2074 3337 2243 3376 Fidelitatis,
2257 3340 2286 3369 in
2307 3339 2365 3370 hoc

1301 3386 1375 3416 Casu
1384 3393 1443 3414 nori
1457 3382 1607 3419 recipietur
1617 3381 1651 3410 ad
1662 3380 1838 3419 Ligeantiam
1854 3378 2105 3421 seuJuramentum
2113 3400 2121 3414 ,
2131 3377 2275 3421 quousque
2283 3378 2366 3417 Qua-

1301 3425 1424 3463 draginta
1434 3421 1501 3452 Die3
1515 3421 1595 3458 lapfie
1609 3419 1714 3450 fuerint
1727 3417 1790 3458 post
1800 3417 1987 3448 Oblationem
2000 3415 2322 3455 hujusmodiJuramenti
2332 3417 2365 3448 &

1303 3463 1338 3493 Li
1359 3462 1457 3492 eantiae
1472 3459 1559 3491 taliter
1576 3457 1690 3489 sairam.

1338 3471 1384 3532 ἔτ
1396 3509 1415 3530 ε
1426 3507 1452 3529 M
1463 3521 1473 3536 ,
1491 3496 1586 3537 quod,
1604 3497 1641 3534 fi,
1659 3495 1842 3534 praesentibus
1861 3494 1983 3533 Treugis
2001 3493 2182 3532 durantibus,
2203 3492 2363 3524 nichilomi-

1302 3551 1353 3572 nus
1365 3539 1449 3578 aliqui
1464 3536 1649 3567 Subditorum
1666 3538 1742 3563 unius
1758 3534 1888 3563 dierorum
1899 3536 1999 3570 Regum
2012 3532 2049 3562 de
2057 3531 2136 3563 facto
2150 3530 2251 3562 vadant
2265 3532 2295 3561 in
2305 3530 2364 3574 ᾼιι-

1303 3580 1401 3610 >tilium
1420 3574 1558 3607 Hostium
1577 3574 1631 3603 five
1648 3573 1882 3603 Adversariorum
1901 3571 2013 3601 alterius
2035 3570 2148 3613 iplbrurfz
2163 3572 2280 3612 Reguni,
2297 3568 2365 3599 lice-

1302 3620 1343 3648 bit
1355 3616 1397 3646 illi
1411 3616 1476 3653 Regi
1488 3614 1521 3645 ὃς
1535 3611 1661 3643 Subditis
1676 3611 1746 3649 suis,
1762 3610 1888 3641 adversus
1902 3620 1987 3653 quem
2002 3609 2035 3640 &
2048 3611 2077 3639 in
2091 3605 2311 3646 cujusl-lothum
2318 3606 2365 3639 seu

1301 3654 1530 3687 Adversariorum
1552 3650 1696 3682 Auxilium
1718 3650 1754 3680 fic
1773 3649 1942 3686 transierint,
1958 3647 2046 3687 ipsos,
2069 3646 2179 3683 eundo,
2198 3645 2360 3683 manendo,

1308 3697 1354 3725 seu
1379 3690 1540 3727 redeunde,
1559 3688 1796 3727 Deprehendere,
1812 3687 1991 3726 praesentibus
2012 3685 2134 3724 Treugis
2153 3692 2215 3713 non
2232 3683 2382 3717 obstanti--

1304 3735 1385 3801 bquLr
1396 3777 1414 3798 E
1425 3774 1471 3805 M,
1488 3774 1518 3796 ut
1532 3764 1656 3803 Treugae
1673 3763 1817 3802 praedietae
1833 3773 1868 3793 eo
1882 3762 1987 3793 firmius
2000 3762 2034 3793 &
2049 3760 2147 3792 melius
2154 3759 2368 3804 conserventur,

1304 3819 1365 3847 quo
1379 3807 1494 3838 cuilibet
1513 3812 1548 3833 ex
1569 3802 1692 3833 Subditis
1708 3801 1836 3833 Partium
1855 3801 2072 3839 praedictarum,
2092 3807 2149 3841 cori
2172 3807 2229 3829 ueri
2249 3799 2372 3841 valenti,

1306 3847 1423 3879 liberior
1439 3851 1530 3882 pateat
1543 3842 1658 3872 facultas
1673 3840 1816 3879 Justitiam
1838 3840 1914 3871 suam
1949 3836 2131 3881 rosequendi,
2154 3876 2159 3881 .
2180 3838 2370 3870 oncordatum

1306 3886 1346 3918 est
1361 3882 1441 3923 quod
1452 3905 1461 3919 ,
1476 3882 1496 3911 si
1512 3880 1612 3919 aliquis
1626 3889 1661 3910 ex
1669 3879 1793 3910 Subditis
1806 3878 1921 3916 alicujus
1959 3884 2059 3920 artium
2073 3874 2274 3920 praedictarum
2285 3879 2368 3912 ciuic-

1309 3933 1393 3963 quam
1408 3920 1596 3958 Depraedatus
1608 3919 1692 3949 fuerit
1707 3917 1752 3948 seu
1765 3917 1983 3957 Attemptaverit
1996 3912 2067 3943 infra
2081 3912 2368 3957 MarchiasautTer-

1310 3973 1370 3993 ram
1394 3960 1502 3991 alterius
1523 3956 1632 3994 Partis,
1648 3957 1698 3994 &‚
1715 3955 1780 3993 post
1802 3951 2055 3996 Depraedationem
2079 3952 2236 3996 huiusmodi
2249 3953 2296 3986 seu
2317 3955 2370 3986 At.

1310 4007 1497 4038 temptatum,
1513 3995 1650 4035 fugiendo
1664 4001 1813 4026 revertatur
1825 3993 1854 4021 in
1866 3990 2010 4022 Marchias
2023 3989 2080 4021 five
2095 3989 2215 4021 Terram
2227 3991 2298 4024 illius
2306 3993 2374 4029 Par:-

1312 4041 1348 4073 tia
1361 4039 1440 4077 cujus
1449 4034 1491 4067 est
1503 4033 1670 4072 Subjestus,
1688 4032 1784 4064 licebit
1798 4030 1853 4068 illi,
1872 4036 1974 4061 contra
1994 4038 2083 4069 quern
2095 4030 2134 4062 fic
2149 4033 2376 4075 atto-paverit,

2350 4078 2381 4102 ln

2393 249 2477 282 1430.

2374 285 2439 310 Heri.
2457 281 2485 308 6.

2381 2997 2401 3017 *
2411 2996 2516 3032 x.486.·
