2562 4274
207 38 287 78 144
671 21 1887 74 CONVENTIONES‚L1TERAE‚

62 111 139 141 Ann.
156 110 196 142 D.
240 109 360 142 Proviso
376 110 483 148 semper
499 110 577 150 quod
593 110 643 149 ipsi
658 112 827 150 quicquam,
844 111 904 143 &c-
920 111 1056 150 quodque
1073 110 1121 149 ipsi
1145 108 1256 140 nullum
1294 105 1343 147 iit,
1360 119 1410 147 per
1429 110 1540 142 distum
1560 109 1774 142 Sereniffimum
1798 110 2049 150 Consanguineum
2070 111 2199 142 nostrum
2214 114 2355 152 Francia,
2373 110 2446 142 Anti.
2461 112 2502 144 D.

91 159 172 189 14¹9·
205 150 391 188 Castrorum,
410 150 470 180 &c.
1301 146 1501 188 Assignentur,
1516 149 1755 188 Concordentur,
1771 150 1805 181 &
1817 150 1978 181 Tradantur
1991 150 2040 188 ipsi
2055 149 2278 188 Consanguineo
2299 162 2354 182 no·
2397 161 2480 190 1419.

63 193 125 217 Hm,
145 198 173 225 5,
1302 185 1361 230 stro
1375 187 1494 226 Philippo
1512 191 1583 218 Duci
1596 188 1778 227 Burgundiae,
1795 188 1898 227 absque
1911 188 2158 220 dismembratione
2171 190 2214 219 vel
2230 190 2356 220 diminu—
2371 194 2435 218 Hen-
2454 199 2482 225 5.

1301 232 1381 269 tione
1401 224 1594 256 CORONAE
1615 227 1824 257 FRANc1AE
1840 249 1849 265 ‚
1867 227 1967 258 Terrae
1982 250 1991 265 ,
2008 226 2214 266 Poffeffiones‚
2232 228 2265 259 &
2291 227 2358 258 Do-

1301 271 1403 302 mima,
1423 273 1514 302 prope
1534 263 1655 303 Terras,
1670 265 1704 295 &
1724 264 1930 303 Poffeffiones,
1948 267 1982 297 &
2001 265 2139 296 Dominia
2153 288 2163 304 ,
2180 277 2246 304 quas
2271 266 2357 298 habet

1300 302 1334 332 &
1351 310 1426 332 tenet
1438 302 1514 332 idem
1532 301 1602 332 Dux
1619 304 1651 332 in
1666 303 1772 342 Regno
1786 303 1926 340 Franciae,
1944 304 2029 341 usque
2044 304 2078 333 ad
2100 314 2198 334 verum
2221 304 2356 335 Valorem

1300 337 1440 370 Annuum
1460 339 1569 384 Viginti
1589 340 1707 370 Milium
1729 342 1878 372 Librarum
1902 341 2119 379 Parifiensium;
2139 344 2292 374 remansura
2316 345 2356 374 ei-

1299 377 1367 408 dem
1382 377 1606 415 consanguineo
1626 378 1726 408 nostro
1744 382 1833 418 Duci,
1851 389 1966 410 necnon
1984 381 2107 418 praefatae
2126 379 2356 419 consanguineae

1300 415 1405 446 nostrae
1425 414 1583 446 conthorali
1599 415 1658 455 ficae
1671 440 1681 453 ,
1707 417 1741 447 ad
1763 426 1852 448 totam
1878 418 1975 449 Vitam
1997 428 2098 449 eorum
2113 441 2123 456 ,
2147 420 2180 450 &c
2208 420 2356 458 cujussibet

1300 455 1484 493 eorumdem,
1502 465 1536 486 ac
1549 464 1651 485 eorum
1664 453 1832 486 Haeredibus
1853 456 1986 488 Masculis
2000 459 2073 488 inter
2091 467 2139 488 eos
2157 459 2356 498 procreandis,

1336 493 1452 523 ΤΕΝΕ
1464 500 1548 523 NDA
1567 494 1583 523 a
1600 496 1669 529 Rege
1686 493 1719 523 &
1736 492 1909 526 CORONA
1929 496 2054 526 Franciae
2067 497 2095 526 in
2118 494 2245 526 Feodum
2266 498 2300 528 &
2316 498 2357 529 se-

1301 530 1428 562 cundum
1444 531 1565 561 Morem
1581 532 1615 563 &
1635 530 1877 563 Consuetudinem
1892 533 1988 571 Regni
2004 535 2130 566 Franciae
2146 534 2312 572 supradiffl,

1320 568 1375 613 'Et
1401 569 1498 608 quod,
1513 570 1592 607 super
1614 569 1718 612 eisdem
1733 593 1743 607 ,
1760 570 1860 600 dentur
1878 571 1970 602 eidem
1993 572 2071 604 Duci
2093 573 2208 603 Litterae
2227 573 2358 604 efficaces

1297 606 1366 637 dieti
1375 606 1584 647 Consanguinei
1599 607 1686 638 nostri
1694 607 1835 646 Franciae,
1852 619 1966 639 necnon
1977 611 2089 642 Litterae
2103 611 2138 641 de
2151 621 2185 649 ap
2208 612 2354 643 robatione

1299 646 1485 677 Sereniffimae
1500 646 1726 686 Consanguineae
1739 646 1841 676 nostrae
1855 646 1976 686 Isabellae
1990 648 2158 679 Conthoralis
2182 661 2222 680 uae

238 188 509 266 'IIPesckteJLfiegicgpud
525 224 732 265 Castrumfimm
749 225 907 264 Rothomagi
921 226 996 258 xxiv.
1009 225 1068 256 Die
1077 224 1261 256 Decembris.

885 304 937 333 Per
955 301 1038 343 ipfitm
1054 305 1158 339 Regem.

206 431 415 476 Confirmatio,
436 439 490 475 pro
509 431 598 461 Parte
610 430 713 474 Regis,
737 426 864 459 Foederis
881 440 950 459 oum
971 429 1054 459 Duce
1066 424 1259 472 Burgundiae,

250 492 286 512 ac
307 481 384 525 Ltgae
400 477 444 510 ad
456 475 691 523 prosequendum
710 474 896 521 Dalphinum
919 478 956 514 ὠ
980 476 1053 507 alios
1071 472 1260 508 Murdrato-

252 540 297 561 res
312 537 403 573 nuper
419 528 527 559 Ducis.

57 615 135 647 Ann.
145 612 185 643 D.
208 611 327 671 REX
346 611 477 644 universis
489 609 598 642 Christi
614 610 767 647 Fidelibus,
785 610 834 640 has
849 608 954 639 Literas
967 606 1074 638 nostras
1088 606 1261 646 inspecturis,

84 662 169 693 1419.
284 652 426 689 Salutem,
444 651 477 681 δε
491 649 593 680 eisdem
608 649 693 679 fidem
711 649 857 679 indubiam
871 647 1011 678 adhibere.
2234 673 2244 688 ²

56 698 108 722 An.
126 702 151 727 7.
242 689 323 721 Cum
334 690 445 729 pridem
461 688 616 726 (videlicet)
635 688 699 727 post
714 687 845 718 Mensem
861 685 1034 724 Septembris
1049 684 1179 716 ultimum
1189 694 1260 724 prae·
1338 685 1417 723 Qas
1435 686 1520 716 etiam
1546 685 1574 716 A
1585 694 1596 715 s
1607 694 1619 715 s
1629 694 1640 714 1
1651 692 1706 714 GN
1717 693 1816 714 Ατῑο
1828 692 1849 714 Ν
1861 694 1878 714 E
1890 693 1935 723 M,
1953 685 2175 719 Conceffionem
2194 713 2204 728 ,
2222 690 2256 720 ὃς
2277 688 2353 720 Tra-

57 737 92 760 H.
114 740 140 765 5.
203 730 317 760 teritum
335 753 344 768 ‚
368 729 439 759 inter
455 750 465 765 ‚
487 726 698 758 Sereniffimum
721 726 884 764 Principem
897 749 906 761 ,
925 723 1059 754 Karolum
1082 722 1259 764 Consangui-
1299 721 1438 754 ditionem
1459 723 1529 754 Nos
1543 748 1553 762 ,
1573 724 1783 762 quamprimum
1803 723 1838 753 ad
1857 722 1947 753 REG
1960 733 2009 754 EN
2021 734 2132 757 τῙΑΜ
2151 726 2245 766 Regni
2269 727 2355 758 Fran-

56 775 117 799 Pat.
205 776 291 799 neum
314 767 444 797 nostrum
466 766 613 803 Franciae,
636 765 669 796 &
691 764 756 795 Nos
769 787 778 801 ,
795 774 827 794 ac
849 764 917 793 inter
945 761 1014 793 Nos
1029 785 1038 801 ,
1055 763 1104 797 &,
1123 763 1259 793 illustrem
1301 762 1353 792 ciae
1377 764 1603 800 pervenerimus,
1623 761 1865 792 Confirmabimus
1889 763 1922 792 δε
1949 762 2179 802 Ratificabimus,
2195 767 2245 796 sub
2264 766 2356 797 Litte-

1300 801 1336 829 ris
1349 800 1449 831 nostris
1466 801 1643 839 Patentibus,
1661 809 1715 838 pro
1728 799 1827 830 Nobis
1842 801 1875 831 &
1894 799 2065 831 Haeredibus
2081 802 2181 832 nostris
2200 813 2248 834 IM
2258 813 2276 833 Ρ
2287 815 2304 836 E
2317 814 2356 836 R-

1302 845 1482 869 ΡΕτυυΜ

1323 876 1392 920 ,Εῃ
1411 877 1431 907 si
1452 862 1598 915 co'ntingat
1619 876 1698 915 quod
1720 876 1847 916 praefatus
1865 875 2097 916 Consanguineus
2120 877 2214 909 noster
2237 881 2358 910 Franciae

1301 913 1388 958 dietas
1406 916 1433 946 Α
1443 925 1454 946 s
1465 925 1478 945 s
1489 925 1499 945 1
1508 924 1531 945 G
1543 924 1565 946 N
1575 925 1594 945 A
1605 923 1628 944 ’r
1639 925 1649 945 i
1661 925 1681 945 ο
1692 924 1713 945 Ν
1725 925 1743 945 E
1753 924 1780 946 Μ
1794 938 1803 954 ,
1830 914 2053 947 Conceffionem
2068 939 2078 955 ,
2099 917 2132 948 δε
2154 916 2356 948 Traditionem

1302 953 1394 983 eidem
1410 957 1480 983 Duci
1494 963 1553 983 non
1566 954 1665 992 faciat,
1684 953 1770 993 Nos,
1787 955 1873 992 quam
1891 956 2016 992 primum
2037 955 2204 994 ad1C0Ro
2214 963 2236 985 N
2246 965 2265 985 Α
2276 964 2304 986 Μ
2323 956 2357 987 &

1302 994 1473 1029 Dignitatem
1487 991 1611 1029 Regalem
1627 994 1748 1021 Franciae
1769 994 1992 1032 pervenerimus,
2009 1003 2052 1024 eas
2073 994 2166 1024 eidem
2185 997 2255 1024 Duci
2272 994 2357 1025 facie-

1301 1039 1364 1060 mus
1381 1040 1429 1067 pcr
1442 1030 1562 1061 modum
1574 1030 1694 1068 superius
1708 1030 1910 1068 expressarum,

55 816 146 840 Norm.
162 816 190 841 7.
205 806 383 844 Principem,
395 804 645 843 Consanguineum
660 803 802 839 nostrum,
817 801 965 839 Philippum
981 804 1081 830 Ducem
1089 803 1147 829 Bur
1163 803 1261 840 undiae,

54 855 90 878 H.
100 857 126 884 5.
133 854 189 884 p.2-
206 846 335 875 nonnulli
350 844 502 875 Tradimus
514 842 610 872 assidui
626 842 711 872 habiti
733 841 833 870 fuerint
844 864 853 876 ,
872 841 941 869 inter
966 840 1112 876 praefatum
1162 840 1262 869 onsan-

54 898 93 916 m.
111 896 160 922 44.
224 885 338 914 uineum
351 881 482 913 nostrum
498 883 637 918 Franciae,
655 881 687 910 ὃς
703 880 780 916 Nos,
797 888 829 909 ac
845 878 940 908 inclita
956 877 1083 907 Franciae
1099 877 1132 907 ὅς
1146 876 1263 916 Angliae

237 931 322 992 {gna’
340 921 452 952 favente
468 919 600 950 Domino
613 940 622 956 ,
633 917 863 954 componendae,

267 962 322 992 tin
346 959 448 990 eisdem
472 966 556 988 certae
574 957 852 987 OBLATIONES
872 954 905 985 ὃς
924 951 1193 984 ΡετῐτῙοΝΕς
1213 963 1262 991 per

202 999 272 1031 Nos
286 999 368 1029 factae
384 997 512 1034 fuerunt,
530 1004 594 1033 quae
610 994 727 1031 praefato
740 992 959 1032 Consanguineo
973 991 1071 1022 nostro
1093 994 1163 1021 Duci
1186 995 1260 1022 Bur-

197 1038 325 1076 gundiae,
343 1035 399 1066 esse
412 1035 542 1065 videntur
559 1033 629 1063 sanae
639 1055 649 1071 ‚
667 1031 858 1069 rationabiles,
875 1040 909 1062 ac
925 1030 1021 1069 utiles,
1038 1031 1072 1062 &
1088 1030 1202 1062 tendere
1224 1030 1260 1063 ad

203 1077 317 1108 Bonum
332 1074 412 1104 Pacis
426 1072 587 1111 praedietae,

241 1114 321 1152 Qias
335 1113 422 1143 etiam
437 1111 650 1148 subsequenter,
667 1107 716 1138 sub
730 1107 812 1138 certis
825 1106 975 1145 Articulis,
993 1108 1021 1137 in
1044 1107 1148 1138 claram
1165 1106 1262 1146 Scrip-

202 1161 294 1184 turam
310 1151 450 1188 redactas,
466 1149 543 1180 idem
557 1147 789 1186 consanguineus
801 1146 897 1176 noster
914 1148 983 1175 Dux
996 1146 1159 1183 Burgundiae
1175 1154 1262 1184 gratas

202 1191 313 1222 idcirco
330 1190 426 1220 habuit
441 1189 473 1219 &
486 1195 614 1225 acceptas
635 1185 685 1216 sub
706 1184 817 1222 fori-ni,
835 1183 888 1215 suis
909 1184 1009 1215 Literis
1026 1184 1204 1223 Parentibus,
1218 1184 1262 1215 su-

200 1240 251 1270 per
266 1230 325 1260 hoc
337 1227 494 1264 confectis,
508 1226 616 1264 plenius
634 1223 802 1261 expreffiitfi,

242 1267 374 1305 Velitque
386 1265 556 1298 &intendat
573 1263 652 1294 idem
671 1261 905 1301 Confiinguineus
929 1260 1023 1292 noster
1042 1263 1112 1290 Dux
1136 1263 1263 1299 Burgun-

202 1307 272 1345 dfae,
289 1307 370 1337 omni
386 1303 432 1335 sus
445 1302 639 1342 possibilitate,
655 1300 719 1332 suos
734 1300 897 1339 impendere
911 1299 1136 1330 Sollicitudinem
1153 1300 1186 1330 ὃς
1203 1300 1259 1330 La-

201 1345 284 1376 bores
299 1367 309 1382 ,
329 1351 359 1375 ut
379 1343 527 1381 praefatum
550 1341 628 1371 Pacis
646 1339 812 1377 Negotium
829 1361 838 1376 ‚
865 1338 1017 1368 secundum
1035 1338 1126 1368 01³1„
1137 1348 1153 1368 A
1167 1347 1188 1368 τ
1201 1347 1211 1368 i
1224 1349 1261 1369 o-

204 1392 226 1414 N
240 1394 256 1415 E
269 1393 281 1414 s
297 1384 331 1413 &
349 1382 372 1413 P
382 1391 400 1413 E
411 1390 434 1412 τ
444 1389 484 1411 i·r
494 1388 565 1410 10N
578 1389 595 1410 E
605 1389 617 1410 s
643 1377 750 1408 nostras
770 1376 936 1414 supradictas
950 1401 959 1413 ‚
984 1375 1100 1407 Exitum
1123 1377 1156 1407 &
1179 1375 1260 1408 Effe-

200 1423 282 1453 &um
298 1422 424 1453 sortiatur
439 1426 583 1458 optatum,
601 1425 684 1458 prout
698 1416 839 1455 praedietis
854 1414 906 1445 suis
927 1415 1039 1447 Litteris
1061 1414 1210 1446 innotescit
1231 1426 1262 1447 e-

203 1462 339 1492 videnter.

239 1498 333 1538 Qiod
353 1507 466 1536 tamen,
483 1505 515 1528 ut
533 1505 569 1527 eo
591 1494 708 1524 celerius
726 1491 839 1522 efficere
861 1491 966 1531 valeat,
982 1490 1116 1522 desiderat
1140 1491 1208 1522 Nos
1225 1492 1258 1523 &

202 1538 292 1576 ipsum
308 1537 440 1574 Amoris,
458 1536 491 1566 &
508 1532 639 1565 Affeeifis
654 1532 762 1569 mutui,
780 1541 812 1562 ac
829 1530 956 1568 speciales
970 1530 1115 1562 Amicitiae
1130 1530 1153 1560 F
1155 1529 1261 1561 oederi-

200 1578 254 1608 bus
268 1577 394 1607 invicem
409 1574 534 1612 copulari
543 1597 553 1611 ,

236 1615 474 1684 {gsssidemione
497 1648 728 1687 praemissorum,
745 1648 779 1679 ὅ(
798 1658 834 1678 eo
858 1646 954 1686 quod,
972 1646 1010 1684 fi,
1029 1654 1171 1677 annuente
1192 1644 1257 1676 Do-

200 1693 300 1728 mino,
318 1691 435 1729 praesens
454 1690 606 1720 TraCtatus
624 1688 705 1718 Pacis
724 1687 790 1717 Fine
812 1686 966 1717 desiderato
986 1685 1187 1722 concludatur,
1206 1685 1256 1714 erit

197 1740 247 1769 per
261 1730 501 1766 Matrimonium,
517 1729 587 1758 inter
605 1726 672 1756 Nos
687 1726 720 1757 ὃ(
733 1724 895 1764 praeclaram
911 1724 1072 1755 Dominam
1092 1725 1258 1754 Katerinam

196 1769 266 1800 dicti
282 1768 494 1806 consanguinei
510 1765 596 1796 nostri
609 1768 731 1795 Franciae
744 1763 843 1793 Filiam
854 1786 863 1801 ,
881 1763 1018 1793 Sororem
1032 1761 1137 1793 inclitae
1150 1762 1257 1792 Domi-

197 1817 243 1838 nae
265 1806 409 1837 Michaelae
432 1804 614 1836 Conthoralis
632 1804 755 1837 eiusdem
776 1802 866 1833 Ducis
879 1825 888 1838 ,
914 1811 1030 1832 necnon
1051 1810 1100 1839 per
1120 1799 1255 1830 Medium

197 1845 396 1881 Matrimonii,
413 1846 483 1875 inter
499 1853 588 1874 unum
606 1851 639 1872 ex
652 1840 859 1872 Praecariffimis
875 1840 1014 1871 Fratribus
1029 1839 1130 1870 nostris
1153 1840 1186 1870 &
1209 1838 1256 1868 U-

196 1894 264 1915 nam
280 1894 315 1914 ex
332 1883 475 1914 Praeclaris
495 1882 675 1912 Dominabus
690 1880 842 1911 Sororibus
856 1878 925 1909 dieti
944 1878 1034 1908 Ducis
1049 1877 1256 1916 Contrahendi,

233 1922 281 1954 Sic
299 1923 375 1952 idem
394 1921 461 1951 Dux
477 1921 561 1951 nobis
577 1920 673 1958 frater,
690 1919 803 1955 aliisque
818 1919 898 1948 variis
923 1917 958 1947 de
978 1916 1064 1947 causis
1087 1916 1257 1947 rationabili-

196 1962 263 1998 bus,
283 1961 352 1991 Nos
370 1960 403 1990 ad
421 1961 447 1990 id
463 1959 664 1995 moventibus,
679 1957 817 1987 desideriis
835 1955 956 1993 ejusdem
971 1954 1180 1994 Consanguinei
1200 1965 1254 1985 tio-

197 1999 244 2030 stri
260 1999 352 2030 Ducis
365 1997 499 2028 benivoli
514 1995 735 2035 promptitudine
750 1995 892 2031 inclinati,

242 2038 620 2068 CoNcoRDAvrMUs
649 2044 681 2064 ac
709 2033 1031 2070 CoNVENIMth‚
1063 2030 1256 2062 Concon-

198 2085 340 2108 DAMUS
359 2086 391 2106 ac
410 2074 703 2105 CoNvENiixith
719 2096 728 2110 ,
746 2081 815 2101 cum
835 2071 939 2101 eodem
960 2069 1182 2108 Conianguineo
1201 2080 1254 2101 no-

197 2115 256 2147 stro
270 2118 362 2153 Duce,
381 2116 409 2144 in
426 2123 493 2145 eum
509 2114 557 2151 qui
573 2112 696 2150 sequitur
712 2109 858 2149 Modum,

233 2201 280 2232 IN
302 2210 320 2232 P
329 2210 351 2232 R
363 2210 375 2230 ῐ
384 2207 411 2230 Μ
422 2208 434 2230 r
447 2209 459 2230 s
470 2222 479 2238 ‚
499 2198 578 2238 quod
601 2196 724 2229 eundem
741 2194 991 2237 Consanguineum
1011 2192 1158 2232 nostrum,
1175 2194 1254 2227 velut

195 2239 448 2278 praechariffimum
473 2238 598 2268 Fratrem
619 2235 768 2273 nostrum,
789 2235 950 2272 Diligemus
972 2234 1113 2264 sinceriter
1132 2235 1165 2266 &
1184 2234 1255 2265 affe-

195 2280 295 2310 &uose
312 2278 406 2317 quoad
421 2277 537 2307 vixerit:
742 2312 747 2317 ,

234 2318 279 2348 Ac
294 2317 360 2355 sibi,
379 2326 409 2347 ut
423 2313 645 2354 praechariffimo
661 2313 748 2344 Fratri
763 2310 881 2350 nostro,
900 2310 1069 2342 Favebimus
1085 2311 1119 2343 ὃ(
1137 2310 1253 2342 Amica-

1341 1068 1386 1099 Ac
1406 1068 1541 1100 faciemus
1563 1069 1596 1099 ὃ(
1619 1068 1825 1099 Promittemus
1841 1069 1950 1108 ipsum,
1968 1070 2001 1100 δε
2016 1070 2159 1108 praefatam
2178 1069 2358 1109 Consangui·

1300 1116 1382 1138 neam
1404 1108 1530 1138 nostram
1553 1107 1758 1138 Conthoralem
1783 1107 1840 1146 ejus
1855 1129 1865 1145 ,
1889 1108 1922 1138 &
1947 1117 2048 1138 eorum
2078 1108 2214 1140 Haeredes
2235 1110 2265 1140 su
2286 1109 2357 1139 radi-

1301 1146 1381 1184 ἃος,
1400 1146 1501 1184 absque
1524 1145 1729 1183 impedimento
1751 1146 1798 1176 vel
1818 1145 2043 1176 contradictione
2063 1146 2166 1177 Nostri
2189 1147 2234 1178 vel
2286 1157 2356 1178 aere-

1299 1184 1369 1253 gum
1386 1184 1564 1223 nostrorum,
1579 1185 1699 1223 eisdem,
1717 1184 1807 1214 modo
1821 1184 1984 1223 praemiffo,
2007 1183 2167 1223 pacifice&
2183 1187 2277 1224 quiete
2290 1195 2357 1226 gau·

1320 1233 1375 1253 ese.

1338 1260 1465 1299 ITEM,
1484 1260 1786 1292 CoNcoRDATu
1798 1268 1823 1290 M
1842 1260 1901 1299 est,
1919 1261 1991 1292 inter
2007 1263 2066 1291 Nos
2084 1261 2118 1293 &
2132 1261 2279 1300 praefatum
2294 1265 2356 1292 Du·

1300 1309 1369 1337 cem,
1388 1301 1482 1338 quod,
1503 1300 1521 1329 si
1541 1300 1638 1338 aliquis
1657 1300 1740 1338 alius,
1759 1299 1792 1329 ea
1815 1299 1851 1329 de
1875 1299 1957 1331 causa
1978 1299 2057 1338 quod
2076 1299 2185 1331 duxerit
2207 1300 2306 1330 Filiam
2319 1301 2356 1332 de

1301 1337 1406 1369 Domo
1420 1338 1557 1376 Franciae,
1575 1340 1620 1368 vel
1635 1338 1687 1369 alia
1701 1339 1866 1375 occasione,
1884 1340 1975 1376 exigat
1988 1348 2034 1369 aut
2050 1348 2142 1376 petat,
2162 1340 2190 1369 iri
2207 1340 2355 1378 futurum,

1301 1377 1379 1414 quod
1395 1377 1485 1415 aliqua
1505 1377 1552 1407 As
1562 1386 1573 1407 s
1583 1386 1595 1406 i
1605 1386 1626 1407 G
1637 1385 1658 1406 N
1670 1386 1770 1407 Ατιο
1791 1376 1962 1416 Terrarum,
1982 1376 2206 1414 Dominiorum,
2226 1377 2271 1409 seu
2287 1377 2358 1408 Pos-

1300 1415 1452 1458 seffionum
1475 1414 1634 1453 Regiorum
1658 1416 1707 1446 sibi
1732 1415 1795 1453 fiat,
1807 1413 1942 1454 praefatus
1963 1418 2032 1446 Dux
2056 1415 2152 1446 Nobis
2167 1439 2177 1454 ,
2196 1425 2249 1453 pro
2272 1415 2359 1447 Poffe

1297 1453 1364 1492 suo,
1382 1458 1401 1484 11
1421 1454 1499 1491 super
1521 1456 1577 1484 lioc
1596 1463 1646 1492 per
1670 1453 1736 1484 Nos
1757 1453 1840 1484 fuerit
1862 1453 2020 1492 requisitus,
2038 1455 2230 1492 auxiliabitur,
2248 1455 2282 1486 &
2295 1454 2359 1486 affi-

1300 1491 1370 1529 stet,
1385 1502 1418 1523 ac
1430 1492 1539 1530 juvabit
1551 1491 1681 1523 adversus
1696 1492 1864 1523 Petitionem
1882 1492 2058 1531 hujusmodi,
2076 1494 2110 1525 ὃ(
2127 1493 2161 1523 ad
2182 1502 2244 1524 mm
2265 1494 2357 1532 impe-

1297 1530 1448 1569 diendam,
1464 1540 1496 1560 ac
1516 1532 1535 1550 *ὅ
1553 1531 1737 1561 Temeritates
1757 1531 1789 1560 δε
1815 1530 1936 1561 Malitias
1958 1531 1995 1561 sic
2015 1531 2174 1562 Petentium
2191 1554 2201 1570 ,
2228 1532 2247 1562 si
2270 1542 2356 1571 quas,
2371 1531 2390 1550 *¹
2410 1532 2464 1561 IX.

2370 1571 2435 1606 827.

1299 1569 1351 1599 hac
1368 1570 1403 1599 de
1417 1568 1511 1608 causa,
1530 1578 1629 1600 contra
1642 1569 1709 1600 Nos
1724 1569 1876 1599 machinari
1888 1579 2028 1600 conentur
2043 1570 2087 1600 seu
2103 1570 2208 1600 moliri.

1335 1644 1413 1688 Quae
1427 1645 1525 1675 omnia
1539 1644 1572 1676 &
1589 1644 1692 1682 singula
1706 1644 1883 1683 suprascripta
1892 1667 1903 1682 ,
1917 1644 1969 1675 hiis
1982 1645 2160 1684 praesentibus
2175 1646 2287 1676 Litteris
2297 1656 2351 1678 no-

1296 1682 1357 1713 stris
1375 1693 1508 1727 contenta
1523 1706 1532 1721 ,
1554 1692 1689 1721 quatenus
1715 1683 1783 1713 Nos
1803 1684 1835 1714 &
1860 1683 1972 1714 Partem
1998 1684 2123 1714 nostram
2146 1694 2326 1716 concernunt
2342 1709 2353 1724 ,

1296 1721 1365 1752 Nos
1382 1722 1546 1760 impleturos
1560 1731 1592 1753 ac
1606 1722 1799 1752 observaturos
1816 1721 2013 1752 Promittimus
2026 1723 2056 1753 in
2076 1722 2175 1752 Verbo
2188 1722 2301 1762 Regio,
2318 1725 2353 1756 ὃς

1295 1759 1373 1829 guod
1389 1770 1447 1790 non
1461 1761 1608 1791 veniemus
1623 1762 1650 1789 in
1662 1762 1831 1806 contrarium
1851 1769 1952 1790 eorum
1967 1761 2012 1790 vel
2028 1761 2143 1803 alicujus
2161 1761 2350 1800 eorumdem3

1297 1846 1308 1869 t
1311 1799 1460 1868 :3133th
1464 1799 1590 1867 npraesens
1609 1798 1690 1829 Pacis
1705 1798 1855 1829 Tractatus
1872 1797 1983 1829 finalem
2000 1800 2034 1830 &
2058 1798 2241 1830 deuderatum
2258 1799 2353 1831 sortia-

1332 1875 1366 1906 In
1384 1886 1507 1915 quorum
1526 1876 1659 1906 omnium
1682 1876 1715 1906 &
1738 1874 1913 1914 fingulorum
1929 1874 2015 1906 fidem
2040 1875 2074 1906 δε
2091 1874 2286 1906 testimonium
2304 1875 2354 1906 has

1298 1915 1418 1958 Litteras
1436 1915 1541 1946 nostras
1557 1915 1607 1945 sub
1620 1913 1723 1953 Magni
1737 1914 1825 1953 Sigilli
1841 1913 1928 1944 nostri
1942 1914 2113 1952 appensione
2127 1914 2247 1945 fecimus
2269 1924 2354 1945 com-

1296 1962 1410 1984 muniri.

1329 1990 1417 2024 Teste
1432 1991 1539 2030 meipso
1555 1990 1628 2030 apud
1643 1990 1765 2032 Castrum
1779 1989 1983 2030 Rothomagenfi
2001 2000 2065 2023 xxv.
2081 1990 2127 2021 die
2146 1990 2329 2022 Decembris.

1976 2070 2030 2098 Per
2044 2068 2127 2109 ipficm
2144 2071 2249 2107 Regem.

1293 2208 1525 2255 lustramentum
1542 2208 1805 2244 Ambaxiatorum
1823 2208 1998 2256 Burgundiae
2007 2208 2099 2256 staper
2122 2207 2355 2253 Confoedtratio-

1716 2270 1752 2291 ne
1768 2260 1920 2304 premiſja.

1377 2344 1565 2420 oliorum,
1581 2381 1770 2428 Permissione
1788 2380 1894 2425 Divitis
1906 2404 1915 2420 ,
1930 2380 2070 2422 Epifiopus
2084 2380 2272 2426 Arelatensis,
2282 2381 2349 2411 Phi·
2368 2349 2442 2428 Ag}
2450 2348 2496 2427 ξ’

1291 2424 1374 2462 lippus
1390 2423 1422 2452 de
1440 2422 1589 2452 Morviller
1625 2422 1737 2452 Primus
1751 2420 1904 2465 Praelidens
1917 2420 2348 2464 Parliamenti,TheobaldusDo-
2364 2431 2417 2456 An,
2432 2437 2461 2463 7,

1291 2466 1376 2492 minus
1393 2461 1425 2490 de
1441 2462 1526 2490 Novo
1543 2464 1583 2490 Ca
1607 2472 1637 2491 ro
1660 2460 1786 2504 Magnus
1810 2458 1944 2497 Magister
1968 2459 2092 2495 Hospitii
2113 2458 2284 2490 Sereniffimi
2306 2467 2346 2489 at·
2366 2471 2401 2494 H.
2416 2475 2446 2502 5,

1293 2511 1349 2538 que
1370 2499 1598 2530 Christianiffimi
1618 2499 1713 2530 Princi
1735 2509 1755 2529 is
1775 2500 1808 2530 &
1836 2497 1960 2527 Domini
1986 2497 2072 2527 nostri
2094 2496 2320 2528 Metuendiffimi
2334 2518 2346 2534 ,
2366 2509 2403 2532 Ex
2417 2509 2478 2533 Au-

195 2356 305 2386 bimur:

234 2394 253 2413 *
272 2394 311 2425 Et
332 2393 437 2431 ipsum,
455 2402 487 2423 ac
513 2391 632 2427 Terras,
651 2389 772 2427 Patrias,
791 2388 824 2419 &
848 2387 988 2418 Dominia
1010 2387 1054 2418 sua
1068 2411 1078 2426 ‚
1096 2397 1149 2426 pro
1166 2385 1252 2418 Posse

195 2432 295 2462 nostro
313 2454 321 2469 ,
337 2431 574 2461 conservabimus
588 2451 598 2467 ,
616 2429 777 2459 Tuebimur
792 2449 801 2465 ‚
820 2428 853 2458 Sc
880 2426 1131 2457 manutenebimus
1154 2427 1182 2457 in
1201 2427 1252 2457 suis

190 2470 322 2509 Juribus,
339 2469 545 2507 PraerogativiS,
565 2468 598 2498 ὃς
612 2466 831 2497 Praeeminentiis
847 2464 991 2495 universis:

233 2508 330 2544 anue
345 2506 562 2537 procurabimus
579 2516 641 2543 quae
655 2505 748 2535 eidem
761 2503 981 2541 Consanguineo
1004 2503 1104 2534 nostro
1126 2502 1184 2534 esse
1205 2513 1253 2534 va-

45 2403 64 2422 ⁸
86 2406 138 2433 IX.

45 2443 110 2470 826.

192 2546 266 2578 leant
280 2547 314 2577 &
327 2546 427 2575 cedere
440 2545 474 2575 ad
487 2543 687 2574 Commodum
703 2544 736 2573 &
753 2541 927 2578 Honorem,

234 2585 310 2615 Statu
327 2583 452 2613 Coronae
469 2582 613 2619 Francize,
631 2580 862 2649 acCluramentiQ
881 2588 929 2617 per
950 2577 1018 2609 Nos
1036 2578 1214 2618 praestandis,
1232 2579 1251 2610 si

197 2625 231 2655 ὅ(
250 2622 381 2661 quandO,
400 2620 507 2652 Divini
527 2621 639 2650 favente
693 2618 822 2648 lenientis
838 2640 847 2655 ,
862 2617 895 2647 ad
916 2617 972 2647 RE
983 2626 1005 2646 G
1017 2625 1061 2647 1M
1072 2627 1090 2648 ε
1102 2626 1125 2648 Ν
1143 2617 1254 2657 Reipu-

199 2662 283 2692 blicae
300 2660 396 2697 Regni
418 2660 561 2695 anciae,
579 2668 611 2688 ac
625 2657 660 2688 ad
678 2657 735 2687 Co
745 2666 767 2686 R
779 2666 798 2685 o
808 2664 830 2685 N
841 2665 861 2685 A
872 2663 898 2685 M
917 2655 1054 2694 ejusdem,
1074 2656 1142 2686 Nos
1152 2656 1253 2686 admit-

198 2701 218 2731 ti
237 2700 270 2730 &
286 2699 430 2739 pervenire
445 2698 615 2736 contigerit,
630 2697 660 2726 in
673 2696 805 2726 omnibus
819 2694 926 2731 semper
942 2693 1036 2724 Salvis.

192 2767 195 2768 .
235 2737 249 2768 Ι
257 2746 280 2767 τ
289 2747 306 2768 ε
317 2745 344 2767 Μ
353 2760 362 2775 ,
379 2736 457 2775 quod
470 2736 547 2766 idern
562 2734 791 2773 Consanguineus
801 2733 885 2772 noster
898 2735 966 2762 Dux
979 2731 1013 2762 Ν
1015 2742 1048 2763 os
1064 2731 1144 2763 simili
1161 2733 1254 2764 modo

198 2775 339 2807 sinceriter
355 2777 388 2807 &
405 2774 561 2805 affectuose
578 2773 702 2812 Diliget:

235 2813 273 2845 Et
291 2813 388 2844 Nobis
402 2814 504 2844 favebit
517 2823 549 2843 ac
564 2812 743 2842 amicabitur:

235 2852 274 2883 Et
298 2852 384 2890 Nos,
401 2852 536 2891 Regnum
552 2874 562 2889 ,
578 2851 700 2887 Terras,
719 2848 839 2886 patrias,
859 2857 892 2878 ac
915 2847 1055 2879 Dominia
1070 2846 1178 2885 nostra,
1197 2858 1250 2886 pro

197 2891 278 2929 poffe
299 2890 366 2929 suo,
381 2890 556 2921 conservabit
571 2912 581 2927 ,
599 2889 720 2920 tuebitur
732 2910 742 2926 ‚
760 2887 793 2918 &
815 2886 1007 2918 manutenebit
1031 2887 1060 2916 in
1080 2886 1197 2917 Nostris
1219 2888 1252 2918 δε

199 2938 301 2961 eorum
312 2929 443 2966 Juribus,
459 2927 652 2966 Praerogativis
663 2950 673 2965 ,
690 2928 722 2958 &
737 2925 957 2956 Praeeminentiis
972 2923 1135 2962 Universis,

235 2968 332 3005 anue
346 2966 512 2997 Procurabit
527 2976 591 3004 qiiae
607 2965 705 2996 Nobis
717 2963 773 2995 eise
792 2964 899 2996 valeant
925 2965 958 2996 &
980 2963 1080 2995 cedere
1102 2963 1137 2994 ad
1157 2962 1255 2995 Com-

199 3006 321 3038 modum
335 3007 369 3037 &
388 3005 551 3035 Honorem.

236 3044 308 3075 ITE
321 3052 366 3081 M,
383 3042 461 3081 quod
484 3042 636 3073 efficaciter
656 3042 690 3072 δε
712 3040 859 3077 diligenter
880 3040 1066 3071 laborabimus
1080 3040 1113 3070 &
1128 3039 1255 3070 intende-

201 3092 265 3113 mus
275 3107 285 3120 ,
302 3082 445 3112 Omnibus
462 3082 514 3111 viis
528 3081 560 3111 &
575 3080 684 3117 modis,
702 3079 780 3117 quod
796 3078 908 3109 Punitio
920 3079 1060 3118 condigna
1080 3077 1125 3109 fiat
1137 3079 1179 3109 'de
1194 3081 1255 3108 Ka-

200 3121 255 3150 rolo
269 3120 402 3158 Delphina
416 3119 576 3159 Viennensi,
594 3120 627 3149 &
643 3118 693 3148 suis
715 3117 928 3156 complicibus,
947 3117 1141 3153 Culpabilibus
1168 3117 1253 3147 Atro-

200 3160 240 3189 cis
261 3158 423 3189 Homicidii
445 3159 473 3188 in
496 3157 665 3194 Personam,
684 3155 794 3185 illustris
813 3156 950 3192 Principis
967 3155 1111 3192 defuncti,
1130 3154 1255 3185 Domini

200 3196 354 3236 Jolmnnis,
372 3197 498 3227 ultimate
514 3198 597 3225 Ducis
614 3194 794 3232 Bur-gmidiae,
813 3195 968 3232 perpetrati.

239 3235 284 3265 IT
296 3244 313 3265 E
323 3244 368 3272 M,
383 3235 478 3272 quod,
497 3234 516 3264 si
530 3234 677 3269 contingat
702 3232 812 3262 dictum
833 3231 964 3262 Karolum
985 3230 1148 3269 Dolphinum
1167 3230 1254 3262 Vien-

200 3283 265 3311 nae,
289 3281 336 3303 aut
360 3273 557 3310 quoscumque
578 3272 645 3301 alios
660 3295 669 3308 ,
695 3270 818 3307 praedisti
838 3269 997 3300 Homicidii
1018 3269 1168 3307 culpabiles
1181 3292 1190 3307 ‚
1218 3268 1251 3298 ad

200 3321 301 3343 manus
315 3309 420 3340 nostras
432 3319 477 3340 aut
492 3310 672 3347 nostrorum,
690 3318 738 3346 per
756 3308 913 3345 Guerram,
932 3316 977 3337 aut
998 3307 1053 3337 alio
1071 3306 1160 3336 modo
1183 3317 1255 3345 quo-

202 3358 346 3387 cumque,
361 3348 492 3380 devenire
503 3371 512 3385 ,
531 3347 606 3378 nulla
624 3347 837 3382 Redemptione
849 3346 892 3376 seu
907 3344 1083 3375 Remiffione
1095 3345 1255 3375 liberabun-

200 3397 246 3419 tur
259 3387 361 3425 absque
375 3387 479 3416 assensu
494 3387 564 3417 dicti
579 3385 788 3423 Consanguinci
805 3384 893 3414 nostri
914 3387 997 3413 Ducis
1016 3383 1198 3421 Burgundiae3
1216 3383 1254 3413 set

201 3426 279 3456 salvo
293 3426 327 3457 &
343 3425 456 3462 secure,
471 3425 545 3462 juxta
558 3424 661 3462 Posse,
679 3423 860 3453 servabuntur
874 3422 1019 3460 quousque
1026 3422 1062 3451 de
1075 3423 1112 3451 eis
1127 3421 1172 3451 fiat
1179 3421 1256 3459 quod

197 3464 309 3503 Justitia
324 3464 411 3500 exigit
424 3464 457 3493 ὅ(
471 3464 592 3500 requirit.

237 3502 249 3532 I
261 3511 283 3532 τ
295 3511 313 3532 E
327 3510 352 3531 Μ
363 3524 372 3539 ,
391 3501 632 3537 contemplatione
645 3499 778 3529 Personat
798 3498 938 3538 praeclarae
961 3497 1189 3535 Consanguinene
1203 3507 1256 3527 no-

202 3540 265 3570 strae
284 3540 428 3570 Michaelae
446 3538 615 3568 Conthoralis
627 3537 818 3577 Confitnguinei
833 3537 913 3577 nostri
928 3540 1027 3574 Ducis,
1045 3546 1159 3567 necnon
1172 3534 1256 3565 Con-

202 3579 367 3610 sideratione
384 3577 615 3613 Praemissorum,
633 3577 666 3606 Sc
681 3579 753 3606 inter
766 3577 834 3612 alia,
851 3574 971 3605 affectus
986 3576 1054 3605 illius
1067 3584 1154 3613 quem
1164 3573 1253 3611 ipsum

202 3617 449 3657 Consanguineum
474 3614 604 3645 nostrum
622 3617 722 3643 Ducem
744 3614 846 3644 habere
867 3614 1063 3650 perpendimus
1082 3613 1117 3643 ad
1140 3612 1254 3643 Bonum

202 3656 322 3692 praefatae
339 3655 436 3693 Pacis,
453 3664 486 3684 ac
499 3653 648 3684 occasione
662 3651 833 3689 Sumptuum
849 3651 1077 3686 &Expensarum
1092 3650 1256 3689 grandium,

205 3703 276 3731 quos
297 3694 371 3724 idem
390 3693 624 3729 Consanguineus
641 3689 735 3720 noster
759 3689 894 3727 impendit
911 3689 944 3719 &
963 3689 1121 3726 impendet,
1138 3699 1171 3720 ac
1192 3688 1257 3718 Dis-

204 3732 358 3762 criminum
380 3732 413 3763 &
437 3731 583 3762 Laborum
593 3753 603 3767 7
619 3729 720 3767 quibus
734 3727 761 3757 se
775 3729 806 3758 ὃς
822 3727 883 3757 suos
898 3727 1022 3766 exposuit
1038 3729 1067 3757 in
1080 3727 1158 3758 ἀίἇὶο
1176 3727 1256 3757 Pacis

205 3768 355 3808 Negotio,
373 3779 403 3800 ut
424 3770 514 3807 ipsum
537 3768 650 3799 felicem
665 3768 699 3799 &
715 3767 847 3797 votivum
868 3765 994 3796 sortiatur
1014 3765 1166 3803 effectum,
1183 3766 1258 3795 aliis-

205 3817 261 3844 que
277 3807 312 3838 de
325 3807 409 3837 causis
421 3807 641 3843 rationabilibus,
659 3805 727 3835 Nos
746 3805 776 3834 in
790 3803 821 3847 ea
842 3813 916 3841 parte
937 3805 1136 3842 moventibus,
1152 3803 1208 3833 Co
1218 3812 1256 3833 Ν-

204 3855 220 3874 c
231 3854 285 3875 css
295 3855 305 3874 1
317 3854 344 3875 M
353 3855 375 3876 υ
385 3855 397 3875 s
423 3846 456 3876 &
484 3845 507 3875 P
517 3853 602 3875 RoM
611 3854 623 3875 1
633 3854 645 3874 s
655 3853 666 3874 1
676 3852 704 3874 M
713 3852 735 3874 u
747 3852 760 3873 s
786 3841 878 3872 eidem
905 3840 1126 3878 Consanguineo
1157 3841 1256 3871 nostro

204 3885 292 3918 Duri,
313 3893 345 3913 ac
362 3883 639 3914 CONCEDIMUS
664 3883 697 3913 ὅς
722 3882 1056 3917 PROMITTIMUS,
1079 3879 1157 3916 quod
1177 3879 1256 3910 dabi-

205 3930 268 3951 mus
284 3921 527 3959 &impendemus
540 3930 675 3960 operam,
693 3919 865 3959 diligentiam
880 3918 1009 3949 solertem
1022 3918 1257 3957 &affedkuosarm

1294 2538 1419 2570 Domini
1434 2537 1531 2568 Karoli
1540 2560 1550 2575 ,
1568 2537 1625 2568 Dei
1639 2539 1745 2575 gratia,
1763 2539 1923 2566 Francorum
1934 2533 2211 2573 Regis,Guillebertus
2226 2535 2258 2564 de
2267 2538 2348 2565 Lan-
2361 2551 2427 2580 mgr,

1294 2589 1526 2645 noydommiffarii
1548 2615 1582 2644 ad
1599 2614 1771 2657 infrascripta
1795 2611 1907 2641 illustris
1928 2611 2065 2649 Principis
2086 2610 2210 2642 Domini
2233 2609 2348 2649 Philippi
2361 2585 2465 2649 ἒίηέῃ

1379 2576 1505 2613 Milites,
1525 2577 1558 2606 &
1571 2579 1659 2605 Simon
1674 2576 1707 2605 de
1721 2573 1862 2604 For-melles
1877 2574 1990 2609 Legum
2005 2572 2121 2602 DoCtor
2130 2597 2141 2611 .,

1291 2657 1372 2684 Ducis
1398 2652 1561 2689 Burgundiae
1573 2674 1583 2688 ,
1601 2651 1727 2682 Comitis
1749 2650 1887 2681 Flandriae
1900 2674 1911 2687 ,
1939 2649 2060 2680 Artheiii
2078 2672 2089 2687 ‚
2111 2650 2145 2681 ὃς
2163 2649 2350 2688 Burgundiae,

1293 2692 1426 2729 Palatini,
1444 2691 1568 2720 Domini
1582 2689 1617 2721 de
1633 2690 1730 2720 Salinis
1746 2689 1779 2719 &
1801 2688 1837 2719 de
1858 2687 2032 2726 Machlinii,
2048 2697 2133 2725 prout
2154 2698 2203 2726 per
2225 2687 2349 2726 eiusdem

1292 2729 1425 2760 Binarum
1442 2728 1688 2759 Commiffionum
1702 2728 1820 2757 Litteras
1839 2727 1932 2763 potest
1947 2735 2097 2765 appatere,

1330 2769 1463 2807 Qiarum
1476 2768 1607 2798 Tenores
1621 2766 1770 2806 sequuntur
1785 2766 1814 2796 in
1827 2766 1904 2797 hunc
1920 2765 2043 2796 moduni
2053 2788 2064 2803 ,

1293 2844 1463 2906 PHilippus
1480 2847 1548 2875 Dux
1571 2842 1751 2881 Burgundiae,
1768 2841 1878 2873 Comes
1897 2841 2053 2879 Flandriae,
2072 2839 2210 2878 Arthefii,
2226 2840 2260 2871 &
2281 2840 2351 2872 Bur-

1358 2884 1488 2923 gundiae,
1505 2882 1644 2914 Palatinus
1659 2906 1668 2920 ,
1687 2881 1831 2912 Dominus
1851 2880 1887 2911 de
1909 2880 2007 2911 Salinis
2032 2888 2066 2910 ac
2090 2878 2266 2917 Machlinia‚
2285 2881 2349 2911 uni-

1293 2922 1391 2960 versis,
1409 2922 1442 2952 ad
1464 2932 1534 2960 quos
1556 2920 1703 2959 praesentes
1726 2920 1840 2951 Litterae
1865 2919 2058 2959 pervenerint,
2075 2916 2220 2956 Salutem,
2235 2918 2269 2950 &
2286 2927 2367 2959 ante,

1293 2962 1391 2991 omnia
1404 2961 1431 2990 in
1449 2960 1531 2991 Pacis
1546 2960 1674 2990 Au&ore
1687 2967 1814 2990 mutuam
1836 2958 1979 2989 caritatem
1993 2955 2114 2994 adipisci.

1332 2999 1408 3037 Qia
1430 2998 1610 3030 summonere
1627 2998 1660 3028 ad
1684 3007 1716 3028 ea
1738 3006 1802 3035 quae
1822 2996 1883 3026 suut
1905 2994 1985 3025 Pacis
2000 2995 2033 3025 &
2051 2994 2213 3033 Amicitiae,
2230 2994 2348 3033 vestigia

1292 3036 1534 3068 Praedecessorum
1548 3036 1710 3067 nostrorum
1726 3033 1880 3070 imitando,
1898 3043 1996 3064 curam
2010 3035 2132 3071 gerimus
2145 3034 2348 3072 vigilanter,ut

1293 3086 1329 3145 go
1345 3075 1443 3106 Patriae
1456 3077 1489 3108 ὃ(
1505 3075 1617 3106 Subditi
1631 3074 1720 3105 nostri
1736 3072 1856 3103 securius
1869 3073 1900 3102 in
1915 3071 2116 3110 transquillitate
2125 3071 2277 3103 consistere
2283 3071 2349 3111 pos-

1306 3124 1346 3146 int
1359 3116 1391 3146 &
1411 3124 1522 3144 manere

1330 3152 1410 3183 Hinc
1423 3152 1464 3182 est
1477 3137 1555 3189 quo'd
1571 3150 1639 3180 Nos
1650 3148 1852 3187 affeetionem,
1867 3158 1952 3187 quam
1976 3149 2163 3186 concepimus
2186 3147 2346 3186 praecariff-

1294 3201 1393 3229 mum,
1410 3191 1496 3220 bonae
1512 3190 1660 3219 memoriae
1694 3188 1859 3219 Dominum
1875 3188 1908 3218 &
1923 3187 2094 3218 Genitorem
2109 3186 2238 3218 nostrum
2255 3187 2347 3225 (cujus

1292 3230 1408 3259 Animae
1424 3228 1502 3273 Deus
1518 3228 1620 3265 parcat)
1637 3212 1690 3264 ad,
1707 3225 1918 3273 Illunstriffimum
1941 3227 1974 3256 &
1999 3225 2210 3269 Praepotentem
2231 3224 2347 3255 Princi-

1293 3276 1381 3335 iffi}
1397 3262 2345 3342 Zssssffi'im'iegiss&5²ssss&less{335353‘5'32..2¹3-

1293 3352 1418 3412 fnentare
1433 3344 1534 3373 mentis
1551 3342 1685 3374 desiderio
1700 3344 1862 3381 cupientes,
1879 3342 1912 3372 ὅτ
1923 3342 2042 3373 eandem
2061 3340 2258 3372 inviolabiliter
2271 3348 2344 3370 con-

1305 3391 1401 3414 ervare

1332 3405 1484 3450 Plena'riam
1499 3419 1532 3450 ὅ(
1549 3418 1711 3456 indubiam,
1729 3420 1757 3449 in
1769 3418 1822 3449 hac
1834 3426 1928 3457 parte,
1946 3417 2146 3450 confidentiam
2159 3424 2285 3456 gerentes
2305 3413 2343 3444 de

1294 3458 1387 3495 sensu,
1405 3457 1564 3496 prudentia,
1583 3458 1719 3493 legalitate
1735 3480 1744 3496 ,
1762 3458 1795 3488 δε
1816 3456 1948 3488 fidelitate
1959 3480 1970 3496 ,
1988 3456 2150 3488 Reverendi
2171 3456 2201 3484 in
2223 3451 2343 3483 Christo

1294 3496 1396 3534 Patris,
1414 3499 1536 3525 Martini
1553 3495 1672 3564 EPffOPi
1695 3494 1883 3536 Arelatenfis,
1901 3496 1951 3532 &,
1970 3494 2125 3525 Nobilium
2143 3493 2177 3523 &
2195 3490 2343 3522 Discreto-

1295 3545 1358 3565 rum
1379 3534 1534 3572 Virorum,
1551 3534 1592 3572 Jo
1613 3537 1692 3564 annis
1713 3537 1824 3564 Domini
1842 3534 1875 3564 de
1895 3531 2083 3569 Thoulongnon
2095 3555 2105 3569 ‚
2132 3528 2292 3560 Guilleberti
2310 3529 2343 3559 de

1295 3576 1409 3614 Lannoy
1419 3596 1429 3610 ,
1449 3571 1576 3602 Militum
1587 3595 1597 3610 ,
1616 3572 1745 3612 Magistri
1761 3575 1872 3602 Simonis
1885 3572 1916 3601 de
1930 3569 2054 3602 Formelis
2070 3569 2182 3608 Legum
2196 3567 2346 3606 Dostoris,

1294 3614 1404 3642 Henrici
1420 3611 1452 3640 de
1466 3609 1603 3649 Chaufour
1619 3611 1767 3648 Scutiferi,
1785 3609 2038 3645 Consiliariorum,
2055 3608 2089 3638 &
2103 3609 2208 3645 Georgii
2220 3605 2345 3646 d’ostm-

1293 3651 1326 3679 de
1342 3650 1501 3686 Secretarii,
1521 3649 1681 3679 nostrorum
1696 3649 1878 3680 Dilectorum
1898 3648 1930 3678 &
1948 3646 2104 3682 Fidelium,

1332 3687 1416 3725 Ipsis,
1434 3687 1586 3725 Qinque,
1605 3688 1757 3726 Quatuor,
1773 3695 1819 3717 aut
1831 3685 1939 3716 Tribus
1953 3683 2109 3728 eorundem
2124 3683 2272 3722 plenariam
2296 3683 2346 3715 da-

1296 3736 1358 3756 mus
1379 3725 1551 3756 Potestatem
1575 3726 1608 3755 ad
1631 3726 1827 3756 Tractandum
1875 3722 2116 3753 Conveniendum
2131 3745 2142 3761 ,
2169 3722 2203 3752 &
2216 3721 2349 3752 Conclu-

1295 3764 1422 3794 dendum
1447 3773 1515 3793 cum
1537 3764 1616 3795 dieto
1639 3763 1822 3795 Illustriffimo
1843 3746 1929 3797 Rege
1972 3760 2005 3790 &
2030 3759 2128 3804 nostro
2146 3759 2348 3798 praecariffimo

1296 3801 1519 3847 Consanguineo
1533 3825 1543 3840 ,
1559 3811 1606 3833 aut
1626 3802 1678 3833 suis
1702 3804 1731 3833 in
1754 3802 1807 3832 hac
1830 3807 1907 3838 parte
1925 3784 2132 3829 dommiffariis
2152 3798 2198 3830 seu
2218 3798 2350 3837 Deputa-

1296 3849 1330 3871 tis

1336 3862 1386 3908 De
1401 3878 1434 3908 &
1444 3877 1522 3915 super
1535 3877 1759 3916 quibuscumque
1772 3876 1866 3913 Ligis,
1883 3873 2200 3912 Confoederationibus‚
2219 3874 2349 3912 Alligan-

1299 3917 1359 3953 tiis,
1377 3916 1411 3946 &
1423 3915 1575 3955 Amicitiis,
1592 3916 1764 3956 generalibus
1779 3915 1825 3947 vel
1839 3913 2064 3952 particularibus,
2081 3914 2199 3946 realibus
2213 3913 2270 3946 five
2273 3921 2347 3982 ¹per-

1299 3954 1455 3992 funalibus,
2288 3959 2351 3983 nter
