2562 4274
57 2799 73 2822 ἦ·
92 2805 143 2832 lx.

57 2843 123 2870 ὄχοι

763 132 873 183 ET
957 131 1212 184 ACTA

21 239 96 268 Ann.
113 232 156 262 D.
174 240 232 271 ret,
250 233 283 263 8<
298 231 386 269 ipsum
401 230 485 260 etiam
498 228 532 259 ad
546 228 619 259 hanc
640 228 753 265 citaret,
772 236 857 265 prout
878 227 1042 265 Principem
1062 227 1228 257 Eiet-”torem

53 271 134 311 1418.

24 320 85 342 l‘letl.
104 320 130 347 5.

176 273 272 303 vocati
286 272 318 302 ὃς
334 270 401 300 trahi
418 268 583 298 consuetum
598 267 679 303 esset,
700 275 768 296 tunc
784 266 866 296 vellet
892 266 960 295 stare
981 267 1014 296 &
1037 276 1129 303 parere
1147 266 1209 303 Juri
1220 288 1227 301 ,

177 312 236 342 &a
254 311 280 338 in
296 308 444 344 omnibus,
466 316 529 344 qua:
545 305 673 344 praefatus
688 304 860 342 Ludovicus,
880 304 996 335 Patruus
1018 304 1096 342 suus,
1114 305 1229 335 haberet

176 357 334 386 proponere
350 347 382 376 ὃς
395 345 528 381 allegare,
546 345 606 374 Sec.

213 387 250 416 Et
273 385 341 415 ultra
360 384 402 412 illa
421 382 523 422 scr-ipiir
546 382 680 411 Domino
702 380 795 419 Regi,
813 379 892 418 quod
908 380 1024 418 speraret
1039 381 1136 449 u‘lqsse
1151 381 1229 419 quod

174 425 344 463 permitteret
357 422 444 459 ipsum
460 431 544 457 penes
559 420 702 456 privilegia
716 419 846 455 i'ua,quae
862 419 916 456 ipse
932 428 1078 456 tamquam
1121 421 1231 457 rinceps

178 462 289 493 Ele6tor
305 461 434 498 haberet,
452 462 484 490 &
499 460 578 497 qubd
592 468 651 488 non
666 466 840 495 attemptaret
854 457 903 487 sibi
921 457 1023 495 aliquid
1045 459 1073 487 in
1100 458 1151 488 illis
1173 457 1231 487 Pri-

177 500 284 538 vilegiis
301 498 446 535 intersere,
464 500 524 529 ἃς.
1069 535 1083 539 ..
1101 535 1106 539 Ι

209 538 323 568 Eodem
345 537 435 566 modo
456 536 616 574 scripserunt
641 534 775 564 Domino
791 534 868 570 Regi
882 533 1028 564 Elefftores
1042 533 1085 564 alii
1100 544 1128 563 in
1142 533 1230 564 Reno

176 576 330 615 (videlicet)
350 575 578 611 Aichiepiscopi,
597 572 797 612 Maguntinus,
814 573 1012 610 Treverensis,
1030 571 1232 603 &Colonien-

176 616 209 646 sis
223 640 232 653 ,
251 615 282 646 ὃ(
306 613 418 644 illustris
440 613 508 642 Dus
531 612 638 641 Geli-im
654 623 663 649 ·,
680 612 829 647 Rogantes
852 610 1030 648 Majestatem
1050 611 1128 640 suam
1151 610 1231 649 quod

177 654 346 684 Dominum
368 650 515 687 nostrum,
534 652 566 679 &
589 651 672 679 etiam
695 650 849 687 quemlibet
870 649 993 687 ipsorum
1009 673 1019 687 ,
1037 650 1231 688 permitteret,

176 694 249 729 iuxra
265 691 388 729 ipsorum
405 688 571 728 Privilegia,
590 698 653 726 quae
669 689 736 726 ipli,
755 697 899 726 tamquam
916 687 1060 725 Principes
1074 687 1231 719 &Elecio-

178 741 220 761 res
255 730 405 759 haberent:

214 755 252 798 FJt
269 768 305 797 fic
319 766 447 796 remansit
461 765 504 795 illa
517 764 604 794 Causa
619 765 720 803 absque
734 765 857 795 ulteriori
870 763 1105 795 Continuatione.
1199 801 1204 806 <

216 807 351 837 Attamen
366 804 500 834 Domino
515 804 614 833 nostro
629 804 681 834 fuit
695 803 807 834 dietum
817 826 826 840 ,
841 803 860 832 si
876 802 1022 832 Dominus
1038 802 1104 832 Rex
1125 808 1233 844 potuis-

178 845 217 877 set
230 855 265 874 eo
282 844 371 873 modo
387 843 420 873 ad
432 842 633 880 standumJuri
647 851 746 872 coram
763 841 820 880 ipso
833 840 960 877 traxilse,
978 839 1058 878 quod
1072 849 1140 870 tunc
1156 839 1234 883 idem

179 887 248 914 Dux
264 882 435 918 Ludovicus,
458 881 571 911 Patruus
584 880 690 918 praefati
705 879 829 909 Domini
845 878 934 908 nostri
949 878 1055 916 Ducis,
1073 877 1109 907 de
1128 877 1175 921 illa
1188 876 1235 921 ‘E-

179 921 284 952 leetiva
299 921 447 957 Dignitate
462 919 547 958 Regis
562 918 762 948 Romanorum
780 919 855 955 (quae
875 925 969 947 tamen
992 918 1081 955 major
1103 915 1235 959 Dignitas

179 960 232 997 est)
257 969 342 997 quam
366 958 508 989 Dominus
528 960 622 987 noster
644 956 731 994 Dux,
748 957 781 987 δε
798 954 862 993 post
876 955 982 994 ipsum,
1002 954 1131 992 Illustris,
1150 953 1235 984 Prin-

181 1008 264 1036 cepS,
283 997 429 1028 Dominus
444 999 592 1034 Rupertus,
823 1032 829 1037 ·
921 1032 927 1037 υ
1107 1032 1112 1037 .
1182 1031 1188 1037 Ι

217 1037 301 1066 Filius
316 1035 394 1074 suus,
409 1043 553 1072 tamquam
568 1032 698 1063 Comites
714 1032 848 1070 Palatini,
866 1032 1012 1068 obtinent,
1031 1030 1165 1062 debuisset
1181 1041 1235 1061 im-

180 1074 323 1113 petiviffe,
342 1075 375 1105 &
397 1072 535 1103 amovisse
554 1071 572 1100 ii
591 1070 737 1110 potuiffet:
757 1070 836 1109 quod
856 1078 951 1101 tamen
969 1069 1114 1101 Dominus
1139 1070 1235 1100 noster

183 1113 254 1143 Dux
267 1121 413 1150 nunquam
428 1110 600 1149 promeruit,
619 1110 681 1140 &c.

221 1151 311 1182 CoN
322 1158 426 1181 sTAT
446 1149 584 1186 deii'que,
604 1148 680 1185 quod
695 1147 771 1178 idem
789 1147 934 1190 Dominus
947 1147 1042 1177 noster
1058 1147 1139 1185 Rex,
1158 1146 1237 1184 post-

181 1200 267 1225 quam
283 1189 428 1219 Dominus
443 1187 538 1217 noster
555 1186 622 1217 Dux
644 1187 742 1216 omnia
761 1185 876 1223 Casti-a,
895 1185 1031 1217 Civitates
1065 1185 1185 1223 Terras,
1204 1185 1238 1215 ὃς

182 1228 341 1265 Dominia,
360 1236 424 1264 quae
440 1226 586 1256 Dominus
598 1228 665 1254 Dux
681 1224 829 1254 Fridoricus
848 1224 968 1264 Austrlae
988 1224 1015 1253 in
1039 1208 1157 1260 lElsatia,
1176 1223 1237 1253 &a

180 1267 346 1302 obtinebat,
366 1265 531 1304 graviter&
546 1264 705 1300 sumptuose
717 1271 944 1302 expugnaverat,
961 1263 994 1293 &
1013 1262 1046 1291 ad
1065 1271 1163 1291 manus
1179 1261 1239 1304 Re-

180 1306 222 1342 gis
236 1304 382 1335 liberaliter
399 1304 541 1341 posuerat,
557 1302 634 1339 quod
657 1302 754 1332 eadem
777 1300 890 1338 Castra,
911 1300 1062 1343 Civitates,
1082 1302 1142 1331 &c.
1159 1307 1240 1343 certis

181 1343 345 1379 Dominiis,
365 1341 648 1377 Commiinitatibus,
667 1341 700 1371 &
713 1339 849 1376 aliquibus
869 1340 949 1369 certis
973 1338 1097 1368 Riisticis
1119 1343 1239 1368 totaliter

182 1383 216 1413 &
238 1382 350 1418 integre
371 1380 447 1411 dedit
469 1381 503 1411 ὃς
525 1378 664 1415 vendidit,
683 1378 720 1408 fic
741 1377 819 1414 quod
842 1377 950 1407 nullum
975 1376 1109 1407 Domino
1124 1376 1238 1419 nostro,

182 1420 232 1458 qui
245 1427 276 1450 ut
290 1419 331 1450 est
346 1419 472 1456 tastum,
487 1426 556 1449 curn
572 1418 679 1455 magnis
694 1415 854 1447 Laboribus
872 1417 905 1447 &
928 1414 1063 1453 Expcnsis
1086 1416 1240 1453 acquirive-

181 1461 223 1489 'rat
258 1457 371 1488 dimisit.

222 1482 421 1526 CoNsTAT
440 1495 522 1524 etiam
536 1483 612 1531 quod
630 1492 775 1523 Dominus
788 1491 881 1522 noster
898 1491 967 1522 Dux
983 1491 1124 1530 quandam
1140 1490 1240 1521 Coro-

183 1544 250 1566 nam
268 1534 405 1573 Regiam,
422 1542 508 1571 quarn
519 1532 655 1568 habebat,
673 1539 788 1571 propter
802 1540 915 1570 magnas
930 1529 1074 1561 Instantias
1094 1531 1126 1561 ὃς
1139 1528 1240 1560 Preces

197 1583 262 1609 quas
283 1572 362 1603 idem
387 1571 534 1602 Dominus
547 1570 612 1600 Rex
633 1569 837 1600 Romanorum
859 1569 961 1599 fecerat
988 1568 1118 1599 Domino
1139 1567 1238 1598 nostro

183 1575 265 1641 Duci
280 1610 315 1641 ad
328 1609 492 1641 habendum
507 1608 638 1645 eandem)
655 1606 750 1638 eidem
766 1607 901 1637 Domino
916 1607 993 1646 Regi
1007 1607 1134 1645 tradidit,
1154 1615 1239 1644 quam

183 1649 282 1688 'postea
296 1648 444 1679 Dominus
456 1647 522 1677 Rex
535 1646 678 1683 vendidit,
694 1656 753 1676 non
768 1654 862 1676 tamen
886 1656 939 1683 pro
961 1645 1037 1676 tanta
1055 1646 1176 1676 Summa
1200 1645 1241 1675 se-

185 1688 313 1719 cundum
329 1686 406 1725 quod
419 1687 471 1716 fuit
486 1685 639 1716 Extimata:
660 1685 697 1716 Et
709 1685 791 1722 ideo,
811 1685 956 1722 quamcito
971 1684 1006 1714 de
1022 1685 1127 1722 Regno
1144 1683 1239 1714 vestro

185 1727 293 1757 revenit
309 1724 509 1756 Constantiam
519 1732 602 1761 ,tunc
614 1723 684 1753 dixit
699 1723 814 1760 praefato
826 1725 941 1753 Domino
951 1722 1037 1763 nrstro
1055 1724 1144 1761 Duri,
1163 1722 1241 1760 quod

186 1764 338 1796 Coronam
352 1763 588 1801 praenominatam
606 1761 773 1792 vendidisset
794 1771 846 1799 pro
868 1762 973 1791 minori
993 1761 1113 1791 Summi}
1133 1761 1242 1798 (videli-

186 1804 244 1839 cet)
265 1803 389 1833 duorum
410 1801 526 1831 Milium
546 1800 750 1837 Florenorum,
767 1809 852 1837 quam
872 1800 1004 1830 extimata
1020 1800 1131 1837 fuisset,
1150 1801 1183 1830 &
1204 1799 1242 1830 fic

186 1843 272 1874 vellet
287 1842 365 1879 quod
379 1843 507 1870 Dominus
523 1839 608 1879 noster
626 1842 694 1868 Dux
710 1837 868 1868 refunderet
883 1838 931 1868 sibi
943 1838 988 1869 illa
1001 1837 1060 1869 duo
1070 1838 1161 1869 Millia
1176 1838 1243 1868 Flo-

193 1889 329 1910 renorum
344 1880 400 1908 sine
418 1878 565 1915 dilatione,
582 1876 616 1907 ad
633 1876 711 1915 quod
726 1876 872 1907 Dominus
887 1886 1054 1918 promptum
1067 1877 1093 1907 se
1107 1877 1243 1915 exhibuit,

191 1920 226 1950 &
248 1917 378 1947 imediate
401 1916 532 1954 persolvit
554 1916 702 1946 Summam
724 1916 959 1953 praenominatam
979 1915 1100 1945 duorum
1126 1914 1242 1945 Milium

192 1957 407 1992 Florenorum,
433 1954 468 1986 de
488 1964 546 1992 quo
565 1962 659 1984 tamen
683 1953 763 1983 multi
784 1954 974 1984 amirabantur
995 1953 1075 1992 quod
1096 1953 1244 1984 Dominus

195 1994 262 2025 Rex
276 2003 334 2025 tam
345 1993 489 2023 modicam
502 1992 651 2023 Summam
666 1991 837 2029 postulabat,
855 2001 888 2021 ex
900 2002 959 2030 quo
974 2000 1017 2022 tot
1032 1992 1182 2030 Sumptus,
1192 1992 1246 2022 La-

196 2030 296 2071 bores,
313 2033 346 2063 &
359 2030 496 2069 Expensas
509 2029 654 2061 Dominus
670 2029 763 2060 noster
777 2030 882 2060 fecisset
898 2039 951 2068 pro
967 2030 1080 2061 eodem.

234 2070 322 2102 CoN
334 2078 440 2101 STAT
457 2070 576 2108 iterum,
592 2068 776 2099 Invifflssim‘e
801 2069 915 2108 Regum
929 2092 939 2107 ,
958 2069 1110 2099 innumeris
1134 2069 1168 2099 &
1188 2068 1247 2099 fere

198 2107 331 2141 omnibus
345 2108 502 2139 Almanniae
516 2107 709 2145 Principibus,
726 2106 943 2145 Nobilibus‚&
954 2108 1062 2147 Plebeis
1078 2109 1121 2145 (ut
1135 2108 1249 2138 brevius

199 2148 288 2179 multa
307 2146 603 2184 comprehendamus)
633 2149 778 2176 Dominum
807 2145 922 2186 nostrum
953 2149 1055 2175 Ducem
1081 2146 1248 2183 praedidtum

197 2188 315 2225 majores
331 2186 470 2223 Labores,
489 2185 641 2224 Sumptus,
659 2185 691 2215 ὃς
705 2183 858 2222 Expensas,
875 2194 927 2221 pro
942 2185 1066 2215 Honore
1080 2186 1114 2215 ὃς
1135 2185 1250 2215 utilitate

220 2225 304 2256 raefati
317 2226 427 2254 Domini
444 2223 526 2264 nostri
545 2226 621 2261 Regis
637 2221 795 2261 Sigismunci‘i
805 2223 934 2261 ‚secisse,
950 2233 1035 2261 quam
1049 2232 1150 2252 omnes
1165 2224 1250 2253 totius

216 2263 316 2301 mperii
329 2262 475 2300 Principes
488 2262 538 2300 (fic
551 2262 628 2299 loqui
643 2261 755 2299 publice
775 2261 964 2298 praesumimus
983 2263 1016 2294 ὃς
1037 2261 1194 2298 manifeste)
1215 2262 1249 2293 δε

198 2302 230 2333 in
245 2301 361 2332 Genere
373 2301 406 2331 &
419 2302 447 2330 in
459 2300 557 2340 Specie
570 2299 697 2331 fecerunt
714 2299 799 2337 usque
814 2300 912 2330 niodo.

236 2340 335 2379 Qualis
348 2340 433 2377 igitur
448 2338 526 2377 sinis,
544 2339 577 2370 &
590 2337 657 2376 quid
675 2337 791 2376 qualeve
805 2337 962 2369 Prcemium
977 2347 1090 2377 propter
1103 2338 1166 2369 haec
1185 2348 1251 2369 otn-

199 2378 264 2417 iiia,
282 2388 314 2409 ac
330 2379 413 2408 etiarn
427 2374 567 2415 Labores,
584 2378 616 2408 &
636 2377 789 2415 Expensas,
808 2386 922 2407 necnon
945 2377 1117 2414 Fidelitates,
1133 2387 1252 2415 promp-

202 2423 285 2456 taque
305 2417 420 2447 Servitia
438 2439 448 2453 ,
473 2425 523 2454 per
546 2415 636 2454 ipsum
658 2415 822 2445 Dominum
843 2415 973 2446 nostrum
994 2415 1112 2445 Ducem
1136 2416 1252 2454 praefato

201 2455 337 2486 Domino
358 2454 450 2493 Regi,
465 2455 535 2485 sicut
556 2454 748 2491 praemittitur,
768 2454 841 2484 fad‘ta
864 2455 896 2485 ὃς
908 2454 1045 2490 exhibita,
1063 2455 1191 2484 secutum
1207 2455 1255 2491 sit,

201 2494 318 2531 invitus,
339 2495 372 2524 ὅ(
388 2503 483 2523 revera
495 2493 570 2530 quasi
583 2493 703 2531 tractus,
723 2493 834 2522 cooitur
848 2492 925 2523 idem
940 2491 1086 2523 Dominus
1107 2492 1201 2523 noster
1218 2493 1254 2523 ad

199 2531 322 2564 vestram
340 2530 519 2569 Majestarem
531 2531 669 2561 deducere
681 2540 766 2571 quere
777 2540 812 2561 as.

237 2569 328 2600 Ecce!
346 2571 455 2608 itaque,
474 2569 658 2599 lnvffiiffime
680 2569 813 2607 Regum,-
829 2570 877 2599 ubi
900 2568 1046 2599 Dominus
1067 2569 1165 2599 noster
1185 2569 1254 2600 Dux

200 2609 408 2646 Benignitatem
422 2610 456 2639 &
471 2608 661 2638 Clementiam
672 2631 681 2645 ,
698 2608 805 2644 aliaque
827 2607 922 2646 Bona,
940 2617 973 2637 ac
996 2609 1080 2638 etiam
1100 2607 1255 2639 Praemium

201 2657 262 2678 non
281 2647 448 2683 modicum,
465 2647 506 2676 ob
530 2647 663 2676 intuitum
683 2646 908 2683 antedictorum,
926 2650 1067 2683 reportare
1088 2646 1256 2685 speraverat,

202 2686 242 2716 ibi
262 2685 353 2723 (quod
372 2685 501 2715 dolenter
523 2684 679 2721 referimus)
705 2683 931 2723 indignationem
948 2685 1171 2722 permaximam,
1189 2686 1256 2717 Ob-

200 2724 370 2793 jki>15gationes
383 2732 494 2767 graves,
512 2724 546 2755 &
561 2731 686 2761 appertas
699 2722 829 2761 Injurias,
847 2722 1113 2760 &Vituperationes
1126 2724 1258 2754 intolera-

227 2773 276 2793 ies
289 2772 318 2791 re
338 2771 454 2792 ortaVit:

208 2835 211 2838 Δ
244 2801 263 2816 ²*
283 2772 365 2831 Νξιτ]
386 2800 473 2838 cum,
491 2800 544 2830 hiis
562 2800 679 2839 diebus,
695 2798 773 2830 idem
790 2799 935 2830 Dominus
952 2798 1016 2830 Reit
1034 2800 1203 2837 pervenisset
1223 2801 1258 2832 ad

205 2839 362 2870 Civitatem
377 2837 563 2876 Basiliensem,
577 2846 663 2877 tunc,
678 2839 734 2870 unfit
745 2838 870 2876 dierum,
888 2839 917 2867 in
939 2837 1082 2875 praesenna
1102 2840 1259 2871 multorum

205 2878 376 2913 Comitum,
394 2876 569 2913 Nobilium,
585 2878 619 2907 ὃς
635 2877 837 2914 Praelatorum,
855 2876 969 2916 publice
982 2876 1066 2915 dixit,

212 2930 215 2931 ⁷
246 2917 332 2956 Quod
348 2915 493 2946 Dominus
514 2914 610 2944 noster
635 2914 706 2945 Dux
720 2913 825 2954 feciffit
841 2914 977 2955 quandam
996 2917 1094 2952 Ligam
1110 2923 1202 2946 contra
1221 2917 1261 2955 ip-

202 2954 284 2994 fiem,
300 2954 338 2989 ὠν
357 2955 429 2995 quod
444 2964 497 2984 non
507 2951 647 2993 Jervdffct
665 2954 836 2992 Juramenta
853 2952 904 2992 fibi
916 2960 964 2990 per
984 2956 1128 2983 Dominum
1146 2954 1261 2994 nostrum

208 3014 211 3018 .
242 3003 264 3021 ae
287 2995 348 3022 ita:

204 3000 242 3031 pr
285 3040 328 3060 uae
348 3031 435 3062 verba
453 3031 487 3061 δε
504 3030 580 3061 dicta
600 3030 676 3061 idem
699 3029 845 3061 Dominus
863 3028 959 3059 noster
971 3031 1090 3068 graviter
1105 3032 1212 3070 recepit
1224 3031 1259 3062 ad

211 3067 370 3106 Animum,
383 3077 418 3098 ex
431 3078 490 3106 quo
509 3078 629 3105 tangunt
645 3069 761 3099 Famam
778 3068 852 3099 suam
867 3069 901 3099 ὃ(
915 3067 1086 3099 Honorem:

247 3106 286 3136 Et
303 3116 392 3144 quum
407 3105 551 3137 Dominus
562 3107 627 3137 Rex
642 3108 686 3138 illa
702 3107 786 3138 verba
804 3107 936 3145 protulit,
953 3113 1021 3136 tunc
1044 3107 1135 3138 aderat
1154 3108 1261 3139 ibidem

209 3145 325 3182 quidam
349 3142 488 3184 Magister
507 3146 645 3176 conradus
669 3146 702 3176 de
728 3145 823 3186 Susino
838 3169 849 3182 ,
875 3144 1070 3176 Subdiaconus
1091 3146 1262 3177 Sanitissimi

209 3183 335 3214 Domini
353 3182 442 3213 nostri
464 3182 565 3220 Papae,
583 3185 632 3221 qui
651 3184 692 3214 est
713 3185 798 3215 etiam
818 3183 854 3213 de
868 3181 1002 3214 Concilio
1013 3186 1046 3215 &
1062 3183 1179 3215 Familia
1194 3185 1263 3222 ejus-

209 3221 278 3252 dem
299 3221 423 3251 Domini
439 3221 530 3252 nostri
553 3221 662 3260 Ducis,
680 3221 714 3252 ad
734 3231 821 3260 quem
842 3221 986 3252 Dominus
1004 3222 1068 3253 Rex
1081 3223 1106 3253 se
1120 3224 1263 3261 vertebat,

207 3261 243 3329 J
268 3259 339 3290 dixit
360 3258 468 3297 eidem,
483 3259 559 3289 dicas,
578 3262 693 3290 Domino
717 3267 762 3290 tuo
774 3283 784 3299 ,
799 3262 896 3290 comiti
922 3260 1069 3299 Palatino,
1088 3261 1174 3291 verba
1202 3273 1262 3302 quae

227 3307 340 3328 tximus:

247 3336 294 3367 Ad
316 3335 394 3372 quod
416 3334 554 3374 Magister
580 3336 719 3367 Conradus
745 3335 910 3375 respondit,
936 3337 1113 3369 Sereniffime
1133 3338 1265 3369 Domine

212 3374 300 3413 Rex,
317 3374 417 3406 Doleo
438 3373 616 3411 Maiestatem
635 3375 696 3405 talia
717 3375 801 3405 verba
824 3374 860 3404 de
880 3374 1013 3405 Domino
1039 3385 1123 3413 meo,
1146 3376 1266 3408 Comite

211 3413 357 3452 Palatino,
376 3412 535 3451 protuliffe:
555 3421 621 3443 nam
636 3412 816 3443 manifestum
829 3412 870 3442 est
884 3413 965 3449 quod
977 3414 1033 3451 ipse
1046 3414 1087 3445 est
1102 3414 1212 3446 Probus
1231 3416 1265 3446 ὃς

212 3451 343 3483 Deificus
355 3451 510 3489 Princeps,
529 3451 578 3490 qui
592 3451 767 3490 Fidelitates,
783 3450 1002 3490 Promiffiones,
1019 3453 1224 3491 &Juratnenta
1235 3454 1267 3484 il—

212 3490 274 3521 laesa
286 3490 429 3528 hucusque
443 3489 603 3520 constanter
617 3490 753 3527 servavit,
771 3489 805 3520 &
824 3491 1017 3528 manutenuit,
1035 3500 1131 3522 coram
1153 3493 1268 3531 quibus-

212 3532 345 3599 ἓυηῃὲἒ,
360 3530 442 3560 etiam
455 3529 484 3559 in
497 3529 656 3560 minoribus
667 3526 843 3566 constitutis,
860 3537 919 3558 non
941 3528 1101 3569 infringeret
1124 3530 1184 3561 ullo
1203 3540 1269 3561 mo-

232 3577 252 3598 o
322 3578 349 3598 c.

250 3591 365 3644 Quibus
379 3605 472 3637 verbis
505 3614 534 3636 er
550 3604 714 3636 Dominum
734 3604 864 3645 nostrum
885 3604 1006 3642 graviter
1028 3606 1196 3645 intelleffis,
1214 3608 1269 3637 im-

215 3645 337 3675 mediate
347 3644 452 3683 scripfit
498 3645 541 3683 egi
557 3643 694 3674 Litteram
709 3643 869 3681 vulgarem,-
888 3644 916 3673 in
930 3643 1024 3674 forma
1043 3645 1186 3683 sequenti,
1205 3655 1268 3684 quae

215 3681 359 3713 Transsata
373 3683 414 3714 est
429 3684 458 3713 in
473 3683 622 3720 Latinam,
637 3683 670 3714 &
684 3683 820 3719 reperitur
833 3682 862 3711 in
877 3681 999 3712 secundo
1011 3682 1156 3713 Sexterno¹

254 3719 298 3750 Ex
319 3721 384 3759 post
406 3721 553 3752 Dominus
574 3720 640 3752 Rex
658 3720 761 3759 scripsit
783 3719 919 3750 Domino
939 3720 1036 3751 nostro
1057 3720 1168 3752 Comiti
1182 3731 1268 3752 unam

219 3756 375 3798 Litteram,
392 3769 461 3790 cum
480 3759 592 3790 Cedula
614 3759 669 3790 una
690 3757 855 3797 interclusa,
870 3759 932 3790 &c.
950 3768 1014 3797 quae
1027 3759 1135 3790 Littera
1149 3760 1270 3799 sequitur

217 3796 427 3833 praecedentem
440 3799 470 3828 in
484 3797 588 3828 eodem
603 3797 749 3828 Sexterno.

256 3833 370 3864 Deinde
384 3836 456 3866 misit
471 3836 617 3867 Dominus
632 3836 730 3867 noster
745 3836 810 3866 Rex
823 3833 969 3865 Nobilem
985 3835 1135 3867 Comitem
1148 3836 1184 3867 de
1192 3836 1270 3875 Lup—

218 3870 270 3910 fia,
287 3872 316 3901 in
331 3872 544 3912 Ambaa'tiatam,
560 3875 595 3905 ad
611 3874 774 3905 Dominum
791 3873 918 3903 nostrum
934 3871 1068 3913 Ducem,
1086 3876 1120 3905 &
1139 3875 1207 3906 fecit
1222 3876 1271 3905 fibi

220 3909 374 3947 supplicare
385 3912 464 3949 quod
475 3913 559 3944 vellet
572 3914 670 3943 venire
683 3913 717 3944 ad
732 3912 910 3951 Majestatem
927 3913 1002 3942 suam
1024 3913 1052 3942 in
1074 3913 1174 3951 Opido
1192 3914 1272 3953 Hag-

217 3949 299 3978 nalo:
320 3948 353 3978 δε
366 3948 571 3981 ,Balthazarem
590 3950 665 3992 Coffiz
683 3951 776 3982 secum
791 3951 944 3988 adducere,
960 3951 1094 3987 &ipsum
1117 3952 1149 3982 ad
1173 3955 1272 3983 manus

219 3987 276 4018 suas
290 3996 416 4057 poscere,
431 3996 462 4019 ut
479 3987 572 4026 ipsum
594 3989 686 4028 poss'et
699 3989 811 4022 ulterius
827 3988 961 4020 Domino
975 3988 1076 4020 nostro
1090 3988 1175 4028 Papae
1188 3990 1273 4030 affig-

217 4035 301 4064 nare,
353 4034 379 4056 c.

1295 131 1764 187 PossLroA.
2278 157 2324 194 σε

1304 227 1349 271 Ad
1362 228 1487 265 primum
1504 228 1680 266 Requisiturn
1695 231 1851 268 (videlicet)
1868 233 1947 272 quod
1957 237 2088 264 Dominus
2108 235 2194 274 noster
2212 236 2324 268 deberet

1266 275 1362 309 venire
1376 266 1526 310 Hastnalo,
1544 268 1603 309 (xc.
1625 268 1768 299 Dominus
1784 270 1878 301 noster
1892 273 2075 310 respondebitr
2088 274 2122 302 &
2139 273 2224 312 divit,
2244 276 2323 313 quod

1268 302 1413 347 Dominus
1427 304 1490 334 Rex
1508 310 1595 342 lplutn
1620 307 1649 336 in
1673 306 1795 338 Honore
1819 310 1852 339 &
1874 310 1962 341 Fam-St
1983 311 2147 348 iiiculpiliet
2169 313 2269 349 injuste
2291 316 2323 345 &

1268 341 1456 380 indignanter:
1477 342 1631 385 secundum
1650 345 1729 380 quod
1744 346 1789 383 se,
1806 357 1872 377 cum
1895 349 2034 386 adj-notio
2059 349 2113 379 Dei
2135 350 2167 380 &C
2194 353 2326 389 veritate,

1267 379 1342 410 bene
1363 381 1447 411 vellet
1468 381 1618 411 detondere
1641 383 1673 411 ὃς
1694 393 1866 423 exprimam,
1883 387 1916 416 &
1937 398 1968 417 ea
1985 396 2098 425 propter
2113 397 2171 417 nriii
2189 389 2260 419 foret
2277 391 2326 420 libi

1268 420 1441 449 conveniens
1458 419 1532 449 suam
1546 420 1722 457 Maiestatem
1737 424 1885 459 accedere,
1905 435 1996 463 neque
2012 426 2093 456 vellet
2111 426 2168 456 :iilo
2187 428 2287 458 modo.

1306 456 1351 486 Ad
1375 458 1528 487 secundum
1548 457 1692 488 Punctum
1710 482 1718 497 ,
1741 468 1854 498 tangens
1877 462 2027 493 Person-im
2053 464 2235 495 Baltlsazarjs
2251 490 2260 505 ,
2279 475 2325 496 re-

1267 494 1420 532 spondebat
1434 496 1562 533 praefatus
1578 500 1709 526 Dominus
1724 498 1809 537 noster
1828 503 1914 537 Dux,
1934 501 2079 532 Dominus
2097 502 2160 533 Rex
2177 504 2249 534 bene
2272 503 2325 535 sci-

1268 542 1309 576 ret
1325 533 1441 571 qualiter
1466 534 1602 565 Litteram
1623 534 1673 564 sub
1697 535 1793 574 Sigillo
1817 537 2111 575 Majestaiis-dedisset
2133 541 2197 579 fibi,
2220 542 2247 572 in
2270 543 2325 582 qua

1268 571 1356 614 ipsum
1376 571 1410 601 de
1431 573 1565 603 omnibus
1582 573 1751 611 Juramentis
1782 575 1815 605 ’δε
1844 576 1953 606 secretis
1981 577 2214 610 Promissionibus
2229 605 2236 619 ,
2260 592 2325 619 quas

1268 609 1410 648 Majestati
1426 609 1528 655 Regi-e
1543 620 1577 642 ex
1595 617 1671 649 parte
1695 612 1817 649 ejusdem
1839 613 2023 645 Balthazaris
2048 617 2228 655 praestitisset,
2247 621 2327 651 abso-

1267 647 1359 678 lutum
1381 649 1547 687 nuntiasset,
1566 650 1597 680 &
1622 649 1693 679 ultra
1715 650 1777 681 baec
1798 652 1826 680 in
1850 653 1948 682 eadem
1974 653 2078 684 Littera
2100 656 2252 688 mandaiset
2276 657 2325 688 sibi

1268 686 1347 753 {iod
1364 687 1510 724 praefatum
1530 687 1731 717 Balthazarem
1746 692 1862 718 Domino
1886 691 1972 729 nostro
1995 694 2096 729 Papae,
2115 693 2156 723 vel
2181 696 2226 725 cui
2250 696 2326 726 idern

1304 725 1419 754 ominus
1434 724 1545 763 noster,
1566 726 1639 762 Papa
1654 727 1710 756 hoc
1726 729 1938 767 committeret,
1955 730 2061 760 tradere
2076 732 2108 761 ὃς
2124 731 2257 768 anigmre
2278 735 2327 765 de-

1269 763 1365 805 beret:
1384 763 1538 806 secundum
1552 763 1629 801 quod
1646 763 1751 795 Littera
1769 766 1901 803 praedicta
1919 769 2013 798 omnia
2030 767 2072 797 illa
2087 770 2114 798 in
2130 769 2156 799 se
2177 773 2324 811 continet,

1270 810 1347 838 cujus
1363 800 1455 838 Copia
1470 803 1498 830 in
1511 800 1647 832 sexterno
1661 803 1796 839 praetaCm
1811 805 1839 833 in
1855 807 1948 842 primo
1957 807 2040 836 Folio
2056 809 2223 837 continetur.

1308 839 1423 908 (ὶέίζὺυε
1438 841 1473 870 ita
1487 840 1603 877 praefato
1611 839 1725 871 Comiti
1738 840 1836 880 dietis,
1857 843 1966 874 recessit
1979 854 1994 874 a
2009 844 2142 875 Domino
2155 846 2254 876 nostro
2263 846 2330 878 Duss-

1273 885 1324 914 ce,
1376 887 1403 907 c.

1307 915 1432 946 DiCtum
1454 915 1506 946 fuit
1527 917 1612 946 etiam
1634 916 1754 959 praefato
1774 917 1883 949 Comiti
1904 920 2039 959 qualiter,
2057 921 2250 953 Sanetiffimtis
2264 922 2331 954 Doss

1272 954 1367 985 minus
1383 953 1494 992 noster,
1515 953 1587 998 Papa
1603 955 1735 994 milisset,
1752 966 1820 987 cum
1833 957 1911 988 Bulla
1925 959 2162 998 suaeSane'titatis,
2182 960 2330 991 Reveren-

1272 991 1417 1022 diffimum
1437 992 1601 1023 Dominum
1624 993 1772 1034 nostrum,
1792 995 1943 1034 Episcopum
1969 998 2201 1038 Wintonienfi’m,
2218 1001 2279 1031 ἃς.
2296 999 2331 1030 ad

1273 1031 1467 1068 recipiendum
1482 1030 1634 1061 Personam
1649 1032 1757 1070 praefati
1772 1034 1974 1073 Balthazari5‚
1995 1037 2044 1066 &c
2070 1046 2123 1074 qua
2137 1046 2252 1075 propter
2275 1039 2331 1076 ipse

1273 1068 1419 1099 Dominus
1434 1069 1527 1100 rsoster
1543 1069 1612 1100 Dux
1630 1070 1781 1101 Personam
1801 1072 1983 1104 Balthaaaris
1995 1075 2065 1104 nulli
2080 1076 2154 1106 alteri
2176 1077 2260 1107 vellet
2282 1087 2332 1107 ne-

1273 1117 1329 1144 que
1348 1107 1461 1138 deberet
1482 1108 1617 1146 affignare
1631 1131 1641 1147 ,
1665 1109 1714 1140 nifi
1736 1109 1871 1142 Domino
1891 1112 1990 1143 nostro
2012 1113 2097 1151 Papae
2112 1138 2121 1151 ,
2154 1114 2199 1144 vel
2221 1115 2261 1144 illi
2284 1116 2332 1151 cui

1275 1146 1410 1189 Sane'titas
1432 1146 1477 1176 sua
1498 1146 1556 1189 hoc
1569 1149 1761 1186 committeret
1777 1159 1825 1187 per
1841 1150 1966 1189 Bullam,
1984 1151 2136 1182 secundum
2159 1153 2237 1190 quod
2260 1154 2334 1184 inter

1274 1184 1443 1252 praegl'gum
1463 1183 1628 1215 Dominum
1647 1185 1821 1225 Episcopum
1841 1189 2074 1220 Wintoniensem
2095 1191 2128 1222 &
2152 1191 2242 1228 ipsum
2264 1192 2333 1223 esset

1277 1232 1334 1252 con
1356 1232 1364 1251 1
1398 1231 1463 1252 um:

1312 1259 1385 1298 Sed,
1405 1260 1423 1290 si
1439 1259 1586 1290 Dominus
1598 1260 1693 1291 noster
1707 1262 1772 1292 Rex
1791 1264 1940 1301 praefatum
1964 1266 2184 1305 Baithazarem,
2203 1278 2239 1298 eo
2261 1276 2334 1299 tem-

1276 1308 1362 1342 pore,
1379 1308 1468 1340 quum
1483 1298 1523 1342 dc·
1535 1298 1676 1330 Mandato
1698 1300 1748 1330 suo
1770 1301 1889 1333 habebat
1910 1305 1937 1333 in
1960 1304 2116 1344 Custodia,
2135 1306 2168 1336 ὃς
2182 1316 2334 1344 antequam

1276 1337 1365 1374 ipsum
1381 1338 1416 1367 de
1429 1337 1538 1375 lingulis
1546 1337 1716 1375 Juramentis
1732 1338 1765 1368 &
1781 1339 1887 1371 secretis
1902 1342 2135 1374 Promiffionibus
2157 1345 2317 1375 absolvisset

1277 1374 1457 1414 postulasset,
1476 1375 1531 1413 ipse
1546 1377 1643 1406 libenti
1658 1377 1754 1406 animo
1775 1378 1808 1408 ὃς
1830 1379 1942 1410 indilate
1963 1380 2114 1412 Personam
2136 1383 2240 1419 praefati
2266 1369 2336 1413 Ball

1279 1413 1406 1443 thazaris
1424 1413 1564 1453 Majestati
1580 1415 1634 1445 suae
1654 1415 1854 1455 praesentasset,
1874 1418 1935 1455 sed,
1954 1428 1987 1448 ex
2008 1430 2066 1458 quo
2089 1421 2180 1450 modo
2196 1421 2331 1452 Domino

1277 1452 1376 1482 nostro
1390 1452 1427 1481 Pa
1450 1461 1473 1481 ae
1492 1454 1657 1490 promisisset
1672 1453 1703 1484 ὃς
1721 1452 1837 1491 jurasset
1854 1458 2003 1495 praefatum
2027 1457 2233 1488 Balthazarum
2255 1459 2332 1499 Coffiz

1277 1490 1328 1520 sub
1344 1489 1399 1520 fida
1446 1490 1554 1522 ustodia
1567 1492 1749 1530 conservare,
1764 1492 1858 1524 donec
1879 1496 1911 1526 ὃς
1935 1495 2081 1533 quousque
2101 1497 2177 1526 idem
2192 1497 2338 1529 Domin·.is

1277 1528 1373 1559 noster
1388 1529 1461 1572 Papa
1476 1530 1563 1567 ipsum
1579 1531 1692 1570 publice
1708 1540 1756 1568 per
1780 1531 1888 1563 Bullam
1910 1534 1985 1563 suam
2008 1534 2174 1572 postularet,
2192 1544 2259 1566 tunc
2278 1547 2337 1567 noti

1278 1567 1362 1636 ἕεΠεῑ
1382 1568 1476 1605 aliquo
1499 1569 1590 1598 modo
1606 1569 1756 1607 praefatum
1772 1569 1975 1602 Balthazarem
1990 1571 2134 1611 Majestati
2149 1572 2254 1611 Regiae
2267 1585 2339 1613 prae-

1290 1615 1392 1636 entare.

1315 1643 1383 1674 Post
1398 1643 1553 1675 Recessum
1569 1645 1678 1682 praefati
1692 1651 1803 1678 Comitis
1824 1649 1856 1678 de
1880 1644 1999 1689 Lupfie,
2018 1651 2097 1681 venit
2118 1649 2153 1681 ad
2174 1649 2341 1682 Dominum

1277 1682 1407 1713 nostrum
1421 1683 1555 1727 Ducem,
1572 1683 1833 1717 Reverendiliimus
1851 1687 2179 1728 DominiisAEpiscopus
2195 1689 2339 1720 Leodien-

1279 1721 1311 1752 sis
1330 1731 1398 1752 cum
1421 1721 1534 1752 Litteris
1555 1720 1777 1764 Credentialibus
1801 1728 1926 1764 praetaeti
1948 1725 2069 1757 Domini
2094 1726 2201 1765 Regis,
2219 1729 2269 1766 &,
2289 1729 2339 1759 sub

1279 1759 1421 1791 credentia
1442 1761 1490 1790 sibi
1512 1761 1638 1797 iniune't?L
1658 1786 1667 1801 ,
1684 1763 1762 1794 simili
1786 1764 1877 1795 modo
1890 1788 1899 1801 ,
1917 1766 2061 1795 nunciavit
2081 1761 2216 1796 Domino
2239 1766 2340 1796 nostro

1279 1798 1375 1868 lle‘ioeid
1392 1807 1426 1843 ex
1440 1808 1518 1837 parte
1531 1799 1654 1830 Domini
1673 1801 1780 1841 Regis,
1797 1803 1867 1834 sicut
1889 1801 1998 1834 Comes
2019 1803 2170 1841 praedietus
2193 1803 2290 1836 habuit
2310 1806 2341 1835 in

1321 1848 1355 1867 an
1377 1846 1445 1875 atis3

1319 1876 1370 1912 Et,
1391 1876 1461 1906 ultra
1475 1875 1537 1914 illa,
1554 1875 1673 1919 addebat
1686 1889 1773 1909 unum
1791 1879 1944 1917 (videlicet)
1962 1880 2057 1918 quod,
2077 1880 2095 1910 si
2119 1880 2266 1912 Dominus
2288 1892 2342 1912 no-

1281 1913 1336 1944 ster
1356 1914 1507 1945 Personam
1530 1918 1639 1952 praetati
1662 1917 1847 1947 Balthazarir
1869 1918 1949 1949 vellet
1980 1919 2121 1949 restituere
2150 1920 2183 1949 ὃς
2208 1919 2342 1959 assignare

1281 1951 1416 1983 Domino
1436 1953 1535 1986 nostro
1556 1952 1655 1992 Regi,
1675 1963 1743 1985 tunc
1764 1957 1839 1986 idem
1863 1956 2009 1988 Dominus
2034 1957 2097 1987 Rex
2117 1958 2184 1987 velit
2208 1959 2342 1995 Triginta

1281 1991 1326 2021 sex
1351 1992 1370 2010 ²*
1398 1991 1481 2022 Milia
1509 1991 1696 2023 Florenorum
1724 1993 1858 2025 Domino
1881 1995 1979 2026 nostro
2002 1995 2079 2026 Duci
2095 2019 2103 2032 ,
2130 2006 2181 2033 pro
2208 1995 2342 2034 Expeniis

1282 2030 1322 2098 ἔξει
1336 2029 1456 2068 Fatigis,
1476 2040 1542 2068 quas
1560 2039 1629 2061 cum
1653 2031 1758 2062 eodem
1781 2032 1957 2064 Ralthazaro
1978 2034 2132 2071 habuisset,
2152 2033 2257 2065 resiliter
2279 2045 2342 2073 per-

1294 2078 1313 2098 o
1326 2078 1407 2099 vere:

1321 2107 1369 2137 Ad
1386 2116 1450 2145 quae
1464 2106 1540 2136 idem
1555 2106 1703 2139 Dominus
1716 2109 1811 2141 noster
1822 2109 1892 2141 Dux
1905 2110 2105 2149 respondebat,
2125 2119 2209 2149 prout
2223 2112 2344 2150 superius

1285 2148 1381 2175 Comiti
1392 2144 1424 2175 a'e
1439 2145 1539 2185 Lupfia
1555 2146 1705 2183 respondit.

1320 2182 1448 2220 ITEM,
1467 2184 1561 2222 Copia
1581 2184 1668 2215 Bullae
1682 2208 1691 2224 ,
1713 2196 1798 2224 quam
1814 2210 1824 2225 ,
1847 2187 1994 2219 Dominus
2015 2188 2110 2218 noster
2134 2187 2345 2220 Reverendisfi-

1285 2230 1367 2260 mus,
1385 2222 1525 2265 Episc'opzfs
1541 2224 1583 2252 W
1585 2224 1739 2265 intonienfis
1758 2225 1871 2264 habuit,
1891 2228 1924 2258 &
1941 2237 2023 2264 penes
2036 2226 2200 2257 Dominum
2217 2228 2345 2259 nostrum

1286 2259 1403 2291 Ducem
1417 2262 1537 2298 dimisit,
1555 2262 1807 2299 comprehenditur
1819 2266 1848 2293 in
1863 2265 1999 2301 praetatfito
2013 2265 2157 2295 Sexterno.

1324 2298 1380 2329 Co
1391 2307 1413 2328 Ν
1424 2308 1499 2329 sTA
1510 2307 1533 2328 'r
1550 2300 1637 2330 etiam
1680 2302 1739 2331 uod
1761 2305 1893 2332 Dominus
1915 2306 2065 2341 Rupertus,
2083 2303 2158 2334 divae
2178 2305 2344 2343 memoriae,

1286 2336 1411 2367 Genitor
1423 2337 1546 2367 Domini
1561 2338 1649 2368 nostri
1709 2340 1784 2378 ucis,
1803 2349 1945 2378 tamquam
1968 2345 2027 2371 Rex
2050 2345 2226 2371 Romanorum
2237 2365 2246 2381 ,
2264 2343 2346 2381 Qa-

1285 2376 1409 2414 draginta
1424 2375 1508 2405 Milia
1520 2375 1708 2406 Florenorum
1730 2380 1936 2416 praenominato
1954 2383 2070 2409 Domino
2088 2380 2173 2420 nostro
2193 2384 2282 2418 Duri,
2303 2381 2347 2412 su-

1287 2424 1336 2452 per
1352 2414 1431 2452 qubd
1445 2413 1577 2444 Castrum
1591 2417 1624 2446 ὃ(
1639 2415 1796 2448 Civitatem
1823 2419 1941 2448 nomine
1960 2418 2036 2457 Seis,
2054 2422 2087 2448 ὅ(
2110 2419 2272 2456 quibusdam
2294 2421 2350 2451 aliis

1287 2451 1471 2490 Civitatibus,
1490 2452 1648 2492 assignavit,
1667 2454 1728 2485 δίε.
1751 2458 1840 2492 prout
1862 2457 1891 2486 in
1915 2457 2046 2493 Litteris,
2064 2457 2178 2495 desuper
2192 2458 2350 2496 confectis,

1289 2491 1396 2529 plenius
1412 2493 1591 2529 continetur,
1610 2503 1728 2530 quarum
1752 2494 1921 2524 Litterarum
1945 2494 2040 2533 Copia
2063 2497 2091 2525 in
2107 2496 2167 2533 jam
2189 2497 2269 2526 dicto
2284 2497 2354 2532 Sex-

1289 2538 1387 2566 terno,
1404 2530 1441 2560 de
1455 2530 1545 2559 verbo
1558 2531 1592 2560 ad
1608 2532 1746 2568 verbum,
1762 2534 1925 2563 continetur
1935 2556 1945 2571 ,

1329 2568 1427 2607 Qam
1448 2567 1672 2606 Affignationem
1696 2569 1784 2601 Cives
1805 2572 1839 2603 ὃ(
1862 2571 1968 2610 Incolae
1981 2571 2179 2609 praediffinitum
2194 2571 2354 2604 Civitatum

1289 2606 1436 2637 liberaliter
1455 2606 1646 2646 admiserunt,
1665 2609 1699 2639 &
1721 2609 1814 2639 eidem
1839 2613 1955 2639 Domino
1979 2609 2065 2649 nostro
2089 2613 2165 2649 Duri*
2180 2610 2355 2642 Fidelirarem

1288 2645 1416 2684 jurarunt
1431 2645 1464 2675 &
1477 2644 1698 2685 Obedientiam,
1715 2647 1870 2678 secundum
1886 2648 2035 2679 Tenorem
2052 2648 2223 2679 Litterarum
2239 2649 2354 2688 desuper

1294 2684 1505 2714 confectarum.

1331 2721 1360 2752 C
1371 2733 1391 2753 o
1403 2731 1425 2752 N
1436 2730 1479 2752 ετ
1490 2725 1542 2752 ΛΤ
1559 2724 1642 2753 etiam
1665 2724 1743 2763 quod
1767 2725 1918 2762 praedid'cus
1943 2724 2088 2755 Dominus
2111 2725 2222 2763 noster,
2242 2729 2301 2756 Rex
2313 2731 2357 2757 Si·

1290 2760 1443 2800 gismundus
1461 2783 1471 2798 ,
1495 2760 1559 2798 post
1580 2762 1654 2792 suam
1674 2763 1903 2794 Coronationem
1921 2786 1931 2802 ,
1956 2763 2074 2801 praefato
2095 2762 2230 2795 Domino
2256 2766 2355 2796 nostro

1294 2803 1391 2829 Comiti
1408 2799 1537 2829 Palatino
1553 2798 1659 2830 distam
1672 2802 1940 2841 impignorationem
1957 2801 2050 2832 Castri
2075 2802 2107 2832 ὃς
2128 2802 2257 2834 Civitatis
2277 2804 2353 2843 Seis,

1294 2838 1354 2869 &c.
1368 2838 1400 2868 δί
1414 2840 1497 2869 etiam
1510 2838 1572 2868 alias
1581 2849 1663 2877 ,quas
1676 2841 1713 2870 ab
1729 2840 1855 2878 Imperio
1871 2841 1956 2871 habet
1972 2842 2005 2871 ὃς
2019 2839 2156 2878 possidet,
2165 2841 2307 2872 ratificavit
2321 2844 2354 2873 ὅ(

1295 2875 1493 2914 confirmavit,
1510 2877 1664 2908 secundum
1679 2878 1829 2909 Tenorem
1842 2879 2011 2909 Litterarum
2032 2878 2160 2917 suarum,
2178 2879 2228 2911 sub
2252 2880 2352 2917 sigillo

1297 2913 1451 2953 Maiestatis
1464 2915 1519 2946 suae
1533 2915 1648 2953 desuper
1661 2918 1858 2947 confeeiarum
1872 2920 1905 2948 ὃς
1925 2916 2122 2956 Sigillatarum,
2141 2927 2208 2956 quas
2232 2920 2352 2957 priesato

1297 2956 1413 2983 Domino
1430 2953 1516 2992 nostro
1535 2956 1606 2983 Duci
1623 2954 1717 2993 dedit,
1738 2956 1870 2994 Qarurn
1885 2954 1980 2992 Copia
1993 2957 2023 2985 in
2034 2955 2173 2986 SeXterno
2184 2957 2281 2995 saepius
2297 2969 2352 2988 no-

1301 2993 1426 3029 minato,
1445 2997 1481 3022 de
1494 2993 1584 3023 vei-bo
1597 2992 1631 3022 ad
1647 2995 1782 3032 verbum,
1801 2995 1974 3024 continetur.

1339 3030 1428 3060 CoN
1440 3038 1546 3061 s'rAT
1565 3030 1681 3061 demum
1703 3034 1782 3070 quod
1797 3055 1807 3071 ,
1831 3033 1899 3063 ultra
1918 3031 1962 3062 illa
1981 3033 2095 3072 omnia,
2114 3032 2190 3064 idem
2208 3032 2355 3065 Dominus

1299 3068 1394 3099 noster
1413 3070 1472 3098 Rex
1492 3068 1668 3108 Sigifinundus
1689 3071 1824 3107 praediCto
1839 3070 1943 3100 Castro
1958 3072 1990 3101 ὃς
2004 3070 2119 3102 Civitati
2133 3072 2191 3102 Seis
2210 3073 2263 3103 tale
2275 3073 2352 3103 dedit

1298 3107 1500 3144 Privilegium,
1519 3107 1673 3138 secundum
1688 3109 1838 3140 Tenorem
1853 3108 1958 3146 Copiae
1980 3109 2133 3148 sequentis,
2154 3120 2216 3148 quae
2237 3111 2272 3141 de
2293 3112 2356 3142 vul-

1298 3147 1354 3185 gari
1370 3146 1539 3176 Alemanico
1555 3146 1678 3177 translata
1695 3147 1737 3178 est
1763 3149 1791 3177 in
1808 3147 1951 3177 Latinum.

1334 3184 1420 3222 Nos,
1436 3183 1629 3223 Sigifhmndus,
1649 3185 1706 3215 Dei
1721 3186 1825 3224 gratia,
1843 3189 2022 3215 Romanorum
2043 3189 2101 3215 Rex
2121 3186 2229 3223 semper
2257 3187 2358 3227 Augu—

1298 3223 1354 3253 stus
1368 3247 1378 3260 ,
1395 3232 1428 3252 ac
1448 3223 1606 3259 Hungaiiae
1623 3246 1632 3260 ,
1649 3224 1709 3254 &c
1732 3224 1795 3255 Rex
1812 3247 1822 3262 ,
1841 3224 2151 3255 Rsscoenoscin
2166 3233 2206 3255 us
2225 3247 2235 3263 ,
2253 3235 2285 3256 ac
2308 3237 2357 3264 per

1299 3261 1449 3292 Praesentes
1465 3262 1614 3299 universiS,
1633 3271 1676 3292 eas
1692 3262 1876 3301 videntibus,
1890 3271 1936 3293 aut
1956 3263 2047 3301 legere
2070 3263 2247 3301 volentibus,
2265 3265 2359 3302 publi-

1299 3302 1334 3331 ce
1353 3299 1689 3338 Noumeanus,

1336 3339 1477 3376 Quamvis
1491 3347 1525 3368 ex
1539 3338 1634 3368 debito
1650 3338 1849 3376 astringamur,
1867 3341 1900 3371 ὃς
1911 3338 1946 3368 ad
1961 3338 2019 3368 hoc
2035 3338 2117 3370 simus
2130 3340 2254 3370 inclinati
2264 3342 2358 3379 ,quod

1299 3378 1442 3415 publicam
1456 3376 1637 3414 Utilitatem,
1656 3377 1712 3415 qua
1724 3377 1824 3408 Terrae
1839 3378 1872 3408 &
1887 3378 2029 3407 Homines
2046 3379 2074 3408 in
2093 3378 2167 3409 Pace
2190 3381 2359 3410 conserven-

1300 3425 1360 3454 tur,
1378 3416 1603 3453 omnitempore
1618 3418 1825 3454 praeponimus,
1843 3425 2037 3447 verumtamen
2054 3418 2177 3447 multum
2200 3428 2233 3447 ac
2258 3419 2357 3456 majori

1300 3454 1436 3485 desiderio
1448 3454 1482 3484 ad
1496 3454 1554 3484 hoc
1569 3455 1714 3484 noscimur
1726 3455 1862 3491 ordinati,
1881 3462 1912 3484 ut
1927 3452 2035 3484 nostras
2048 3457 2082 3486 &
2096 3455 2211 3492 Imperii
2220 3455 2356 3487 Civitates

1300 3493 1351 3523 sub
1372 3492 1468 3523 nostra
1490 3492 1585 3528 Regia
1606 3491 1746 3522 Custodia
1766 3493 1799 3523 δε
1819 3492 2000 3522 Protei-stione
2019 3491 2118 3528 sponte
2138 3494 2355 3533 conservemus,

1302 3541 1356 3561 nec
1371 3541 1415 3561 eas
1429 3532 1465 3562 ab
1479 3528 1604 3567 Imperio
1621 3532 1631 3568 (
1653 3540 1681 3560 er
1695 3530 1777 3568 quod
1789 3530 1927 3561 didrarum
1949 3529 2107 3562 Civitatum
2130 3533 2207 3569 quies
2228 3534 2260 3562 ὃς
2283 3542 2358 3563 tran·

1304 3569 1420 3608 quillitas
1434 3568 1569 3598 debilitari
1585 3541 1706 3608 polient)
1724 3579 1782 3599 non
1801 3569 1919 3599 sinamus
1934 3568 2047 3607 separari
2063 3571 2120 3600 ullo
2136 3571 2232 3599 modo.

1340 3607 1380 3638 Ea
1396 3615 1510 3644 propter
1529 3606 1551 3636 P
1565 3617 1581 3637 E
1595 3616 1618 3637 R
1630 3617 1642 3637 s
1654 3616 1670 3636 P
1684 3615 1700 3636 E
1714 3616 1730 3636 x
1741 3616 1752 3636 1
1766 3615 1793 3637 M
1803 3616 1826 3637 υ
1841 3617 1853 3637 s
1873 3607 1977 3638 claram
1992 3606 2250 3646 Promptitudinem
2267 3618 2301 3638 ac
2309 3619 2365 3639 vo-

1302 3646 1416 3676 luntaria
1432 3645 1567 3682 Sci-vitia,
1585 3655 1650 3683 quae
1665 3645 1922 3676 Praedecessoribus
1939 3645 2058 3685 nostris,
2073 3648 2104 3676 &c
2123 3645 2218 3675 Nobis
2232 3656 2263 3675 ‚ie
2278 3648 2364 3678 etiarn

1303 3685 1428 3722 Imperio
1443 3685 1670 3730 praenominatiS,
1691 3683 1778 3714 Cives
1792 3685 1825 3714 &
1842 3684 2074 3715 Commuiiitates
2097 3683 2254 3726 Civitatum
2281 3684 2363 3724 Hag-

1304 3723 1369 3753 nalo
1389 3746 1399 3760 ,
1424 3721 1544 3752 Colmar
1562 3746 1571 3758 ,
1604 3721 1740 3753 Sleczstat
1755 3746 1763 3760 ,
1795 3723 1857 3753 &c.
1884 3724 1917 3753 &
1946 3723 2004 3752 Seis
2019 3744 2028 3758 ,
2062 3721 2165 3752 Nostri
2189 3722 2221 3752 ὃς
2249 3722 2364 3761 Imperii

1304 3761 1398 3792 fideles
1417 3760 1513 3791 dilecti
1525 3783 1535 3798 ,
1551 3759 1648 3798 saepius
1665 3762 1699 3792 &
1721 3760 1821 3797 pluries
1839 3760 2037 3798 impenderunt
2052 3782 2061 3796 ,
2088 3769 2120 3802 ac
2143 3758 2238 3789 Nobis
2259 3762 2292 3791 ὃς
2308 3763 2359 3792 lm·

1304 3800 1384 3866 persi-(0
1411 3800 1440 3828 in
1466 3806 1545 3829 antea
1581 3799 1682 3830 utiliter
1704 3799 1738 3829 &
1769 3799 1865 3830 futuris
1889 3797 2063 3835 temporibus
2089 3801 2179 3827 tacere
2202 3797 2308 3830 debent
2331 3801 2365 3832 &

1327 3848 1346 3868 o
1373 3846 1422 3868 unt

1307 3848 1325 3877 p
1345 3875 1381 3906 Et
1395 3859 1505 3906 idc’irco
1515 3898 1525 3913 ,
1541 3874 1695 3906 deliberato
1709 3875 1821 3912 animo,
1839 3873 1912 3917 fideii
1929 3871 2078 3916 Consilio,
2097 3873 2131 3904 &
2144 3873 2220 3905 certa
2236 3875 2349 3907 scientia
2359 3900 2370 3915 ,

1308 3913 1479 3945 Civitatibus
1489 3914 1522 3944 &
1538 3912 1801 3944 Communitatibus
1815 3911 1972 3951 praedietis,
1992 3913 2025 3942 ὃς
2038 3920 2124 3940 etiam
2146 3912 2266 3950 ipsarum
2289 3915 2369 3945 cuili-

1309 3954 1357 3983 bet
1373 3952 1528 3990 sigillatim,
1545 3952 1730 3983 Promisimus
1747 3974 1756 3989 ,
1773 3953 1807 3982 &
1826 3951 1928 3979 virtute
1953 3949 2134 3986 praesentium
2157 3953 2369 3992 promittimus,

1309 3993 1343 4022 &
1358 3990 1528 4030 spondemus
1547 3991 1584 4021 de
1597 3991 1771 4028 plenitudine
1788 3989 1928 4018 Romanae
1943 3987 2048 4024 Regiae
2061 3987 2223 4027 Potestatis,
2241 4001 2294 4029 pro
2302 3991 2335 4021 N
2337 4002 2371 4021 o-

1307 4029 1351 4060 bis
1366 4051 1376 4067 ,
1406 4029 1440 4060 &
1466 4028 1522 4059 aliis
1558 4028 1758 4060 Romanorum
1785 4026 2003 4063 imperatoribus
2031 4025 2066 4058 &
2093 4026 2222 4067 Regibus
2236 4051 2246 4068 ,
2270 4029 2373 4059 nostris

1814 4064 1846 4095 H
1864 4072 1879 4102 3
2303 4067 2374 4098 Suc-

2348 238 2421 275 Ann,
2436 236 2478 267 D

2373 275 2457 314 1418.

2347 318 2407 342 Hert.
2428 323 2455 349 50

2366 2006 2443 2033 “lxss

2365 2046 2430 2072 611,
