<?xml version="1.0" encoding="UTF-8"?>
<!DOCTYPE html PUBLIC "-//W3C//DTD XHTML 1.0 Transitional//EN"
    "http://www.w3.org/TR/xhtml1/DTD/xhtml1-transitional.dtd">
<html xmlns="http://www.w3.org/1999/xhtml" xml:lang="en" lang="en">
 <head>
  <title>
</title>
<meta http-equiv="Content-Type" content="text/html;charset=utf-8" />
  <meta name='ocr-system' content='tesseract 3.04.00' />
  <meta name='ocr-capabilities' content='ocr_page ocr_carea ocr_par ocr_line ocrx_word'/>
</head>
<body>
  <div class='ocr_page' id='page_1' title='image "./fderaconventione04ryme_0129.png"; bbox 0 0 2562 4274; ppageno 0'>
   <div class='ocr_carea' id='block_1_1' title="bbox 715 209 1178 251">
    <p class='ocr_par' dir='ltr' id='par_1_1' title="bbox 715 209 1178 251">
     <span class='ocr_line' id='line_1_1' title="bbox 715 209 1178 251; baseline -0.006 0"><span class='ocrx_word' id='word_1_1' title='bbox 715 210 827 251; x_wconf 91' lang='lat' dir='ltr'><strong>ET</strong></span> <span class='ocrx_word' id='word_1_2' title='bbox 911 209 1178 250; x_wconf 90' lang='lat' dir='ltr'>ACTA</span> 
     </span>
    </p>
   </div>
   <div class='ocr_carea' id='block_1_2' title="bbox 28 292 1230 410">
    <p class='ocr_par' dir='ltr' id='par_1_2' title="bbox 28 292 1230 410">
     <span class='ocr_line' id='line_1_2' title="bbox 28 292 1230 334; baseline -0.002 -7"><span class='ocrx_word' id='word_1_3' title='bbox 28 296 105 327; x_wconf 76' lang='lat' dir='ltr'><strong>Ann.</strong></span> <span class='ocrx_word' id='word_1_4' title='bbox 118 293 164 329; x_wconf 68' lang='lat' dir='ltr'><strong>D,</strong></span> <span class='ocrx_word' id='word_1_5' title='bbox 214 295 391 328; x_wconf 82' lang='lat' dir='ltr'><strong>Sereniffime</strong></span> <span class='ocrx_word' id='word_1_6' title='bbox 413 295 548 334; x_wconf 88' lang='lat' dir='ltr'><strong>Princeps</strong></span> <span class='ocrx_word' id='word_1_7' title='bbox 569 294 719 333; x_wconf 84' lang='lat' dir='ltr'><strong>Fraterque</strong></span> <span class='ocrx_word' id='word_1_8' title='bbox 734 293 885 325; x_wconf 86' lang='lat' dir='ltr'><strong>Cariffime</strong></span> <span class='ocrx_word' id='word_1_9' title='bbox 903 315 913 332; x_wconf 83' lang='lat'>‚</span> <span class='ocrx_word' id='word_1_10' title='bbox 930 294 1014 324; x_wconf 88' lang='lat' dir='ltr'><strong>vobis</strong></span> <span class='ocrx_word' id='word_1_11' title='bbox 1027 292 1061 324; x_wconf 88' lang='lat' dir='ltr'><strong>ad</strong></span> <span class='ocrx_word' id='word_1_12' title='bbox 1077 293 1153 325; x_wconf 88' lang='lat' dir='ltr'><strong>Vota</strong></span> <span class='ocrx_word' id='word_1_13' title='bbox 1168 293 1230 324; x_wconf 89' lang='lat' dir='ltr'><strong>suc-</strong></span> 
     </span>
     <span class='ocr_line' id='line_1_3' title="bbox 45 334 692 372; baseline -0.008 -5"><span class='ocrx_word' id='word_1_14' title='bbox 45 342 133 372; x_wconf 78' lang='lat'>1405.</span> <span class='ocrx_word' id='word_1_15' title='bbox 178 335 282 367; x_wconf 88' lang='lat' dir='ltr'>cedant</span> <span class='ocrx_word' id='word_1_16' title='bbox 297 334 354 364; x_wconf 91' lang='lat' dir='ltr'><strong>dies</strong></span> <span class='ocrx_word' id='word_1_17' title='bbox 369 334 493 371; x_wconf 86' lang='lat' dir='ltr'><strong>prosperi</strong></span> <span class='ocrx_word' id='word_1_18' title='bbox 507 337 540 365; x_wconf 74' lang='grc' dir='ltr'><strong>δε</strong></span> <span class='ocrx_word' id='word_1_19' title='bbox 555 334 692 369; x_wconf 80' lang='lat' dir='ltr'><strong>longaevi.</strong></span> 
     </span>
     <span class='ocr_line' id='line_1_4' title="bbox 30 369 1230 410; baseline 0 -10"><span class='ocrx_word' id='word_1_20' title='bbox 30 377 95 401; x_wconf 66' lang='lat' dir='ltr'><strong>lien.</strong></span> <span class='ocrx_word' id='word_1_21' title='bbox 112 381 141 409; x_wconf 87' lang='lat'><strong>4.</strong></span> <span class='ocrx_word' id='word_1_22' title='bbox 214 372 248 403; x_wconf 91' lang='lat' dir='ltr'><strong>In</strong></span> <span class='ocrx_word' id='word_1_23' title='bbox 263 373 338 410; x_wconf 83' lang='lat' dir='ltr'><strong>cujus</strong></span> <span class='ocrx_word' id='word_1_24' title='bbox 351 373 391 402; x_wconf 88' lang='lat' dir='ltr'><strong>rei</strong></span> <span class='ocrx_word' id='word_1_25' title='bbox 406 371 599 403; x_wconf 89' lang='lat' dir='ltr'><strong>testimonium</strong></span> <span class='ocrx_word' id='word_1_26' title='bbox 616 373 662 402; x_wconf 84' lang='lat' dir='ltr'><strong>has</strong></span> <span class='ocrx_word' id='word_1_27' title='bbox 680 371 783 401; x_wconf 88' lang='lat' dir='ltr'><strong>Literas</strong></span> <span class='ocrx_word' id='word_1_28' title='bbox 803 369 910 400; x_wconf 87' lang='lat' dir='ltr'><strong>nostras</strong></span> <span class='ocrx_word' id='word_1_29' title='bbox 930 369 1068 405; x_wconf 67' lang='lat' dir='ltr'><strong>fecimus,</strong></span> <span class='ocrx_word' id='word_1_30' title='bbox 1084 370 1230 409; x_wconf 89' lang='lat' dir='ltr'>nostrique</span> 
     </span>
    </p>
   </div>
   <div class='ocr_carea' id='block_1_3' title="bbox 174 408 1231 601">
    <p class='ocr_par' dir='ltr' id='par_1_3' title="bbox 176 408 1229 480">
     <span class='ocr_line' id='line_1_5' title="bbox 176 408 1229 447; baseline -0.004 -5"><span class='ocrx_word' id='word_1_31' title='bbox 176 410 315 442; x_wconf 86' lang='lat' dir='ltr'>Nominis</span> <span class='ocrx_word' id='word_1_32' title='bbox 328 411 500 446; x_wconf 79' lang='lat' dir='ltr'><strong>appolitione</strong></span> <span class='ocrx_word' id='word_1_33' title='bbox 516 411 711 442; x_wconf 82' lang='lat' dir='ltr'>roboravimus</span> <span class='ocrx_word' id='word_1_34' title='bbox 723 431 734 447; x_wconf 88' lang='lat'><strong>,</strong></span> <span class='ocrx_word' id='word_1_35' title='bbox 752 409 785 439; x_wconf 73' lang='grc' dir='ltr'><strong>ὃ(</strong></span> <span class='ocrx_word' id='word_1_36' title='bbox 807 408 901 445; x_wconf 84' lang='lat' dir='ltr'><strong>Sigilli</strong></span> <span class='ocrx_word' id='word_1_37' title='bbox 918 408 1005 438; x_wconf 84' lang='lat' dir='ltr'><strong>nostri</strong></span> <span class='ocrx_word' id='word_1_38' title='bbox 1019 408 1125 446; x_wconf 83' lang='lat' dir='ltr'>Magni</span> <span class='ocrx_word' id='word_1_39' title='bbox 1139 417 1229 447; x_wconf 86' lang='lat' dir='ltr'><strong>appo-</strong></span> 
     </span>
     <span class='ocr_line' id='line_1_6' title="bbox 176 449 610 480; baseline -0.007 0"><span class='ocrx_word' id='word_1_40' title='bbox 176 450 275 480; x_wconf 77' lang='lat' dir='ltr'><strong>sitione</strong></span> <span class='ocrx_word' id='word_1_41' title='bbox 291 449 392 477; x_wconf 86' lang='lat' dir='ltr'><strong>muniri</strong></span> <span class='ocrx_word' id='word_1_42' title='bbox 408 450 610 479; x_wconf 68' lang='lat' dir='ltr'><strong>mandavimus.</strong></span> 
     </span>
    </p>

    <p class='ocr_par' dir='ltr' id='par_1_4' title="bbox 174 483 1231 601">
     <span class='ocr_line' id='line_1_7' title="bbox 214 483 1229 524; baseline -0.001 -8"><span class='ocrx_word' id='word_1_43' title='bbox 214 486 283 516; x_wconf 88' lang='lat' dir='ltr'><strong>Dat.</strong></span> <span class='ocrx_word' id='word_1_44' title='bbox 308 489 336 515; x_wconf 80' lang='lat' dir='ltr'><strong>in</strong></span> <span class='ocrx_word' id='word_1_45' title='bbox 364 489 490 516; x_wconf 79' lang='lat' dir='ltr'><strong>Manerio</strong></span> <span class='ocrx_word' id='word_1_46' title='bbox 517 487 602 524; x_wconf 76' lang='lat' dir='ltr'><strong>nostro</strong></span> <span class='ocrx_word' id='word_1_47' title='bbox 625 486 658 515; x_wconf 83' lang='lat' dir='ltr'><strong>de</strong></span> <span class='ocrx_word' id='word_1_48' title='bbox 681 483 801 515; x_wconf 86' lang='lat' dir='ltr'><strong>Eltham</strong></span> <span class='ocrx_word' id='word_1_49' title='bbox 815 507 825 523; x_wconf 87' lang='lat'><strong>,</strong></span> <span class='ocrx_word' id='word_1_50' title='bbox 844 483 894 515; x_wconf 90' lang='lat' dir='ltr'><strong>sub</strong></span> <span class='ocrx_word' id='word_1_51' title='bbox 912 484 1015 523; x_wconf 84' lang='lat' dir='ltr'>Magni</span> <span class='ocrx_word' id='word_1_52' title='bbox 1032 484 1124 522; x_wconf 82' lang='lat' dir='ltr'><strong>sigilli</strong></span> <span class='ocrx_word' id='word_1_53' title='bbox 1139 485 1229 516; x_wconf 87' lang='lat' dir='ltr'><strong>nostri</strong></span> 
     </span>
     <span class='ocr_line' id='line_1_8' title="bbox 174 523 1230 562; baseline -0.002 -7"><span class='ocrx_word' id='word_1_54' title='bbox 174 523 342 555; x_wconf 88' lang='lat' dir='ltr'><strong>testimonio</strong></span> <span class='ocrx_word' id='word_1_55' title='bbox 358 546 367 561; x_wconf 95' lang='lat'><strong>,</strong></span> <span class='ocrx_word' id='word_1_56' title='bbox 382 525 519 556; x_wconf 82' lang='lat' dir='ltr'><strong>vicesimo</strong></span> <span class='ocrx_word' id='word_1_57' title='bbox 542 525 661 562; x_wconf 86' lang='lat' dir='ltr'><strong>septimo</strong></span> <span class='ocrx_word' id='word_1_58' title='bbox 676 524 722 554; x_wconf 90' lang='lat' dir='ltr'><strong>die</strong></span> <span class='ocrx_word' id='word_1_59' title='bbox 737 523 925 560; x_wconf 84' lang='lat' dir='ltr'><strong>Decembris,</strong></span> <span class='ocrx_word' id='word_1_60' title='bbox 943 523 1030 554; x_wconf 88' lang='lat' dir='ltr'><strong>Anno</strong></span> <span class='ocrx_word' id='word_1_61' title='bbox 1048 525 1084 554; x_wconf 92' lang='lat' dir='ltr'><strong>ab</strong></span> <span class='ocrx_word' id='word_1_62' title='bbox 1099 523 1230 554; x_wconf 84' lang='lat' dir='ltr'><strong>Incarna-</strong></span> 
     </span>
     <span class='ocr_line' id='line_1_9' title="bbox 175 561 1231 601; baseline -0.002 -8"><span class='ocrx_word' id='word_1_63' title='bbox 175 564 253 593; x_wconf 87' lang='lat' dir='ltr'><strong>tione</strong></span> <span class='ocrx_word' id='word_1_64' title='bbox 268 561 570 601; x_wconf 86' lang='lat' dir='ltr'><strong>Domini,secundum</strong></span> <span class='ocrx_word' id='word_1_65' title='bbox 587 562 710 593; x_wconf 89' lang='lat' dir='ltr'>Cursum</span> <span class='ocrx_word' id='word_1_66' title='bbox 728 563 762 593; x_wconf 89' lang='lat'>&amp;</span> <span class='ocrx_word' id='word_1_67' title='bbox 781 562 882 592; x_wconf 90' lang='lat' dir='ltr'><strong>Stilum</strong></span> <span class='ocrx_word' id='word_1_68' title='bbox 902 562 1036 593; x_wconf 75' lang='lat' dir='ltr'><strong>Ecclesiae</strong></span> <span class='ocrx_word' id='word_1_69' title='bbox 1052 562 1231 600; x_wconf 80' lang='lat' dir='ltr'><strong>Anglicanae,</strong></span> 
     </span>
    </p>
   </div>
   <div class='ocr_carea' id='block_1_4' title="bbox 177 599 1230 677">
    <p class='ocr_par' dir='ltr' id='par_1_5' title="bbox 177 599 1230 677">
     <span class='ocr_line' id='line_1_10' title="bbox 177 599 1230 670; baseline 0.001 -41"><span class='ocrx_word' id='word_1_70' title='bbox 177 600 334 670; x_wconf 51' lang='lat' dir='ltr'><strong>IXIilleiirgio</strong></span> <span class='ocrx_word' id='word_1_71' title='bbox 356 600 641 645; x_wconf 68' lang='lat' dir='ltr'><strong>Quadringentesimo</strong></span> <span class='ocrx_word' id='word_1_72' title='bbox 663 601 764 640; x_wconf 88' lang='lat' dir='ltr'><strong>quinto</strong></span> <span class='ocrx_word' id='word_1_73' title='bbox 777 621 789 639; x_wconf 84' lang='grc'>,</span> <span class='ocrx_word' id='word_1_74' title='bbox 814 600 849 631; x_wconf 89' lang='lat'>&amp;</span> <span class='ocrx_word' id='word_1_75' title='bbox 875 599 1045 640; x_wconf 83' lang='lat' dir='ltr'><strong>Regnorum</strong></span> <span class='ocrx_word' id='word_1_76' title='bbox 1068 600 1230 630; x_wconf 85' lang='lat' dir='ltr'><strong>nostrorum</strong></span> 
     </span>
     <span class='ocr_line' id='line_1_11' title="bbox 212 647 424 677; baseline 0.009 -9"><span class='ocrx_word' id='word_1_77' title='bbox 212 648 271 669; x_wconf 88' lang='lat' dir='ltr'><strong>nno</strong></span> <span class='ocrx_word' id='word_1_78' title='bbox 309 647 424 677; x_wconf 88' lang='lat' dir='ltr'><strong>eptimo.</strong></span> 
     </span>
    </p>
   </div>
   <div class='ocr_carea' id='block_1_5' title="bbox 924 727 1197 766">
    <p class='ocr_par' dir='ltr' id='par_1_6' title="bbox 924 727 1197 766">
     <span class='ocr_line' id='line_1_12' title="bbox 924 727 1197 766; baseline -0.018 -9"><span class='ocrx_word' id='word_1_79' title='bbox 924 728 977 757; x_wconf 82' lang='lat' dir='ltr'><strong>Per</strong></span> <span class='ocrx_word' id='word_1_80' title='bbox 995 727 1076 766; x_wconf 72' lang='lat' dir='ltr'><strong>ipftrm</strong></span> <span class='ocrx_word' id='word_1_81' title='bbox 1093 728 1197 761; x_wconf 77' lang='lat' dir='ltr'><strong>Regem.</strong></span> 
     </span>
    </p>
   </div>
   <div class='ocr_carea' id='block_1_6' title="bbox 182 808 1230 822">
    <p class='ocr_par' dir='ltr' id='par_1_7' title="bbox 182 808 1230 822">
     <span class='ocr_line' id='line_1_13' title="bbox 182 808 1230 822; baseline 0 3452"><span class='ocrx_word' id='word_1_82' title='bbox 182 808 1230 822; x_wconf 95' lang='lat' dir='ltr'><strong> </strong></span> 
     </span>
    </p>
   </div>
   <div class='ocr_carea' id='block_1_7' title="bbox 333 867 1064 915">
    <p class='ocr_par' dir='ltr' id='par_1_8' title="bbox 333 867 1064 915">
     <span class='ocr_line' id='line_1_14' title="bbox 333 867 1064 915; baseline 0 -15"><span class='ocrx_word' id='word_1_83' title='bbox 333 870 427 913; x_wconf 82' lang='lat' dir='ltr'><em>Super</em></span> <span class='ocrx_word' id='word_1_84' title='bbox 450 869 567 901; x_wconf 78' lang='lat' dir='ltr'><strong>Gratiis</strong></span> <span class='ocrx_word' id='word_1_85' title='bbox 586 869 794 915; x_wconf 67' lang='lat' dir='ltr'><strong>Expei‘lativis</strong></span> <span class='ocrx_word' id='word_1_86' title='bbox 813 869 949 900; x_wconf 84' lang='lat' dir='ltr'><strong>Licentia</strong></span> <span class='ocrx_word' id='word_1_87' title='bbox 968 867 1064 912; x_wconf 84' lang='lat' dir='ltr'><strong>Regis.</strong></span> 
     </span>
    </p>
   </div>
   <div class='ocr_carea' id='block_1_8' title="bbox 30 937 878 1032">
    <p class='ocr_par' dir='ltr' id='par_1_9' title="bbox 30 937 878 1032">
     <span class='ocr_line' id='line_1_15' title="bbox 30 937 878 1006; baseline 0.013 -29"><span class='ocrx_word' id='word_1_88' title='bbox 30 938 106 971; x_wconf 70' lang='lat' dir='ltr'><strong>Asm·</strong></span> <span class='ocrx_word' id='word_1_89' title='bbox 122 937 163 968; x_wconf 84' lang='lat' dir='ltr'><strong>D·</strong></span> <span class='ocrx_word' id='word_1_90' title='bbox 184 950 312 1006; x_wconf 79' lang='lat' dir='ltr'><strong>REX</strong></span> <span class='ocrx_word' id='word_1_91' title='bbox 325 951 492 1000; x_wconf 69' lang='lat' dir='ltr'><strong>Omnibus,</strong></span> <span class='ocrx_word' id='word_1_92' title='bbox 510 953 545 984; x_wconf 89' lang='lat' dir='ltr'><strong>ad</strong></span> <span class='ocrx_word' id='word_1_93' title='bbox 559 964 646 992; x_wconf 86' lang='lat' dir='ltr'><strong>quos,</strong></span> <span class='ocrx_word' id='word_1_94' title='bbox 663 954 724 984; x_wconf 68' lang='grc' dir='ltr'><strong>ὅτε.</strong></span> <span class='ocrx_word' id='word_1_95' title='bbox 743 953 878 984; x_wconf 88' lang='lat' dir='ltr'><strong>Salutem.</strong></span> 
     </span>
     <span class='ocr_line' id='line_1_16' title="bbox 282 990 495 1032; baseline 0.005 -11"><span class='ocrx_word' id='word_1_96' title='bbox 282 990 381 1022; x_wconf 86' lang='lat' dir='ltr'><strong>Sciatis</strong></span> <span class='ocrx_word' id='word_1_97' title='bbox 398 991 495 1032; x_wconf 88' lang='lat' dir='ltr'><strong>quod,</strong></span> 
     </span>
    </p>
   </div>
   <div class='ocr_carea' id='block_1_9' title="bbox 31 1023 1233 1242">
    <p class='ocr_par' dir='ltr' id='par_1_10' title="bbox 31 1023 1233 1146">
     <span class='ocr_line' id='line_1_17' title="bbox 31 1023 1233 1068; baseline -0.004 -7"><span class='ocrx_word' id='word_1_98' title='bbox 31 1023 85 1046; x_wconf 70' lang='lat'><strong><em>⁴4⁷¹·</em></strong></span> <span class='ocrx_word' id='word_1_99' title='bbox 99 1026 112 1052; x_wconf 92' lang='lat'>7</span> <span class='ocrx_word' id='word_1_100' title='bbox 215 1028 297 1060; x_wconf 80' lang='lat' dir='ltr'><strong>Cum</strong></span> <span class='ocrx_word' id='word_1_101' title='bbox 331 1038 362 1060; x_wconf 90' lang='lat' dir='ltr'><strong>ut</strong></span> <span class='ocrx_word' id='word_1_102' title='bbox 377 1031 557 1068; x_wconf 88' lang='lat' dir='ltr'><strong>accepimus,</strong></span> <span class='ocrx_word' id='word_1_103' title='bbox 575 1029 747 1062; x_wconf 86' lang='lat' dir='ltr'><strong>Venerabilis</strong></span> <span class='ocrx_word' id='word_1_104' title='bbox 761 1029 860 1066; x_wconf 88' lang='lat' dir='ltr'><strong>Pater,</strong></span> <span class='ocrx_word' id='word_1_105' title='bbox 879 1027 1029 1058; x_wconf 75' lang='lat' dir='ltr'><strong>Richardus</strong></span> <span class='ocrx_word' id='word_1_106' title='bbox 1036 1027 1174 1068; x_wconf 78' lang='lat' dir='ltr'><strong>Epifiopus</strong></span> <span class='ocrx_word' id='word_1_107' title='bbox 1181 1031 1233 1057; x_wconf 82' lang='lat' dir='ltr'><strong>Sa-</strong></span> 
     </span>
     <span class='ocr_line' id='line_1_18' title="bbox 32 1052 1231 1106; baseline 0 -9"><span class='ocrx_word' id='word_1_108' title='bbox 32 1061 67 1084; x_wconf 80' lang='lat' dir='ltr'><strong>H.</strong></span> <span class='ocrx_word' id='word_1_109' title='bbox 85 1065 104 1090; x_wconf 88' lang='lat'>4</span> <span class='ocrx_word' id='word_1_110' title='bbox 173 1077 234 1098; x_wconf 75' lang='lat' dir='ltr'><strong>rum</strong></span> <span class='ocrx_word' id='word_1_111' title='bbox 253 1052 387 1099; x_wconf 71' lang='lat' dir='ltr'><strong>desideret</strong></span> <span class='ocrx_word' id='word_1_112' title='bbox 408 1068 442 1099; x_wconf 89' lang='lat'>&amp;</span> <span class='ocrx_word' id='word_1_113' title='bbox 465 1069 588 1098; x_wconf 85' lang='lat' dir='ltr'><strong>intendat</strong></span> <span class='ocrx_word' id='word_1_114' title='bbox 605 1067 740 1106; x_wconf 89' lang='lat' dir='ltr'><strong>quosdam</strong></span> <span class='ocrx_word' id='word_1_115' title='bbox 755 1067 885 1098; x_wconf 88' lang='lat' dir='ltr'><strong>Clericos</strong></span> <span class='ocrx_word' id='word_1_116' title='bbox 908 1067 1020 1097; x_wconf 85' lang='lat' dir='ltr'><strong>nostros</strong></span> <span class='ocrx_word' id='word_1_117' title='bbox 1050 1067 1084 1098; x_wconf 87' lang='lat'>&amp;</span> <span class='ocrx_word' id='word_1_118' title='bbox 1109 1067 1231 1097; x_wconf 89' lang='lat' dir='ltr'><strong>similiter</strong></span> 
     </span>
     <span class='ocr_line' id='line_1_19' title="bbox 32 1099 1232 1146; baseline -0.002 -8"><span class='ocrx_word' id='word_1_119' title='bbox 32 1099 90 1122; x_wconf 38' lang='grc' dir='ltr'><strong>ΡΜ</strong></span> <span class='ocrx_word' id='word_1_120' title='bbox 106 1103 134 1128; x_wconf 86' lang='grc'><strong>7·</strong></span> <span class='ocrx_word' id='word_1_121' title='bbox 181 1107 263 1146; x_wconf 86' lang='lat' dir='ltr'><strong>ipiius</strong></span> <span class='ocrx_word' id='word_1_122' title='bbox 297 1105 458 1144; x_wconf 88' lang='lat' dir='ltr'><strong>Episcopi,</strong></span> <span class='ocrx_word' id='word_1_123' title='bbox 475 1106 606 1137; x_wconf 89' lang='lat' dir='ltr'><strong>discretos</strong></span> <span class='ocrx_word' id='word_1_124' title='bbox 626 1106 659 1137; x_wconf 89' lang='lat'>&amp;</span> <span class='ocrx_word' id='word_1_125' title='bbox 681 1105 819 1137; x_wconf 88' lang='lat' dir='ltr'><strong>virtuosos</strong></span> <span class='ocrx_word' id='word_1_126' title='bbox 831 1128 840 1143; x_wconf 91' lang='lat'><strong>,</strong></span> <span class='ocrx_word' id='word_1_127' title='bbox 862 1106 896 1137; x_wconf 92' lang='lat' dir='ltr'><strong>ad</strong></span> <span class='ocrx_word' id='word_1_128' title='bbox 918 1105 1055 1137; x_wconf 87' lang='lat' dir='ltr'><strong>Beneficia</strong></span> <span class='ocrx_word' id='word_1_129' title='bbox 1094 1104 1232 1137; x_wconf 83' lang='lat' dir='ltr'><strong>Ecclesia—</strong></span> 
     </span>
    </p>

    <p class='ocr_par' dir='ltr' id='par_1_11' title="bbox 32 1137 1233 1221">
     <span class='ocr_line' id='line_1_20' title="bbox 32 1137 1233 1208; baseline -0.002 -31"><span class='ocrx_word' id='word_1_130' title='bbox 32 1137 135 1208; x_wconf 42' lang='lat' dir='ltr'><strong>?ffm</strong></span> <span class='ocrx_word' id='word_1_131' title='bbox 180 1146 264 1183; x_wconf 82' lang='lat' dir='ltr'><strong>stica,</strong></span> <span class='ocrx_word' id='word_1_132' title='bbox 280 1145 316 1176; x_wconf 87' lang='lat' dir='ltr'><strong>ad</strong></span> <span class='ocrx_word' id='word_1_133' title='bbox 330 1144 511 1176; x_wconf 87' lang='lat' dir='ltr'><strong>collationem</strong></span> <span class='ocrx_word' id='word_1_134' title='bbox 530 1144 608 1175; x_wconf 91' lang='lat' dir='ltr'><strong>suam</strong></span> <span class='ocrx_word' id='word_1_135' title='bbox 622 1144 790 1184; x_wconf 68' lang='lat' dir='ltr'><strong>spectantia,</strong></span> <span class='ocrx_word' id='word_1_136' title='bbox 808 1146 878 1176; x_wconf 80' lang='lat' dir='ltr'><strong>cum</strong></span> <span class='ocrx_word' id='word_1_137' title='bbox 910 1145 1085 1183; x_wconf 85' lang='lat' dir='ltr'><strong>vacaverint,</strong></span> <span class='ocrx_word' id='word_1_138' title='bbox 1109 1154 1233 1183; x_wconf 89' lang='lat' dir='ltr'><strong>promo-</strong></span> 
     </span>
     <span class='ocr_line' id='line_1_21' title="bbox 54 1193 269 1221; baseline -0.019 -4"><span class='ocrx_word' id='word_1_139' title='bbox 54 1193 59 1198; x_wconf 86' lang='grc'>’</span> <span class='ocrx_word' id='word_1_140' title='bbox 87 1194 93 1199; x_wconf 86' lang='grc'><em>·</em></span> <span class='ocrx_word' id='word_1_141' title='bbox 139 1193 145 1199; x_wconf 85' lang='grc'><em>·</em></span> <span class='ocrx_word' id='word_1_142' title='bbox 183 1193 269 1221; x_wconf 85' lang='lat' dir='ltr'><strong>vere,</strong></span> 
     </span>
    </p>

    <p class='ocr_par' dir='ltr' id='par_1_12' title="bbox 35 1218 81 1242">
     <span class='ocr_line' id='line_1_22' title="bbox 35 1218 81 1242; baseline 0.022 -6"><span class='ocrx_word' id='word_1_143' title='bbox 35 1218 81 1242; x_wconf 67' lang='lat'><strong>19-</strong></span> 
     </span>
    </p>
   </div>
   <div class='ocr_carea' id='block_1_10' title="bbox 47 1220 1269 3377">
    <p class='ocr_par' dir='ltr' id='par_1_13' title="bbox 175 1220 1245 1877">
     <span class='ocr_line' id='line_1_23' title="bbox 218 1220 1231 1261; baseline -0.001 -10"><span class='ocrx_word' id='word_1_144' title='bbox 218 1221 285 1252; x_wconf 91' lang='lat' dir='ltr'><strong>Nos</strong></span> <span class='ocrx_word' id='word_1_145' title='bbox 303 1220 349 1259; x_wconf 90' lang='lat' dir='ltr'><strong>(ad</strong></span> <span class='ocrx_word' id='word_1_146' title='bbox 362 1220 607 1260; x_wconf 88' lang='lat' dir='ltr'><strong>Supplicationem</strong></span> <span class='ocrx_word' id='word_1_147' title='bbox 622 1221 692 1252; x_wconf 47' lang='lat' dir='ltr'><strong>dissi</strong></span> <span class='ocrx_word' id='word_1_148' title='bbox 700 1221 847 1261; x_wconf 87' lang='lat' dir='ltr'><strong>Episcopi)</strong></span> <span class='ocrx_word' id='word_1_149' title='bbox 868 1221 904 1252; x_wconf 91' lang='lat' dir='ltr'><strong>de</strong></span> <span class='ocrx_word' id='word_1_150' title='bbox 913 1221 1013 1252; x_wconf 67' lang='lat' dir='ltr'><strong>Gratia</strong></span> <span class='ocrx_word' id='word_1_151' title='bbox 1026 1221 1121 1252; x_wconf 64' lang='lat' dir='ltr'><strong>nostrii</strong></span> <span class='ocrx_word' id='word_1_152' title='bbox 1127 1220 1231 1258; x_wconf 90' lang='lat' dir='ltr'><strong>specia-</strong></span> 
     </span>
     <span class='ocr_line' id='line_1_24' title="bbox 179 1259 1235 1299; baseline -0.003 -8"><span class='ocrx_word' id='word_1_153' title='bbox 179 1260 218 1299; x_wconf 84' lang='lat' dir='ltr'><strong>li,</strong></span> <span class='ocrx_word' id='word_1_154' title='bbox 235 1259 434 1290; x_wconf 73' lang='lat' dir='ltr'><strong>concessimus</strong></span> <span class='ocrx_word' id='word_1_155' title='bbox 447 1261 480 1290; x_wconf 91' lang='lat'>&amp;</span> <span class='ocrx_word' id='word_1_156' title='bbox 500 1260 661 1291; x_wconf 88' lang='lat' dir='ltr'><strong>Licentiam</strong></span> <span class='ocrx_word' id='word_1_157' title='bbox 684 1260 827 1291; x_wconf 87' lang='lat' dir='ltr'><strong>Dedimus</strong></span> <span class='ocrx_word' id='word_1_158' title='bbox 849 1260 928 1298; x_wconf 85' lang='lat' dir='ltr'><strong>quod</strong></span> <span class='ocrx_word' id='word_1_159' title='bbox 950 1259 1064 1291; x_wconf 86' lang='lat' dir='ltr'><strong>Decem</strong></span> <span class='ocrx_word' id='word_1_160' title='bbox 1088 1259 1235 1296; x_wconf 81' lang='lat' dir='ltr'><strong>Personae,</strong></span> 
     </span>
     <span class='ocr_line' id='line_1_25' title="bbox 181 1297 1235 1337; baseline -0.002 -9"><span class='ocrx_word' id='word_1_161' title='bbox 181 1298 307 1329; x_wconf 79' lang='lat' dir='ltr'><strong>discretae</strong></span> <span class='ocrx_word' id='word_1_162' title='bbox 321 1298 353 1329; x_wconf 88' lang='lat'>&amp;</span> <span class='ocrx_word' id='word_1_163' title='bbox 368 1298 516 1337; x_wconf 76' lang='lat' dir='ltr'><strong>virtuosae,</strong></span> <span class='ocrx_word' id='word_1_164' title='bbox 534 1298 685 1330; x_wconf 79' lang='lat' dir='ltr'><strong>Graduatae</strong></span> <span class='ocrx_word' id='word_1_165' title='bbox 699 1299 732 1330; x_wconf 75' lang='grc' dir='ltr'><strong>δε</strong></span> <span class='ocrx_word' id='word_1_166' title='bbox 741 1309 802 1330; x_wconf 87' lang='lat' dir='ltr'><strong>noti</strong></span> <span class='ocrx_word' id='word_1_167' title='bbox 810 1298 980 1336; x_wconf 82' lang='lat' dir='ltr'><strong>Graduatae,</strong></span> <span class='ocrx_word' id='word_1_168' title='bbox 993 1308 1043 1336; x_wconf 93' lang='lat' dir='ltr'><strong>per</strong></span> <span class='ocrx_word' id='word_1_169' title='bbox 1057 1298 1149 1336; x_wconf 83' lang='lat' dir='ltr'><strong>ipsum</strong></span> <span class='ocrx_word' id='word_1_170' title='bbox 1165 1297 1235 1334; x_wconf 91' lang='lat' dir='ltr'><strong>Epi-</strong></span> 
     </span>
     <span class='ocr_line' id='line_1_26' title="bbox 175 1335 1237 1374; baseline -0.001 -7"><span class='ocrx_word' id='word_1_171' title='bbox 175 1337 320 1374; x_wconf 79' lang='lat' dir='ltr'><strong>scopum,</strong></span> <span class='ocrx_word' id='word_1_172' title='bbox 338 1337 398 1367; x_wconf 72' lang='lat' dir='ltr'><strong>tam</strong></span> <span class='ocrx_word' id='word_1_173' title='bbox 413 1337 449 1368; x_wconf 93' lang='lat' dir='ltr'><strong>de</strong></span> <span class='ocrx_word' id='word_1_174' title='bbox 456 1336 574 1368; x_wconf 86' lang='lat' dir='ltr'><strong>Clericis</strong></span> <span class='ocrx_word' id='word_1_175' title='bbox 588 1337 688 1368; x_wconf 88' lang='lat' dir='ltr'><strong>nostris</strong></span> <span class='ocrx_word' id='word_1_176' title='bbox 724 1338 789 1367; x_wconf 75' lang='lat' dir='ltr'><strong>uam</strong></span> <span class='ocrx_word' id='word_1_177' title='bbox 802 1337 838 1367; x_wconf 91' lang='lat' dir='ltr'><strong>de</strong></span> <span class='ocrx_word' id='word_1_178' title='bbox 852 1336 905 1366; x_wconf 87' lang='lat' dir='ltr'><strong>suis</strong></span> <span class='ocrx_word' id='word_1_179' title='bbox 912 1337 1029 1374; x_wconf 87' lang='lat' dir='ltr'><strong>propriis</strong></span> <span class='ocrx_word' id='word_1_180' title='bbox 1037 1335 1237 1373; x_wconf 57' lang='lat' dir='ltr'><strong>nominande,</strong></span> 
     </span>
     <span class='ocr_line' id='line_1_27' title="bbox 181 1375 1238 1413; baseline -0.002 -7"><span class='ocrx_word' id='word_1_181' title='bbox 181 1375 293 1406; x_wconf 80' lang='lat' dir='ltr'><strong>Gratias</strong></span> <span class='ocrx_word' id='word_1_182' title='bbox 304 1375 432 1412; x_wconf 84' lang='lat' dir='ltr'><strong>speciales</strong></span> <span class='ocrx_word' id='word_1_183' title='bbox 447 1375 643 1413; x_wconf 67' lang='lat' dir='ltr'><strong>Expectativas</strong></span> <span class='ocrx_word' id='word_1_184' title='bbox 657 1377 691 1407; x_wconf 89' lang='lat'>&amp;</span> <span class='ocrx_word' id='word_1_185' title='bbox 732 1375 882 1406; x_wconf 85' lang='lat' dir='ltr'><strong>rovifiones</strong></span> <span class='ocrx_word' id='word_1_186' title='bbox 892 1397 902 1412; x_wconf 89' lang='lat'><strong>,</strong></span> <span class='ocrx_word' id='word_1_187' title='bbox 919 1375 998 1413; x_wconf 89' lang='lat' dir='ltr'><strong>super</strong></span> <span class='ocrx_word' id='word_1_188' title='bbox 1011 1375 1238 1413; x_wconf 89' lang='lat' dir='ltr'><strong>quibuscumque</strong></span> 
     </span>
     <span class='ocr_line' id='line_1_28' title="bbox 180 1412 1239 1452; baseline 0 -9"><span class='ocrx_word' id='word_1_189' title='bbox 180 1413 395 1451; x_wconf 80' lang='lat' dir='ltr'><strong>Dignitatibus,</strong></span> <span class='ocrx_word' id='word_1_190' title='bbox 413 1412 654 1451; x_wconf 81' lang='lat' dir='ltr'><strong>Canonicatibus,</strong></span> <span class='ocrx_word' id='word_1_191' title='bbox 672 1413 851 1451; x_wconf 78' lang='lat' dir='ltr'><strong>Praebendis,</strong></span> <span class='ocrx_word' id='word_1_192' title='bbox 869 1412 1002 1452; x_wconf 83' lang='lat' dir='ltr'><strong>Officiis,</strong></span> <span class='ocrx_word' id='word_1_193' title='bbox 1027 1424 1060 1444; x_wconf 90' lang='lat' dir='ltr'><strong>ac</strong></span> <span class='ocrx_word' id='word_1_194' title='bbox 1075 1414 1132 1444; x_wconf 87' lang='lat' dir='ltr'><strong>aliis</strong></span> <span class='ocrx_word' id='word_1_195' title='bbox 1149 1413 1239 1443; x_wconf 89' lang='lat' dir='ltr'><strong>Bene-</strong></span> 
     </span>
     <span class='ocr_line' id='line_1_29' title="bbox 181 1450 1238 1491; baseline -0.002 -8"><span class='ocrx_word' id='word_1_196' title='bbox 181 1451 256 1483; x_wconf 81' lang='lat' dir='ltr'><strong>ficiis</strong></span> <span class='ocrx_word' id='word_1_197' title='bbox 270 1450 468 1483; x_wconf 86' lang='lat' dir='ltr'><strong>Ecclefiasticis</strong></span> <span class='ocrx_word' id='word_1_198' title='bbox 483 1451 724 1491; x_wconf 87' lang='lat' dir='ltr'><strong>quibuscumque,</strong></span> <span class='ocrx_word' id='word_1_199' title='bbox 738 1452 773 1482; x_wconf 92' lang='lat' dir='ltr'><strong>ad</strong></span> <span class='ocrx_word' id='word_1_200' title='bbox 795 1451 875 1490; x_wconf 86' lang='lat' dir='ltr'><strong>ipsius</strong></span> <span class='ocrx_word' id='word_1_201' title='bbox 895 1451 1030 1491; x_wconf 87' lang='lat' dir='ltr'><strong>Episcopi</strong></span> <span class='ocrx_word' id='word_1_202' title='bbox 1045 1451 1238 1483; x_wconf 88' lang='lat' dir='ltr'><strong>Collationem</strong></span> 
     </span>
     <span class='ocr_line' id='line_1_30' title="bbox 183 1489 1238 1530; baseline -0.003 -9"><span class='ocrx_word' id='word_1_203' title='bbox 183 1490 388 1529; x_wconf 63' lang='lat' dir='ltr'><strong>spectantibus,</strong></span> <span class='ocrx_word' id='word_1_204' title='bbox 404 1501 419 1521; x_wconf 89' lang='lat' dir='ltr'><strong>a</strong></span> <span class='ocrx_word' id='word_1_205' title='bbox 434 1490 508 1521; x_wconf 88' lang='lat' dir='ltr'><strong>Sede</strong></span> <span class='ocrx_word' id='word_1_206' title='bbox 524 1489 828 1529; x_wconf 66' lang='lat' dir='ltr'><strong>Apostolicavaleant,</strong></span> <span class='ocrx_word' id='word_1_207' title='bbox 843 1491 878 1522; x_wconf 91' lang='lat'>&amp;</span> <span class='ocrx_word' id='word_1_208' title='bbox 891 1500 988 1521; x_wconf 85' lang='lat' dir='ltr'><strong>earum</strong></span> <span class='ocrx_word' id='word_1_209' title='bbox 1002 1492 1135 1530; x_wconf 71' lang='lat' dir='ltr'><strong>quaelibet</strong></span> <span class='ocrx_word' id='word_1_210' title='bbox 1150 1489 1238 1521; x_wconf 74' lang='lat' dir='ltr'><strong>valeat</strong></span> 
     </span>
     <span class='ocr_line' id='line_1_31' title="bbox 183 1528 1238 1568; baseline -0.004 -7"><span class='ocrx_word' id='word_1_211' title='bbox 183 1531 219 1561; x_wconf 86' lang='lat'>&amp;</span> <span class='ocrx_word' id='word_1_212' title='bbox 233 1528 316 1567; x_wconf 84' lang='lat' dir='ltr'><strong>poffit</strong></span> <span class='ocrx_word' id='word_1_213' title='bbox 331 1551 341 1568; x_wconf 88' lang='lat'><strong>,</strong></span> <span class='ocrx_word' id='word_1_214' title='bbox 366 1530 513 1566; x_wconf 82' lang='lat' dir='ltr'><strong>impetrare</strong></span> <span class='ocrx_word' id='word_1_215' title='bbox 528 1551 538 1567; x_wconf 88' lang='lat'><strong>,</strong></span> <span class='ocrx_word' id='word_1_216' title='bbox 563 1529 596 1560; x_wconf 90' lang='lat'>&amp;</span> <span class='ocrx_word' id='word_1_217' title='bbox 614 1529 772 1568; x_wconf 89' lang='lat' dir='ltr'><strong>hujusmodi</strong></span> <span class='ocrx_word' id='word_1_218' title='bbox 793 1528 932 1560; x_wconf 87' lang='lat' dir='ltr'><strong>Beneficia</strong></span> <span class='ocrx_word' id='word_1_219' title='bbox 954 1537 1116 1568; x_wconf 85' lang='lat' dir='ltr'><strong>acceptare,</strong></span> <span class='ocrx_word' id='word_1_220' title='bbox 1140 1530 1173 1561; x_wconf 74' lang='grc' dir='ltr'><strong>ὃ(</strong></span> <span class='ocrx_word' id='word_1_221' title='bbox 1209 1537 1238 1557; x_wconf 88' lang='lat' dir='ltr'><strong>er</strong></span> 
     </span>
     <span class='ocr_line' id='line_1_32' title="bbox 184 1566 1243 1606; baseline -0.002 -8"><span class='ocrx_word' id='word_1_222' title='bbox 184 1567 356 1599; x_wconf 79' lang='lat' dir='ltr'><strong>Executores</strong></span> <span class='ocrx_word' id='word_1_223' title='bbox 370 1567 403 1597; x_wconf 91' lang='lat'>&amp;</span> <span class='ocrx_word' id='word_1_224' title='bbox 418 1567 645 1598; x_wconf 84' lang='lat' dir='ltr'><strong>Subexecutores</strong></span> <span class='ocrx_word' id='word_1_225' title='bbox 665 1567 726 1599; x_wconf 90' lang='lat' dir='ltr'><strong>suos</strong></span> <span class='ocrx_word' id='word_1_226' title='bbox 749 1567 908 1604; x_wconf 87' lang='lat' dir='ltr'><strong>hujusmodi</strong></span> <span class='ocrx_word' id='word_1_227' title='bbox 924 1566 1106 1606; x_wconf 80' lang='lat' dir='ltr'><strong>Gratiarum,</strong></span> <span class='ocrx_word' id='word_1_228' title='bbox 1122 1578 1156 1599; x_wconf 90' lang='lat' dir='ltr'><strong>ac</strong></span> <span class='ocrx_word' id='word_1_229' title='bbox 1209 1577 1243 1596; x_wconf 92' lang='lat' dir='ltr'><strong>o-</strong></span> 
     </span>
     <span class='ocr_line' id='line_1_33' title="bbox 184 1604 1241 1644; baseline -0.002 -8"><span class='ocrx_word' id='word_1_230' title='bbox 184 1608 287 1644; x_wconf 87' lang='lat' dir='ltr'><strong>tarios,</strong></span> <span class='ocrx_word' id='word_1_231' title='bbox 305 1606 338 1636; x_wconf 90' lang='lat'>&amp;</span> <span class='ocrx_word' id='word_1_232' title='bbox 353 1605 420 1635; x_wconf 87' lang='lat' dir='ltr'><strong>alios</strong></span> <span class='ocrx_word' id='word_1_233' title='bbox 433 1605 626 1644; x_wconf 89' lang='lat' dir='ltr'><strong>quoscumque</strong></span> <span class='ocrx_word' id='word_1_234' title='bbox 641 1605 678 1636; x_wconf 91' lang='lat' dir='ltr'><strong>de</strong></span> <span class='ocrx_word' id='word_1_235' title='bbox 696 1605 825 1636; x_wconf 85' lang='lat' dir='ltr'><strong>Consilio</strong></span> <span class='ocrx_word' id='word_1_236' title='bbox 837 1604 1059 1643; x_wconf 83' lang='lat' dir='ltr'><strong>su0,Proceffus</strong></span> <span class='ocrx_word' id='word_1_237' title='bbox 1072 1607 1101 1636; x_wconf 91' lang='lat' dir='ltr'><strong>in</strong></span> <span class='ocrx_word' id='word_1_238' title='bbox 1118 1607 1170 1637; x_wconf 86' lang='lat' dir='ltr'><strong>hac</strong></span> <span class='ocrx_word' id='word_1_239' title='bbox 1179 1615 1241 1644; x_wconf 77' lang='lat' dir='ltr'><strong>par-</strong></span> 
     </span>
     <span class='ocr_line' id='line_1_34' title="bbox 183 1643 1243 1682; baseline -0.001 -7"><span class='ocrx_word' id='word_1_240' title='bbox 183 1653 211 1675; x_wconf 90' lang='lat' dir='ltr'><strong>te</strong></span> <span class='ocrx_word' id='word_1_241' title='bbox 225 1645 335 1682; x_wconf 86' lang='lat' dir='ltr'><strong>facere,</strong></span> <span class='ocrx_word' id='word_1_242' title='bbox 352 1645 387 1676; x_wconf 89' lang='lat'>&amp;</span> <span class='ocrx_word' id='word_1_243' title='bbox 402 1643 608 1676; x_wconf 78' lang='lat' dir='ltr'><strong>Poffeffionem</strong></span> <span class='ocrx_word' id='word_1_244' title='bbox 622 1643 794 1675; x_wconf 83' lang='lat' dir='ltr'><strong>eorumdem</strong></span> <span class='ocrx_word' id='word_1_245' title='bbox 803 1643 1009 1676; x_wconf 81' lang='lat' dir='ltr'><strong>Beneficiorum</strong></span> <span class='ocrx_word' id='word_1_246' title='bbox 1017 1654 1117 1682; x_wconf 77' lang='lat' dir='ltr'><strong>capere</strong></span> <span class='ocrx_word' id='word_1_247' title='bbox 1130 1645 1243 1676; x_wconf 84' lang='lat' dir='ltr'><strong>&amp;con-</strong></span> 
     </span>
     <span class='ocr_line' id='line_1_35' title="bbox 185 1681 1243 1721; baseline 0 -9"><span class='ocrx_word' id='word_1_248' title='bbox 185 1683 307 1720; x_wconf 85' lang='lat' dir='ltr'><strong>tinuare,</strong></span> <span class='ocrx_word' id='word_1_249' title='bbox 322 1692 356 1713; x_wconf 89' lang='lat' dir='ltr'><strong>ac</strong></span> <span class='ocrx_word' id='word_1_250' title='bbox 369 1683 408 1713; x_wconf 91' lang='lat' dir='ltr'><strong>eis</strong></span> <span class='ocrx_word' id='word_1_251' title='bbox 423 1683 564 1720; x_wconf 83' lang='lat' dir='ltr'><strong>gaudere,</strong></span> <span class='ocrx_word' id='word_1_252' title='bbox 584 1681 771 1714; x_wconf 81' lang='lat' dir='ltr'><strong>Executiones</strong></span> <span class='ocrx_word' id='word_1_253' title='bbox 785 1682 955 1714; x_wconf 89' lang='lat' dir='ltr'><strong>eorumdem</strong></span> <span class='ocrx_word' id='word_1_254' title='bbox 975 1694 1024 1721; x_wconf 89' lang='lat' dir='ltr'><strong>per</strong></span> <span class='ocrx_word' id='word_1_255' title='bbox 1044 1684 1088 1720; x_wconf 83' lang='lat' dir='ltr'><strong>se,</strong></span> <span class='ocrx_word' id='word_1_256' title='bbox 1109 1685 1143 1716; x_wconf 87' lang='lat'>&amp;</span> <span class='ocrx_word' id='word_1_257' title='bbox 1160 1682 1243 1721; x_wconf 87' lang='lat' dir='ltr'><strong>quos-</strong></span> 
     </span>
     <span class='ocr_line' id='line_1_36' title="bbox 187 1721 1244 1761; baseline -0.002 -8"><span class='ocrx_word' id='word_1_258' title='bbox 187 1731 314 1760; x_wconf 88' lang='lat' dir='ltr'><strong>cumque</strong></span> <span class='ocrx_word' id='word_1_259' title='bbox 326 1722 393 1752; x_wconf 89' lang='lat' dir='ltr'><strong>alios</strong></span> <span class='ocrx_word' id='word_1_260' title='bbox 407 1721 444 1752; x_wconf 93' lang='lat' dir='ltr'><strong>de</strong></span> <span class='ocrx_word' id='word_1_261' title='bbox 459 1721 589 1753; x_wconf 87' lang='lat' dir='ltr'><strong>Consilio</strong></span> <span class='ocrx_word' id='word_1_262' title='bbox 604 1721 654 1753; x_wconf 92' lang='lat' dir='ltr'><strong>suo</strong></span> <span class='ocrx_word' id='word_1_263' title='bbox 687 1731 752 1761; x_wconf 85' lang='lat' dir='ltr'><strong>quae</strong></span> <span class='ocrx_word' id='word_1_264' title='bbox 769 1721 798 1751; x_wconf 92' lang='lat' dir='ltr'><strong>in</strong></span> <span class='ocrx_word' id='word_1_265' title='bbox 809 1721 864 1753; x_wconf 78' lang='lat' dir='ltr'><strong>hac</strong></span> <span class='ocrx_word' id='word_1_266' title='bbox 884 1730 960 1760; x_wconf 90' lang='lat' dir='ltr'><strong>parte</strong></span> <span class='ocrx_word' id='word_1_267' title='bbox 978 1722 1127 1752; x_wconf 72' lang='lat' dir='ltr'><strong>necessaria</strong></span> <span class='ocrx_word' id='word_1_268' title='bbox 1141 1721 1244 1752; x_wconf 73' lang='lat' dir='ltr'><strong>fuerint</strong></span> 
     </span>
     <span class='ocr_line' id='line_1_37' title="bbox 188 1744 1245 1799; baseline -0.003 -6"><span class='ocrx_word' id='word_1_269' title='bbox 188 1762 223 1793; x_wconf 87' lang='lat'>&amp;</span> <span class='ocrx_word' id='word_1_270' title='bbox 240 1767 396 1798; x_wconf 86' lang='lat' dir='ltr'><strong>oportuna,</strong></span> <span class='ocrx_word' id='word_1_271' title='bbox 413 1761 587 1799; x_wconf 84' lang='lat' dir='ltr'><strong>ubicumque</strong></span> <span class='ocrx_word' id='word_1_272' title='bbox 602 1761 630 1790; x_wconf 92' lang='lat' dir='ltr'><strong>in</strong></span> <span class='ocrx_word' id='word_1_273' title='bbox 645 1744 741 1792; x_wconf 66' lang='lat' dir='ltr'><strong>dariis</strong></span> <span class='ocrx_word' id='word_1_274' title='bbox 760 1758 977 1792; x_wconf 88' lang='lat' dir='ltr'><strong>Christianitatis</strong></span> <span class='ocrx_word' id='word_1_275' title='bbox 989 1761 1023 1792; x_wconf 90' lang='lat'>&amp;</span> <span class='ocrx_word' id='word_1_276' title='bbox 1037 1761 1119 1798; x_wconf 86' lang='lat' dir='ltr'><strong>alibi,</strong></span> <span class='ocrx_word' id='word_1_277' title='bbox 1136 1760 1245 1797; x_wconf 85' lang='lat' dir='ltr'><strong>facere,</strong></span> 
     </span>
     <span class='ocr_line' id='line_1_38' title="bbox 187 1798 1244 1839; baseline 0 -10"><span class='ocrx_word' id='word_1_278' title='bbox 187 1798 504 1837; x_wconf 82' lang='lat' dir='ltr'><strong>habere,&amp;prosequi,</strong></span> <span class='ocrx_word' id='word_1_279' title='bbox 520 1799 622 1839; x_wconf 81' lang='lat' dir='ltr'><strong>absque</strong></span> <span class='ocrx_word' id='word_1_280' title='bbox 636 1799 832 1838; x_wconf 80' lang='lat' dir='ltr'><strong>impetitione,</strong></span> <span class='ocrx_word' id='word_1_281' title='bbox 848 1798 1063 1839; x_wconf 85' lang='lat' dir='ltr'><strong>molestatione,</strong></span> <span class='ocrx_word' id='word_1_282' title='bbox 1080 1799 1244 1836; x_wconf 77' lang='lat' dir='ltr'><strong>occasione,</strong></span> 
     </span>
     <span class='ocr_line' id='line_1_39' title="bbox 188 1837 994 1877; baseline -0.001 -9"><span class='ocrx_word' id='word_1_283' title='bbox 188 1838 235 1869; x_wconf 86' lang='lat' dir='ltr'><strong>seu</strong></span> <span class='ocrx_word' id='word_1_284' title='bbox 251 1837 460 1877; x_wconf 89' lang='lat' dir='ltr'><strong>impedimento</strong></span> <span class='ocrx_word' id='word_1_285' title='bbox 474 1837 564 1868; x_wconf 86' lang='lat' dir='ltr'><strong>nostri</strong></span> <span class='ocrx_word' id='word_1_286' title='bbox 579 1837 624 1868; x_wconf 88' lang='lat' dir='ltr'><strong>vel</strong></span> <span class='ocrx_word' id='word_1_287' title='bbox 638 1837 796 1869; x_wconf 79' lang='lat' dir='ltr'><strong>Haeredum</strong></span> <span class='ocrx_word' id='word_1_288' title='bbox 811 1838 973 1868; x_wconf 87' lang='lat' dir='ltr'><strong>nostrorum</strong></span> <span class='ocrx_word' id='word_1_289' title='bbox 982 1860 994 1876; x_wconf 83' lang='lat'><strong>,</strong></span> 
     </span>
    </p>

    <p class='ocr_par' dir='ltr' id='par_1_14' title="bbox 186 1875 1249 2031">
     <span class='ocr_line' id='line_1_40' title="bbox 227 1875 1244 1915; baseline 0.001 -9"><span class='ocrx_word' id='word_1_290' title='bbox 227 1875 338 1907; x_wconf 84' lang='lat' dir='ltr'><strong>Statuto</strong></span> <span class='ocrx_word' id='word_1_291' title='bbox 352 1876 388 1907; x_wconf 89' lang='lat' dir='ltr'><strong>de</strong></span> <span class='ocrx_word' id='word_1_292' title='bbox 410 1876 619 1915; x_wconf 88' lang='lat' dir='ltr'><strong>Provisoribus,</strong></span> <span class='ocrx_word' id='word_1_293' title='bbox 646 1877 735 1908; x_wconf 90' lang='lat' dir='ltr'><strong>Anno</strong></span> <span class='ocrx_word' id='word_1_294' title='bbox 760 1876 853 1915; x_wconf 82' lang='lat' dir='ltr'><strong>Regni</strong></span> <span class='ocrx_word' id='word_1_295' title='bbox 870 1875 992 1907; x_wconf 88' lang='lat' dir='ltr'><strong>Domini</strong></span> <span class='ocrx_word' id='word_1_296' title='bbox 1007 1875 1138 1906; x_wconf 79' lang='lat' dir='ltr'><strong>Richardi</strong></span> <span class='ocrx_word' id='word_1_297' title='bbox 1155 1886 1244 1914; x_wconf 83' lang='lat' dir='ltr'><strong>nuper</strong></span> 
     </span>
     <span class='ocr_line' id='line_1_41' title="bbox 186 1913 1247 1954; baseline 0 -9"><span class='ocrx_word' id='word_1_298' title='bbox 186 1917 269 1952; x_wconf 76' lang='lat' dir='ltr'><strong>Regis</strong></span> <span class='ocrx_word' id='word_1_299' title='bbox 283 1914 398 1953; x_wconf 77' lang='lat' dir='ltr'><strong>Angliae</strong></span> <span class='ocrx_word' id='word_1_300' title='bbox 410 1915 523 1945; x_wconf 88' lang='lat' dir='ltr'><strong>secundi</strong></span> <span class='ocrx_word' id='word_1_301' title='bbox 538 1914 602 1954; x_wconf 86' lang='lat' dir='ltr'><strong>post</strong></span> <span class='ocrx_word' id='word_1_302' title='bbox 617 1914 816 1954; x_wconf 85' lang='lat' dir='ltr'><strong>Conquestum</strong></span> <span class='ocrx_word' id='word_1_303' title='bbox 830 1913 932 1945; x_wconf 89' lang='lat' dir='ltr'><strong>Tertio</strong></span> <span class='ocrx_word' id='word_1_304' title='bbox 949 1914 1065 1946; x_wconf 89' lang='lat' dir='ltr'><strong>decimo</strong></span> <span class='ocrx_word' id='word_1_305' title='bbox 1087 1916 1182 1953; x_wconf 74' lang='lat' dir='ltr'><strong>edito,</strong></span> <span class='ocrx_word' id='word_1_306' title='bbox 1200 1923 1247 1945; x_wconf 85' lang='lat' dir='ltr'><strong>aut</strong></span> 
     </span>
     <span class='ocr_line' id='line_1_42' title="bbox 192 1953 1249 1994; baseline -0.002 -9"><span class='ocrx_word' id='word_1_307' title='bbox 192 1954 331 1994; x_wconf 79' lang='lat' dir='ltr'><strong>aliquibus</strong></span> <span class='ocrx_word' id='word_1_308' title='bbox 345 1953 404 1987; x_wconf 81' lang='lat' dir='ltr'><strong>aliis</strong></span> <span class='ocrx_word' id='word_1_309' title='bbox 418 1953 532 1985; x_wconf 88' lang='lat' dir='ltr'><strong>Statutis</strong></span> <span class='ocrx_word' id='word_1_310' title='bbox 551 1954 596 1984; x_wconf 90' lang='lat' dir='ltr'><strong>seu</strong></span> <span class='ocrx_word' id='word_1_311' title='bbox 619 1953 854 1985; x_wconf 86' lang='lat' dir='ltr'><strong>Ordinationibus</strong></span> <span class='ocrx_word' id='word_1_312' title='bbox 868 1975 879 1992; x_wconf 87' lang='lat'><strong>,</strong></span> <span class='ocrx_word' id='word_1_313' title='bbox 903 1953 934 1983; x_wconf 89' lang='lat' dir='ltr'><strong>in</strong></span> <span class='ocrx_word' id='word_1_314' title='bbox 958 1955 1134 1985; x_wconf 85' lang='lat' dir='ltr'><strong>contrarium</strong></span> <span class='ocrx_word' id='word_1_315' title='bbox 1151 1953 1249 1992; x_wconf 60' lang='lat' dir='ltr'><strong>fastis,</strong></span> 
     </span>
     <span class='ocr_line' id='line_1_43' title="bbox 195 1991 461 2031; baseline 0 -8"><span class='ocrx_word' id='word_1_316' title='bbox 195 2002 255 2023; x_wconf 90' lang='lat' dir='ltr'><strong>non</strong></span> <span class='ocrx_word' id='word_1_317' title='bbox 269 1991 461 2031; x_wconf 86' lang='lat' dir='ltr'><strong>obstantibus,</strong></span> 
     </span>
    </p>

    <p class='ocr_par' dir='ltr' id='par_1_15' title="bbox 188 2029 1255 2302">
     <span class='ocr_line' id='line_1_44' title="bbox 230 2029 1251 2070; baseline -0.002 -8"><span class='ocrx_word' id='word_1_318' title='bbox 230 2030 269 2062; x_wconf 89' lang='lat' dir='ltr'><strong>Et</strong></span> <span class='ocrx_word' id='word_1_319' title='bbox 283 2029 415 2070; x_wconf 83' lang='lat' dir='ltr'><strong>ulterius,</strong></span> <span class='ocrx_word' id='word_1_320' title='bbox 434 2030 470 2062; x_wconf 91' lang='lat' dir='ltr'><strong>de</strong></span> <span class='ocrx_word' id='word_1_321' title='bbox 483 2031 606 2062; x_wconf 84' lang='lat' dir='ltr'><strong>uberiori</strong></span> <span class='ocrx_word' id='word_1_322' title='bbox 621 2030 720 2061; x_wconf 82' lang='lat' dir='ltr'><strong>Gratia</strong></span> <span class='ocrx_word' id='word_1_323' title='bbox 735 2029 843 2069; x_wconf 88' lang='lat' dir='ltr'><strong>nostra,</strong></span> <span class='ocrx_word' id='word_1_324' title='bbox 863 2038 996 2068; x_wconf 88' lang='lat' dir='ltr'><strong>quantum</strong></span> <span class='ocrx_word' id='word_1_325' title='bbox 1011 2031 1041 2061; x_wconf 89' lang='lat' dir='ltr'><strong>in</strong></span> <span class='ocrx_word' id='word_1_326' title='bbox 1056 2030 1139 2062; x_wconf 90' lang='lat' dir='ltr'><strong>nobis</strong></span> <span class='ocrx_word' id='word_1_327' title='bbox 1151 2030 1191 2062; x_wconf 89' lang='lat' dir='ltr'><strong>est</strong></span> <span class='ocrx_word' id='word_1_328' title='bbox 1215 2038 1251 2061; x_wconf 86' lang='lat' dir='ltr'><strong>ex</strong></span> 
     </span>
     <span class='ocr_line' id='line_1_45' title="bbox 190 2068 1251 2108; baseline -0.002 -7"><span class='ocrx_word' id='word_1_329' title='bbox 190 2078 269 2101; x_wconf 88' lang='lat' dir='ltr'><strong>certa</strong></span> <span class='ocrx_word' id='word_1_330' title='bbox 283 2069 396 2100; x_wconf 90' lang='lat' dir='ltr'><strong>scientia</strong></span> <span class='ocrx_word' id='word_1_331' title='bbox 408 2069 519 2108; x_wconf 86' lang='lat' dir='ltr'><strong>nostra,</strong></span> <span class='ocrx_word' id='word_1_332' title='bbox 537 2069 677 2100; x_wconf 88' lang='lat' dir='ltr'><strong>Volumus</strong></span> <span class='ocrx_word' id='word_1_333' title='bbox 692 2069 724 2099; x_wconf 87' lang='lat'>&amp;</span> <span class='ocrx_word' id='word_1_334' title='bbox 749 2068 950 2101; x_wconf 86' lang='lat' dir='ltr'><strong>Concedimus</strong></span> <span class='ocrx_word' id='word_1_335' title='bbox 964 2078 999 2100; x_wconf 82' lang='lat' dir='ltr'><strong>ut</strong></span> <span class='ocrx_word' id='word_1_336' title='bbox 1016 2069 1176 2108; x_wconf 83' lang='lat' dir='ltr'><strong>hujusmodi</strong></span> <span class='ocrx_word' id='word_1_337' title='bbox 1222 2079 1251 2099; x_wconf 91' lang='lat' dir='ltr'><strong>e-</strong></span> 
     </span>
     <span class='ocr_line' id='line_1_46' title="bbox 190 2107 1253 2146; baseline -0.002 -6"><span class='ocrx_word' id='word_1_338' title='bbox 190 2117 261 2140; x_wconf 84' lang='lat' dir='ltr'><strong>cem</strong></span> <span class='ocrx_word' id='word_1_339' title='bbox 275 2107 404 2139; x_wconf 82' lang='lat' dir='ltr'><strong>Personae</strong></span> <span class='ocrx_word' id='word_1_340' title='bbox 413 2130 423 2146; x_wconf 88' lang='lat'><strong>,</strong></span> <span class='ocrx_word' id='word_1_341' title='bbox 439 2118 487 2146; x_wconf 87' lang='lat' dir='ltr'><strong>per</strong></span> <span class='ocrx_word' id='word_1_342' title='bbox 500 2108 593 2146; x_wconf 90' lang='lat' dir='ltr'><strong>ipsum</strong></span> <span class='ocrx_word' id='word_1_343' title='bbox 608 2107 781 2145; x_wconf 86' lang='lat' dir='ltr'><strong>Episcopum</strong></span> <span class='ocrx_word' id='word_1_344' title='bbox 798 2108 1036 2146; x_wconf 85' lang='lat' dir='ltr'><strong>qualitercumque</strong></span> <span class='ocrx_word' id='word_1_345' title='bbox 1050 2107 1233 2139; x_wconf 79' lang='lat' dir='ltr'><strong>nominandae</strong></span> <span class='ocrx_word' id='word_1_346' title='bbox 1242 2130 1253 2146; x_wconf 91' lang='lat'><strong>,</strong></span> 
     </span>
     <span class='ocr_line' id='line_1_47' title="bbox 194 2144 1252 2185; baseline -0.002 -7"><span class='ocrx_word' id='word_1_347' title='bbox 194 2148 228 2178; x_wconf 84' lang='lat' dir='ltr'><strong>in</strong></span> <span class='ocrx_word' id='word_1_348' title='bbox 243 2146 426 2178; x_wconf 84' lang='lat' dir='ltr'><strong>Assecutione</strong></span> <span class='ocrx_word' id='word_1_349' title='bbox 442 2156 691 2185; x_wconf 85' lang='lat' dir='ltr'><strong>quorumcumque</strong></span> <span class='ocrx_word' id='word_1_350' title='bbox 705 2144 930 2185; x_wconf 79' lang='lat' dir='ltr'><strong>Beneficiorum,</strong></span> <span class='ocrx_word' id='word_1_351' title='bbox 946 2148 976 2177; x_wconf 87' lang='lat' dir='ltr'><strong>in</strong></span> <span class='ocrx_word' id='word_1_352' title='bbox 989 2146 1114 2178; x_wconf 82' lang='lat' dir='ltr'><strong>Ecclesia</strong></span> <span class='ocrx_word' id='word_1_353' title='bbox 1131 2146 1176 2177; x_wconf 90' lang='lat' dir='ltr'><strong>sua</strong></span> <span class='ocrx_word' id='word_1_354' title='bbox 1191 2146 1252 2176; x_wconf 88' lang='lat' dir='ltr'><strong>Ca-</strong></span> 
     </span>
     <span class='ocr_line' id='line_1_48' title="bbox 193 2182 1253 2223; baseline -0.003 -6"><span class='ocrx_word' id='word_1_355' title='bbox 193 2185 315 2217; x_wconf 85' lang='lat' dir='ltr'><strong>thedrali</strong></span> <span class='ocrx_word' id='word_1_356' title='bbox 329 2185 430 2217; x_wconf 86' lang='lat' dir='ltr'><strong>Sarum</strong></span> <span class='ocrx_word' id='word_1_357' title='bbox 443 2185 670 2223; x_wconf 80' lang='lat' dir='ltr'><strong>Vacaturorum,</strong></span> <span class='ocrx_word' id='word_1_358' title='bbox 686 2184 731 2215; x_wconf 90' lang='lat' dir='ltr'><strong>seu</strong></span> <span class='ocrx_word' id='word_1_359' title='bbox 754 2184 789 2214; x_wconf 88' lang='lat' dir='ltr'><strong>ad</strong></span> <span class='ocrx_word' id='word_1_360' title='bbox 810 2182 1005 2216; x_wconf 88' lang='lat' dir='ltr'><strong>Collationem</strong></span> <span class='ocrx_word' id='word_1_361' title='bbox 1025 2185 1097 2216; x_wconf 68' lang='lat' dir='ltr'><strong>dieti</strong></span> <span class='ocrx_word' id='word_1_362' title='bbox 1120 2184 1253 2223; x_wconf 89' lang='lat' dir='ltr'><strong>Episcopi</strong></span> 
     </span>
     <span class='ocr_line' id='line_1_49' title="bbox 195 2223 1255 2264; baseline -0.001 -9"><span class='ocrx_word' id='word_1_363' title='bbox 195 2223 400 2263; x_wconf 66' lang='lat' dir='ltr'><strong>spectantium,</strong></span> <span class='ocrx_word' id='word_1_364' title='bbox 418 2223 525 2264; x_wconf 87' lang='lat' dir='ltr'><strong>Vigore</strong></span> <span class='ocrx_word' id='word_1_365' title='bbox 547 2224 705 2254; x_wconf 83' lang='lat' dir='ltr'><strong>Literarum</strong></span> <span class='ocrx_word' id='word_1_366' title='bbox 726 2223 884 2254; x_wconf 87' lang='lat' dir='ltr'><strong>nostrarum</strong></span> <span class='ocrx_word' id='word_1_367' title='bbox 905 2223 1098 2262; x_wconf 81' lang='lat' dir='ltr'><strong>praesentium,</strong></span> <span class='ocrx_word' id='word_1_368' title='bbox 1115 2223 1255 2255; x_wconf 87' lang='lat' dir='ltr'><strong>Volunta-</strong></span> 
     </span>
     <span class='ocr_line' id='line_1_50' title="bbox 188 2261 1254 2302; baseline -0.002 -8"><span class='ocrx_word' id='word_1_369' title='bbox 188 2264 249 2302; x_wconf 26' lang='lat' dir='ltr'><strong>rtis,</strong></span> <span class='ocrx_word' id='word_1_370' title='bbox 266 2263 300 2294; x_wconf 91' lang='lat'>&amp;</span> <span class='ocrx_word' id='word_1_371' title='bbox 316 2261 532 2301; x_wconf 69' lang='lat' dir='ltr'><strong>Conceffionts,</strong></span> <span class='ocrx_word' id='word_1_372' title='bbox 549 2264 682 2293; x_wconf 90' lang='lat' dir='ltr'><strong>omnibus</strong></span> <span class='ocrx_word' id='word_1_373' title='bbox 693 2262 750 2292; x_wconf 84' lang='lat' dir='ltr'><strong>aliis</strong></span> <span class='ocrx_word' id='word_1_374' title='bbox 764 2261 909 2301; x_wconf 87' lang='lat' dir='ltr'><strong>Personis,</strong></span> <span class='ocrx_word' id='word_1_375' title='bbox 935 2263 970 2293; x_wconf 92' lang='lat' dir='ltr'><strong>ali</strong></span> <span class='ocrx_word' id='word_1_376' title='bbox 990 2273 1036 2293; x_wconf 90' lang='lat' dir='ltr'><strong>uas</strong></span> <span class='ocrx_word' id='word_1_377' title='bbox 1053 2262 1192 2293; x_wconf 87' lang='lat' dir='ltr'><strong>Licentias</strong></span> <span class='ocrx_word' id='word_1_378' title='bbox 1210 2272 1254 2292; x_wconf 90' lang='lat' dir='ltr'><strong>re-</strong></span> 
     </span>
    </p>

    <p class='ocr_par' dir='ltr' id='par_1_16' title="bbox 221 2299 1254 2340">
     <span class='ocr_line' id='line_1_51' title="bbox 221 2299 1254 2340; baseline -0.001 -9"><span class='ocrx_word' id='word_1_379' title='bbox 221 2301 258 2332; x_wconf 91' lang='lat' dir='ltr'><strong>ias</strong></span> <span class='ocrx_word' id='word_1_380' title='bbox 271 2300 472 2332; x_wconf 85' lang='lat' dir='ltr'><strong>Provifionum</strong></span> <span class='ocrx_word' id='word_1_381' title='bbox 487 2301 641 2340; x_wconf 89' lang='lat' dir='ltr'><strong>aliquorum</strong></span> <span class='ocrx_word' id='word_1_382' title='bbox 662 2299 889 2339; x_wconf 79' lang='lat' dir='ltr'><strong>Beneficiorum,</strong></span> <span class='ocrx_word' id='word_1_383' title='bbox 908 2301 942 2331; x_wconf 91' lang='lat' dir='ltr'><strong>ad</strong></span> <span class='ocrx_word' id='word_1_384' title='bbox 994 2301 1156 2332; x_wconf 89' lang='lat' dir='ltr'><strong>ollationem</strong></span> <span class='ocrx_word' id='word_1_385' title='bbox 1171 2300 1254 2339; x_wconf 89' lang='lat' dir='ltr'><strong>ipsius</strong></span> 
     </span>
    </p>

    <p class='ocr_par' dir='ltr' id='par_1_17' title="bbox 47 2338 1256 2610">
     <span class='ocr_line' id='line_1_52' title="bbox 225 2338 1255 2379; baseline 0.002 -11"><span class='ocrx_word' id='word_1_386' title='bbox 225 2338 332 2377; x_wconf 89' lang='lat' dir='ltr'><strong>piscopi</strong></span> <span class='ocrx_word' id='word_1_387' title='bbox 344 2339 550 2378; x_wconf 63' lang='lat' dir='ltr'><strong>spectantium,</strong></span> <span class='ocrx_word' id='word_1_388' title='bbox 567 2339 791 2379; x_wconf 86' lang='lat' dir='ltr'><strong>exequendarum</strong></span> <span class='ocrx_word' id='word_1_389' title='bbox 800 2361 811 2377; x_wconf 88' lang='lat'><strong>,</strong></span> <span class='ocrx_word' id='word_1_390' title='bbox 827 2339 864 2369; x_wconf 92' lang='lat' dir='ltr'><strong>de</strong></span> <span class='ocrx_word' id='word_1_391' title='bbox 872 2348 976 2370; x_wconf 85' lang='lat' dir='ltr'><strong>caetero</strong></span> <span class='ocrx_word' id='word_1_392' title='bbox 989 2341 1255 2378; x_wconf 81' lang='lat' dir='ltr'><strong>optenturis,quan-</strong></span> 
     </span>
     <span class='ocr_line' id='line_1_53' title="bbox 199 2377 1255 2446; baseline -0.002 -35"><span class='ocrx_word' id='word_1_393' title='bbox 199 2377 320 2446; x_wconf 75' lang='lat' dir='ltr'><strong>tumfad</strong></span> <span class='ocrx_word' id='word_1_394' title='bbox 344 2378 534 2410; x_wconf 83' lang='lat' dir='ltr'><strong>Executiones</strong></span> <span class='ocrx_word' id='word_1_395' title='bbox 557 2378 612 2410; x_wconf 84' lang='lat' dir='ltr'><strong>sive</strong></span> <span class='ocrx_word' id='word_1_396' title='bbox 638 2378 840 2416; x_wconf 72' lang='lat' dir='ltr'><strong>Expzditiones</strong></span> <span class='ocrx_word' id='word_1_397' title='bbox 863 2377 1025 2418; x_wconf 86' lang='lat' dir='ltr'><strong>hujusmodi</strong></span> <span class='ocrx_word' id='word_1_398' title='bbox 1040 2379 1255 2416; x_wconf 86' lang='lat' dir='ltr'><strong>Licentiarum,</strong></span> 
     </span>
     <span class='ocr_line' id='line_1_54' title="bbox 238 2425 384 2448; baseline 0.014 -2"><span class='ocrx_word' id='word_1_399' title='bbox 238 2426 264 2446; x_wconf 87' lang='lat' dir='ltr'>ae</span> <span class='ocrx_word' id='word_1_400' title='bbox 274 2425 384 2448; x_wconf 89' lang='lat' dir='ltr'><strong>erantur</strong></span> 
     </span>
     <span class='ocr_line' id='line_1_55' title="bbox 47 2426 1255 2495; baseline 0 -9"><span class='ocrx_word' id='word_1_401' title='bbox 47 2488 51 2491; x_wconf 15' lang='grc' dir='ltr'>μ</span> <span class='ocrx_word' id='word_1_402' title='bbox 200 2426 305 2486; x_wconf 64' lang='lat' dir='ltr'><strong>prSive</strong></span> <span class='ocrx_word' id='word_1_403' title='bbox 321 2440 406 2486; x_wconf 71' lang='lat' dir='ltr'><strong>dieri&#39;s</strong></span> <span class='ocrx_word' id='word_1_404' title='bbox 418 2455 531 2487; x_wconf 91' lang='lat' dir='ltr'><strong>Decem</strong></span> <span class='ocrx_word' id='word_1_405' title='bbox 548 2454 694 2494; x_wconf 79' lang='lat' dir='ltr'><strong>Personis,</strong></span> <span class='ocrx_word' id='word_1_406' title='bbox 712 2463 758 2486; x_wconf 86' lang='lat' dir='ltr'><strong>aut</strong></span> <span class='ocrx_word' id='word_1_407' title='bbox 771 2467 868 2488; x_wconf 87' lang='lat' dir='ltr'><strong>earum</strong></span> <span class='ocrx_word' id='word_1_408' title='bbox 884 2456 981 2495; x_wconf 86' lang='lat' dir='ltr'><strong>alicui,</strong></span> <span class='ocrx_word' id='word_1_409' title='bbox 999 2465 1048 2494; x_wconf 88' lang='lat' dir='ltr'><strong>per</strong></span> <span class='ocrx_word' id='word_1_410' title='bbox 1063 2455 1165 2486; x_wconf 87' lang='lat' dir='ltr'><strong>Sedem</strong></span> <span class='ocrx_word' id='word_1_411' title='bbox 1175 2455 1255 2493; x_wconf 83' lang='lat' dir='ltr'><strong>Apo-</strong></span> 
     </span>
     <span class='ocr_line' id='line_1_56' title="bbox 50 2492 1256 2534; baseline -0.001 -10"><span class='ocrx_word' id='word_1_412' title='bbox 50 2492 72 2514; x_wconf 65' lang='lat'><em>*</em></span> <span class='ocrx_word' id='word_1_413' title='bbox 99 2493 183 2522; x_wconf 75' lang='lat' dir='ltr'><strong>VIII·</strong></span> <span class='ocrx_word' id='word_1_414' title='bbox 202 2492 332 2525; x_wconf 89' lang='lat' dir='ltr'><strong>stolicam</strong></span> <span class='ocrx_word' id='word_1_415' title='bbox 346 2494 511 2532; x_wconf 91' lang='lat' dir='ltr'><strong>Provideri,</strong></span> <span class='ocrx_word' id='word_1_416' title='bbox 528 2495 584 2526; x_wconf 90' lang='lat' dir='ltr'><strong>five</strong></span> <span class='ocrx_word' id='word_1_417' title='bbox 606 2503 655 2532; x_wconf 92' lang='lat' dir='ltr'><strong>per</strong></span> <span class='ocrx_word' id='word_1_418' title='bbox 674 2494 822 2531; x_wconf 81' lang='lat' dir='ltr'><strong>praefatum</strong></span> <span class='ocrx_word' id='word_1_419' title='bbox 842 2495 1019 2533; x_wconf 86' lang='lat' dir='ltr'><strong>Episcopum</strong></span> <span class='ocrx_word' id='word_1_420' title='bbox 1038 2495 1056 2514; x_wconf 61' lang='lat'><strong>²*</strong></span> <span class='ocrx_word' id='word_1_421' title='bbox 1077 2493 1256 2534; x_wconf 81' lang='lat' dir='ltr'><strong>Collatioiie,</strong></span> 
     </span>
     <span class='ocr_line' id='line_1_57' title="bbox 85 2532 1256 2571; baseline 0.002 -11"><span class='ocrx_word' id='word_1_422' title='bbox 85 2541 153 2568; x_wconf 76' lang='lat'><strong>4²7·</strong></span> <span class='ocrx_word' id='word_1_423' title='bbox 198 2532 261 2570; x_wconf 82' lang='lat' dir='ltr'><strong>jure</strong></span> <span class='ocrx_word' id='word_1_424' title='bbox 275 2532 446 2564; x_wconf 76' lang='lat' dir='ltr'><strong>Patronatfis</strong></span> <span class='ocrx_word' id='word_1_425' title='bbox 467 2534 506 2563; x_wconf 91' lang='lat' dir='ltr'><strong>sui</strong></span> <span class='ocrx_word' id='word_1_426' title='bbox 521 2555 531 2571; x_wconf 89' lang='lat'><strong>,</strong></span> <span class='ocrx_word' id='word_1_427' title='bbox 554 2532 599 2563; x_wconf 89' lang='lat' dir='ltr'><strong>seu</strong></span> <span class='ocrx_word' id='word_1_428' title='bbox 615 2532 755 2563; x_wconf 79' lang='lat' dir='ltr'><strong>ordinarie</strong></span> <span class='ocrx_word' id='word_1_429' title='bbox 777 2535 941 2571; x_wconf 89' lang='lat' dir='ltr'><strong>provideri,</strong></span> <span class='ocrx_word' id='word_1_430' title='bbox 964 2533 1010 2564; x_wconf 87' lang='lat' dir='ltr'><strong>vel</strong></span> <span class='ocrx_word' id='word_1_431' title='bbox 1035 2542 1079 2563; x_wconf 86' lang='lat' dir='ltr'><strong>eas</strong></span> <span class='ocrx_word' id='word_1_432' title='bbox 1102 2541 1150 2563; x_wconf 90' lang='lat' dir='ltr'><strong>aut</strong></span> <span class='ocrx_word' id='word_1_433' title='bbox 1162 2541 1256 2563; x_wconf 87' lang='lat' dir='ltr'><strong>earum</strong></span> 
     </span>
     <span class='ocr_line' id='line_1_58' title="bbox 194 2570 691 2610; baseline 0.004 -10"><span class='ocrx_word' id='word_1_434' title='bbox 194 2570 324 2608; x_wconf 71' lang='lat' dir='ltr'><strong>,aliquam</strong></span> <span class='ocrx_word' id='word_1_435' title='bbox 340 2572 506 2609; x_wconf 85' lang='lat' dir='ltr'><strong>promoveri</strong></span> <span class='ocrx_word' id='word_1_436' title='bbox 523 2572 691 2610; x_wconf 84' lang='lat' dir='ltr'><strong>contigerit,</strong></span> 
     </span>
    </p>

    <p class='ocr_par' dir='ltr' id='par_1_18' title="bbox 195 2608 1256 2686">
     <span class='ocr_line' id='line_1_59' title="bbox 237 2608 1256 2648; baseline -0.002 -8"><span class='ocrx_word' id='word_1_437' title='bbox 237 2609 278 2640; x_wconf 88' lang='lat' dir='ltr'><strong>lta</strong></span> <span class='ocrx_word' id='word_1_438' title='bbox 296 2609 376 2648; x_wconf 82' lang='lat' dir='ltr'><strong>quod</strong></span> <span class='ocrx_word' id='word_1_439' title='bbox 392 2609 513 2648; x_wconf 88' lang='lat' dir='ltr'><strong>plenaria</strong></span> <span class='ocrx_word' id='word_1_440' title='bbox 526 2608 665 2639; x_wconf 84' lang='lat' dir='ltr'><strong>Executio</strong></span> <span class='ocrx_word' id='word_1_441' title='bbox 688 2608 886 2639; x_wconf 86' lang='lat' dir='ltr'><strong>Collationum</strong></span> <span class='ocrx_word' id='word_1_442' title='bbox 909 2609 964 2640; x_wconf 88' lang='lat' dir='ltr'><strong>five</strong></span> <span class='ocrx_word' id='word_1_443' title='bbox 980 2609 1182 2640; x_wconf 83' lang='lat' dir='ltr'><strong>Provifionum</strong></span> <span class='ocrx_word' id='word_1_444' title='bbox 1203 2608 1256 2638; x_wconf 88' lang='lat' dir='ltr'><strong>liu-</strong></span> 
     </span>
     <span class='ocr_line' id='line_1_60' title="bbox 195 2646 1256 2686; baseline -0.003 -7"><span class='ocrx_word' id='word_1_445' title='bbox 195 2647 321 2686; x_wconf 82' lang='lat' dir='ltr'><strong>jusmodi</strong></span> <span class='ocrx_word' id='word_1_446' title='bbox 332 2647 555 2685; x_wconf 85' lang='lat' dir='ltr'><strong>Beneficiorum,</strong></span> <span class='ocrx_word' id='word_1_447' title='bbox 570 2647 654 2678; x_wconf 65' lang='lat' dir='ltr'><strong>dietis</strong></span> <span class='ocrx_word' id='word_1_448' title='bbox 666 2646 780 2677; x_wconf 85' lang='lat' dir='ltr'><strong>Decem</strong></span> <span class='ocrx_word' id='word_1_449' title='bbox 798 2647 945 2685; x_wconf 88' lang='lat' dir='ltr'><strong>Personis,</strong></span> <span class='ocrx_word' id='word_1_450' title='bbox 963 2650 997 2679; x_wconf 71' lang='grc' dir='ltr'><strong>ὃς</strong></span> <span class='ocrx_word' id='word_1_451' title='bbox 1015 2658 1110 2678; x_wconf 87' lang='lat' dir='ltr'><strong>earum</strong></span> <span class='ocrx_word' id='word_1_452' title='bbox 1123 2648 1256 2685; x_wconf 90' lang='lat' dir='ltr'><strong>cuilibet,</strong></span> 
     </span>
    </p>

    <p class='ocr_par' dir='ltr' id='par_1_19' title="bbox 185 2685 1261 2994">
     <span class='ocr_line' id='line_1_61' title="bbox 199 2685 1259 2724; baseline -0.002 -7"><span class='ocrx_word' id='word_1_453' title='bbox 199 2687 257 2717; x_wconf 87' lang='lat' dir='ltr'><strong>five</strong></span> <span class='ocrx_word' id='word_1_454' title='bbox 270 2688 309 2717; x_wconf 91' lang='lat' dir='ltr'><strong>eis</strong></span> <span class='ocrx_word' id='word_1_455' title='bbox 346 2695 392 2717; x_wconf 86' lang='lat' dir='ltr'><strong>aut</strong></span> <span class='ocrx_word' id='word_1_456' title='bbox 409 2696 506 2717; x_wconf 87' lang='lat' dir='ltr'><strong>earum</strong></span> <span class='ocrx_word' id='word_1_457' title='bbox 524 2686 626 2724; x_wconf 85' lang='lat' dir='ltr'><strong>alicui,</strong></span> <span class='ocrx_word' id='word_1_458' title='bbox 642 2695 690 2723; x_wconf 86' lang='lat' dir='ltr'><strong>per</strong></span> <span class='ocrx_word' id='word_1_459' title='bbox 708 2685 812 2716; x_wconf 88' lang='lat' dir='ltr'><strong>Sedem</strong></span> <span class='ocrx_word' id='word_1_460' title='bbox 822 2686 1041 2724; x_wconf 83' lang='lat' dir='ltr'><strong>Apostolicam,</strong></span> <span class='ocrx_word' id='word_1_461' title='bbox 1060 2685 1115 2716; x_wconf 85' lang='lat' dir='ltr'><strong>sive</strong></span> <span class='ocrx_word' id='word_1_462' title='bbox 1130 2695 1178 2723; x_wconf 89' lang='lat' dir='ltr'><strong>per</strong></span> <span class='ocrx_word' id='word_1_463' title='bbox 1187 2695 1259 2723; x_wconf 75' lang='lat' dir='ltr'><strong>prae-</strong></span> 
     </span>
     <span class='ocr_line' id='line_1_62' title="bbox 199 2709 1259 2763; baseline -0.001 -9"><span class='ocrx_word' id='word_1_464' title='bbox 199 2723 290 2756; x_wconf 86' lang='lat' dir='ltr'><strong>fatum</strong></span> <span class='ocrx_word' id='word_1_465' title='bbox 306 2709 499 2763; x_wconf 74' lang='lat' dir='ltr'><strong>Episcopum,</strong></span> <span class='ocrx_word' id='word_1_466' title='bbox 517 2725 760 2763; x_wconf 87' lang='lat' dir='ltr'><strong>qualitercumque</strong></span> <span class='ocrx_word' id='word_1_467' title='bbox 777 2723 953 2755; x_wconf 83' lang='lat' dir='ltr'><strong>Collationes</strong></span> <span class='ocrx_word' id='word_1_468' title='bbox 967 2725 1013 2755; x_wconf 89' lang='lat' dir='ltr'><strong>seu</strong></span> <span class='ocrx_word' id='word_1_469' title='bbox 1034 2725 1213 2754; x_wconf 81' lang='lat' dir='ltr'><strong>Proviiiones</strong></span> <span class='ocrx_word' id='word_1_470' title='bbox 1225 2723 1259 2753; x_wconf 94' lang='lat' dir='ltr'><strong>il-</strong></span> 
     </span>
     <span class='ocr_line' id='line_1_63' title="bbox 200 2762 1259 2801; baseline -0.002 -7"><span class='ocrx_word' id='word_1_471' title='bbox 200 2762 238 2793; x_wconf 85' lang='lat' dir='ltr'><strong>lae</strong></span> <span class='ocrx_word' id='word_1_472' title='bbox 252 2763 336 2794; x_wconf 61' lang='lat' dir='ltr'><strong>factae</strong></span> <span class='ocrx_word' id='word_1_473' title='bbox 348 2773 429 2794; x_wconf 88' lang='lat' dir='ltr'><strong>erunt</strong></span> <span class='ocrx_word' id='word_1_474' title='bbox 441 2774 489 2801; x_wconf 81' lang='lat' dir='ltr'><strong>per</strong></span> <span class='ocrx_word' id='word_1_475' title='bbox 504 2763 627 2793; x_wconf 89' lang='lat' dir='ltr'><strong>eundem</strong></span> <span class='ocrx_word' id='word_1_476' title='bbox 643 2762 839 2801; x_wconf 83' lang='lat' dir='ltr'><strong>Episcopum,</strong></span> <span class='ocrx_word' id='word_1_477' title='bbox 855 2764 888 2793; x_wconf 90' lang='lat'>&amp;</span> <span class='ocrx_word' id='word_1_478' title='bbox 904 2763 1026 2793; x_wconf 88' lang='lat' dir='ltr'><strong>similiter</strong></span> <span class='ocrx_word' id='word_1_479' title='bbox 1041 2772 1089 2800; x_wconf 87' lang='lat' dir='ltr'><strong>per</strong></span> <span class='ocrx_word' id='word_1_480' title='bbox 1104 2762 1259 2793; x_wconf 86' lang='lat' dir='ltr'><strong>Decanum</strong></span> 
     </span>
     <span class='ocr_line' id='line_1_64' title="bbox 203 2800 1259 2842; baseline -0.004 -8"><span class='ocrx_word' id='word_1_481' title='bbox 203 2803 238 2834; x_wconf 88' lang='lat'>&amp;</span> <span class='ocrx_word' id='word_1_482' title='bbox 256 2801 421 2842; x_wconf 88' lang='lat' dir='ltr'><strong>Capitulum</strong></span> <span class='ocrx_word' id='word_1_483' title='bbox 437 2802 522 2832; x_wconf 69' lang='lat' dir='ltr'><strong>dietae</strong></span> <span class='ocrx_word' id='word_1_484' title='bbox 538 2801 673 2832; x_wconf 72' lang='lat' dir='ltr'><strong>Ecclefice</strong></span> <span class='ocrx_word' id='word_1_485' title='bbox 696 2801 797 2832; x_wconf 87' lang='lat' dir='ltr'><strong>Sarum</strong></span> <span class='ocrx_word' id='word_1_486' title='bbox 808 2824 818 2839; x_wconf 94' lang='lat'><strong>,</strong></span> <span class='ocrx_word' id='word_1_487' title='bbox 844 2801 945 2839; x_wconf 88' lang='lat' dir='ltr'><strong>absque</strong></span> <span class='ocrx_word' id='word_1_488' title='bbox 967 2801 1013 2832; x_wconf 90' lang='lat' dir='ltr'><strong>Im</strong></span> <span class='ocrx_word' id='word_1_489' title='bbox 1035 2801 1196 2839; x_wconf 85' lang='lat' dir='ltr'><strong>edimento,</strong></span> <span class='ocrx_word' id='word_1_490' title='bbox 1214 2800 1259 2831; x_wconf 88' lang='lat' dir='ltr'><strong>seu</strong></span> 
     </span>
     <span class='ocr_line' id='line_1_65' title="bbox 204 2839 1261 2878; baseline -0.001 -8"><span class='ocrx_word' id='word_1_491' title='bbox 204 2840 427 2878; x_wconf 85' lang='lat' dir='ltr'><strong>Inquietatione,</strong></span> <span class='ocrx_word' id='word_1_492' title='bbox 446 2849 491 2871; x_wconf 87' lang='lat' dir='ltr'><strong>aut</strong></span> <span class='ocrx_word' id='word_1_493' title='bbox 507 2840 689 2877; x_wconf 88' lang='lat' dir='ltr'><strong>Impetitione</strong></span> <span class='ocrx_word' id='word_1_494' title='bbox 704 2839 860 2878; x_wconf 86' lang='lat' dir='ltr'><strong>aliquarum</strong></span> <span class='ocrx_word' id='word_1_495' title='bbox 874 2840 989 2870; x_wconf 88' lang='lat' dir='ltr'><strong>aliarum</strong></span> <span class='ocrx_word' id='word_1_496' title='bbox 1035 2839 1191 2870; x_wconf 86' lang='lat' dir='ltr'><strong>ersonarum</strong></span> <span class='ocrx_word' id='word_1_497' title='bbox 1208 2839 1261 2869; x_wconf 85' lang='lat' dir='ltr'><strong>hu-</strong></span> 
     </span>
     <span class='ocr_line' id='line_1_66' title="bbox 204 2878 1260 2917; baseline -0.001 -8"><span class='ocrx_word' id='word_1_498' title='bbox 204 2879 347 2917; x_wconf 84' lang='lat' dir='ltr'><strong>jusmodi,</strong></span> <span class='ocrx_word' id='word_1_499' title='bbox 364 2879 504 2910; x_wconf 89' lang='lat' dir='ltr'><strong>Licentias</strong></span> <span class='ocrx_word' id='word_1_500' title='bbox 521 2878 558 2909; x_wconf 89' lang='lat' dir='ltr'><strong>sic</strong></span> <span class='ocrx_word' id='word_1_501' title='bbox 571 2879 607 2908; x_wconf 93' lang='lat' dir='ltr'><strong>de</strong></span> <span class='ocrx_word' id='word_1_502' title='bbox 625 2886 731 2908; x_wconf 87' lang='lat' dir='ltr'><strong>caetero</strong></span> <span class='ocrx_word' id='word_1_503' title='bbox 744 2887 974 2916; x_wconf 86' lang='lat' dir='ltr'><strong>optenturarum,</strong></span> <span class='ocrx_word' id='word_1_504' title='bbox 991 2887 1037 2909; x_wconf 89' lang='lat' dir='ltr'><strong>aut</strong></span> <span class='ocrx_word' id='word_1_505' title='bbox 1052 2878 1170 2916; x_wconf 87' lang='lat' dir='ltr'><strong>ipsarum</strong></span> <span class='ocrx_word' id='word_1_506' title='bbox 1186 2878 1260 2908; x_wconf 89' lang='lat' dir='ltr'><strong>Pro-</strong></span> 
     </span>
     <span class='ocr_line' id='line_1_67' title="bbox 207 2916 1258 2956; baseline -0.001 -9"><span class='ocrx_word' id='word_1_507' title='bbox 207 2926 388 2956; x_wconf 86' lang='lat' dir='ltr'><strong>curatorum,</strong></span> <span class='ocrx_word' id='word_1_508' title='bbox 406 2916 613 2955; x_wconf 89' lang='lat' dir='ltr'><strong>Complicum,</strong></span> <span class='ocrx_word' id='word_1_509' title='bbox 630 2916 674 2946; x_wconf 88' lang='lat' dir='ltr'><strong>seu</strong></span> <span class='ocrx_word' id='word_1_510' title='bbox 689 2916 863 2954; x_wconf 85' lang='lat' dir='ltr'><strong>Fautorum,</strong></span> <span class='ocrx_word' id='word_1_511' title='bbox 881 2917 1053 2948; x_wconf 85' lang='lat' dir='ltr'><strong>autaliorum</strong></span> <span class='ocrx_word' id='word_1_512' title='bbox 1061 2926 1258 2956; x_wconf 90' lang='lat' dir='ltr'><strong>quorumque,</strong></span> 
     </span>
     <span class='ocr_line' id='line_1_68' title="bbox 185 2954 991 2994; baseline 0 -8"><span class='ocrx_word' id='word_1_513' title='bbox 185 2976 189 2980; x_wconf 86' lang='lat'><em>-</em></span> <span class='ocrx_word' id='word_1_514' title='bbox 207 2957 240 2986; x_wconf 84' lang='lat' dir='ltr'><strong>in</strong></span> <span class='ocrx_word' id='word_1_515' title='bbox 253 2956 404 2994; x_wconf 87' lang='lat' dir='ltr'><strong>omnibus,</strong></span> <span class='ocrx_word' id='word_1_516' title='bbox 424 2964 507 2993; x_wconf 88' lang='lat' dir='ltr'><strong>prout</strong></span> <span class='ocrx_word' id='word_1_517' title='bbox 522 2956 607 2985; x_wconf 91' lang='lat' dir='ltr'><strong>moris</strong></span> <span class='ocrx_word' id='word_1_518' title='bbox 621 2954 681 2992; x_wconf 85' lang='lat' dir='ltr'><strong>est,</strong></span> <span class='ocrx_word' id='word_1_519' title='bbox 699 2954 746 2985; x_wconf 88' lang='lat' dir='ltr'><strong>fiat</strong></span> <span class='ocrx_word' id='word_1_520' title='bbox 763 2955 795 2985; x_wconf 65' lang='grc' dir='ltr'><strong>ὃς</strong></span> <span class='ocrx_word' id='word_1_521' title='bbox 813 2954 871 2984; x_wconf 86' lang='lat' dir='ltr'><strong>fieri</strong></span> <span class='ocrx_word' id='word_1_522' title='bbox 890 2955 991 2994; x_wconf 83' lang='lat' dir='ltr'><strong>poffit,</strong></span> 
     </span>
    </p>

    <p class='ocr_par' dir='ltr' id='par_1_20' title="bbox 210 2992 1269 3377">
     <span class='ocr_line' id='line_1_69' title="bbox 246 2992 1263 3032; baseline -0.001 -8"><span class='ocrx_word' id='word_1_523' title='bbox 246 2993 321 3025; x_wconf 90' lang='lat' dir='ltr'><strong>Non</strong></span> <span class='ocrx_word' id='word_1_524' title='bbox 339 2995 512 3025; x_wconf 88' lang='lat' dir='ltr'><strong>obstantibus</strong></span> <span class='ocrx_word' id='word_1_525' title='bbox 532 2993 754 3031; x_wconf 86' lang='lat' dir='ltr'><strong>quibuscumque</strong></span> <span class='ocrx_word' id='word_1_526' title='bbox 774 2993 910 3024; x_wconf 87' lang='lat' dir='ltr'><strong>Licentiis</strong></span> <span class='ocrx_word' id='word_1_527' title='bbox 918 2993 1034 3032; x_wconf 84' lang='lat' dir='ltr'><strong>Regiis,</strong></span> <span class='ocrx_word' id='word_1_528' title='bbox 1048 2992 1263 3032; x_wconf 80' lang='lat' dir='ltr'><strong>aliquibusPei·-</strong></span> 
     </span>
     <span class='ocr_line' id='line_1_70' title="bbox 210 3031 1264 3070; baseline 0 -8"><span class='ocrx_word' id='word_1_529' title='bbox 210 3031 304 3070; x_wconf 87' lang='lat' dir='ltr'><strong>sonis,</strong></span> <span class='ocrx_word' id='word_1_530' title='bbox 321 3033 413 3070; x_wconf 90' lang='lat' dir='ltr'><strong>quoad</strong></span> <span class='ocrx_word' id='word_1_531' title='bbox 431 3032 607 3063; x_wconf 80' lang='lat' dir='ltr'><strong>provisiones</strong></span> <span class='ocrx_word' id='word_1_532' title='bbox 625 3031 850 3070; x_wconf 82' lang='lat' dir='ltr'><strong>Beneficiorum,</strong></span> <span class='ocrx_word' id='word_1_533' title='bbox 866 3032 901 3062; x_wconf 90' lang='lat' dir='ltr'><strong>ad</strong></span> <span class='ocrx_word' id='word_1_534' title='bbox 920 3032 1111 3064; x_wconf 87' lang='lat' dir='ltr'><strong>Collationem</strong></span> <span class='ocrx_word' id='word_1_535' title='bbox 1136 3031 1204 3062; x_wconf 66' lang='lat' dir='ltr'><strong>dieii</strong></span> <span class='ocrx_word' id='word_1_536' title='bbox 1225 3032 1264 3062; x_wconf 84' lang='lat' dir='ltr'><strong>E-</strong></span> 
     </span>
     <span class='ocr_line' id='line_1_71' title="bbox 213 3070 1265 3109; baseline 0.002 -10"><span class='ocrx_word' id='word_1_537' title='bbox 213 3070 324 3108; x_wconf 85' lang='lat' dir='ltr'><strong>piscopi</strong></span> <span class='ocrx_word' id='word_1_538' title='bbox 338 3071 541 3109; x_wconf 61' lang='lat' dir='ltr'><strong>spectantium,</strong></span> <span class='ocrx_word' id='word_1_539' title='bbox 559 3070 750 3101; x_wconf 86' lang='lat' dir='ltr'><strong>concedendis</strong></span> <span class='ocrx_word' id='word_1_540' title='bbox 763 3092 773 3108; x_wconf 91' lang='lat'><strong>,</strong></span> <span class='ocrx_word' id='word_1_541' title='bbox 801 3080 866 3108; x_wconf 86' lang='lat' dir='ltr'><strong>quas</strong></span> <span class='ocrx_word' id='word_1_542' title='bbox 883 3070 1027 3102; x_wconf 64' lang='lat' dir='ltr'><strong>Effectum</strong></span> <span class='ocrx_word' id='word_1_543' title='bbox 1045 3071 1089 3101; x_wconf 91' lang='lat' dir='ltr'><strong>seu</strong></span> <span class='ocrx_word' id='word_1_544' title='bbox 1110 3070 1265 3101; x_wconf 87' lang='lat' dir='ltr'><strong>Executio-</strong></span> 
     </span>
     <span class='ocr_line' id='line_1_72' title="bbox 214 3107 1266 3147; baseline 0.001 -9"><span class='ocrx_word' id='word_1_545' title='bbox 214 3118 282 3138; x_wconf 88' lang='lat' dir='ltr'><strong>nem</strong></span> <span class='ocrx_word' id='word_1_546' title='bbox 302 3108 448 3146; x_wconf 88' lang='lat' dir='ltr'><strong>aliqualem</strong></span> <span class='ocrx_word' id='word_1_547' title='bbox 461 3132 471 3147; x_wconf 91' lang='lat'><strong>,</strong></span> <span class='ocrx_word' id='word_1_548' title='bbox 495 3118 632 3147; x_wconf 89' lang='lat' dir='ltr'><strong>quantum</strong></span> <span class='ocrx_word' id='word_1_549' title='bbox 649 3108 684 3139; x_wconf 89' lang='lat' dir='ltr'><strong>ad</strong></span> <span class='ocrx_word' id='word_1_550' title='bbox 708 3107 846 3139; x_wconf 82' lang='lat' dir='ltr'><strong>Beneficia</strong></span> <span class='ocrx_word' id='word_1_551' title='bbox 862 3131 872 3147; x_wconf 87' lang='lat'>‚</span> <span class='ocrx_word' id='word_1_552' title='bbox 895 3109 976 3140; x_wconf 68' lang='lat' dir='ltr'><strong>dietis</strong></span> <span class='ocrx_word' id='word_1_553' title='bbox 1004 3109 1119 3140; x_wconf 90' lang='lat' dir='ltr'><strong>Decem</strong></span> <span class='ocrx_word' id='word_1_554' title='bbox 1139 3109 1266 3140; x_wconf 84' lang='lat' dir='ltr'><strong>Personis</strong></span> 
     </span>
     <span class='ocr_line' id='line_1_73' title="bbox 212 3146 1263 3186; baseline 0.001 -9"><span class='ocrx_word' id='word_1_555' title='bbox 212 3146 261 3177; x_wconf 73' lang='lat' dir='ltr'><strong>stu</strong></span> <span class='ocrx_word' id='word_1_556' title='bbox 275 3156 372 3177; x_wconf 87' lang='lat' dir='ltr'><strong>earum</strong></span> <span class='ocrx_word' id='word_1_557' title='bbox 389 3148 470 3178; x_wconf 89' lang='lat' dir='ltr'><strong>alicui</strong></span> <span class='ocrx_word' id='word_1_558' title='bbox 489 3148 526 3178; x_wconf 88' lang='lat' dir='ltr'><strong>fic</strong></span> <span class='ocrx_word' id='word_1_559' title='bbox 552 3146 724 3185; x_wconf 83' lang='lat' dir='ltr'><strong>providenda</strong></span> <span class='ocrx_word' id='word_1_560' title='bbox 744 3146 787 3177; x_wconf 89' lang='lat' dir='ltr'><strong>seu</strong></span> <span class='ocrx_word' id='word_1_561' title='bbox 802 3147 993 3186; x_wconf 82' lang='lat' dir='ltr'><strong>conferenda,</strong></span> <span class='ocrx_word' id='word_1_562' title='bbox 1008 3157 1054 3178; x_wconf 88' lang='lat' dir='ltr'><strong>aut</strong></span> <span class='ocrx_word' id='word_1_563' title='bbox 1075 3148 1263 3179; x_wconf 82' lang='lat' dir='ltr'><strong>Executiones</strong></span> 
     </span>
     <span class='ocr_line' id='line_1_74' title="bbox 215 3185 1265 3225; baseline 0.004 -11"><span class='ocrx_word' id='word_1_564' title='bbox 215 3185 298 3216; x_wconf 84' lang='lat' dir='ltr'><strong>inde,</strong></span> <span class='ocrx_word' id='word_1_565' title='bbox 319 3185 412 3223; x_wconf 83' lang='lat' dir='ltr'><strong>aliquo</strong></span> <span class='ocrx_word' id='word_1_566' title='bbox 431 3185 519 3216; x_wconf 91' lang='lat' dir='ltr'><strong>modo</strong></span> <span class='ocrx_word' id='word_1_567' title='bbox 536 3186 638 3216; x_wconf 81' lang='lat' dir='ltr'><strong>habere</strong></span> <span class='ocrx_word' id='word_1_568' title='bbox 658 3185 790 3216; x_wconf 90' lang='lat' dir='ltr'><strong>nolumus</strong></span> <span class='ocrx_word' id='word_1_569' title='bbox 808 3196 862 3216; x_wconf 89' lang='lat' dir='ltr'><strong>nec</strong></span> <span class='ocrx_word' id='word_1_570' title='bbox 880 3185 993 3225; x_wconf 91' lang='lat' dir='ltr'><strong>sortiri,</strong></span> <span class='ocrx_word' id='word_1_571' title='bbox 1025 3187 1062 3216; x_wconf 86' lang='lat' dir='ltr'><strong>set</strong></span> <span class='ocrx_word' id='word_1_572' title='bbox 1077 3186 1265 3218; x_wconf 76' lang='lat' dir='ltr'><strong>Executiones</strong></span> 
     </span>
     <span class='ocr_line' id='line_1_75' title="bbox 215 3223 1266 3262; baseline 0.003 -9"><span class='ocrx_word' id='word_1_573' title='bbox 215 3223 376 3261; x_wconf 84' lang='lat' dir='ltr'><strong>hujusmodi</strong></span> <span class='ocrx_word' id='word_1_574' title='bbox 395 3223 587 3255; x_wconf 86' lang='lat' dir='ltr'><strong>Licentiarum</strong></span> <span class='ocrx_word' id='word_1_575' title='bbox 608 3223 856 3255; x_wconf 90' lang='lat' dir='ltr'><strong>concedendarum</strong></span> <span class='ocrx_word' id='word_1_576' title='bbox 878 3225 989 3262; x_wconf 79' lang='lat' dir='ltr'><strong>penitus</strong></span> <span class='ocrx_word' id='word_1_577' title='bbox 1006 3225 1039 3255; x_wconf 85' lang='lat'>&amp;</span> <span class='ocrx_word' id='word_1_578' title='bbox 1058 3227 1158 3256; x_wconf 90' lang='lat' dir='ltr'><strong>omnio</strong></span> <span class='ocrx_word' id='word_1_579' title='bbox 1176 3226 1266 3256; x_wconf 88' lang='lat' dir='ltr'><strong>defer-</strong></span> 
     </span>
     <span class='ocr_line' id='line_1_76' title="bbox 217 3260 1266 3301; baseline 0.004 -10"><span class='ocrx_word' id='word_1_580' title='bbox 217 3262 258 3299; x_wconf 81' lang='lat' dir='ltr'><strong>n‘,</strong></span> <span class='ocrx_word' id='word_1_581' title='bbox 278 3260 422 3300; x_wconf 85' lang='lat' dir='ltr'><strong>suspendi,</strong></span> <span class='ocrx_word' id='word_1_582' title='bbox 440 3263 473 3292; x_wconf 90' lang='lat'>&amp;</span> <span class='ocrx_word' id='word_1_583' title='bbox 486 3262 618 3299; x_wconf 86' lang='lat' dir='ltr'><strong>restringi</strong></span> <span class='ocrx_word' id='word_1_584' title='bbox 635 3263 772 3292; x_wconf 88' lang='lat' dir='ltr'><strong>Volumus</strong></span> <span class='ocrx_word' id='word_1_585' title='bbox 786 3286 795 3300; x_wconf 93' lang='lat'><strong>,</strong></span> <span class='ocrx_word' id='word_1_586' title='bbox 819 3263 962 3301; x_wconf 90' lang='lat' dir='ltr'><strong>quousque</strong></span> <span class='ocrx_word' id='word_1_587' title='bbox 983 3263 1127 3301; x_wconf 67' lang='lat' dir='ltr'><strong>praedietae</strong></span> <span class='ocrx_word' id='word_1_588' title='bbox 1151 3264 1266 3295; x_wconf 89' lang='lat' dir='ltr'><strong>Decem</strong></span> 
     </span>
     <span class='ocr_line' id='line_1_77' title="bbox 216 3299 1269 3339; baseline 0.005 -10"><span class='ocrx_word' id='word_1_589' title='bbox 216 3299 368 3338; x_wconf 73' lang='lat' dir='ltr'><strong>Personae,</strong></span> <span class='ocrx_word' id='word_1_590' title='bbox 383 3308 414 3330; x_wconf 90' lang='lat' dir='ltr'><strong>ut</strong></span> <span class='ocrx_word' id='word_1_591' title='bbox 428 3300 469 3329; x_wconf 88' lang='lat' dir='ltr'><strong>est</strong></span> <span class='ocrx_word' id='word_1_592' title='bbox 485 3301 612 3338; x_wconf 58' lang='lat' dir='ltr'><strong>dietum,</strong></span> <span class='ocrx_word' id='word_1_593' title='bbox 630 3310 871 3339; x_wconf 87' lang='lat' dir='ltr'><strong>promoveantur,</strong></span> <span class='ocrx_word' id='word_1_594' title='bbox 889 3302 921 3332; x_wconf 68' lang='grc' dir='ltr'><strong>ὃς</strong></span> <span class='ocrx_word' id='word_1_595' title='bbox 937 3303 974 3332; x_wconf 88' lang='lat' dir='ltr'><strong>eis</strong></span> <span class='ocrx_word' id='word_1_596' title='bbox 991 3303 1024 3333; x_wconf 70' lang='grc' dir='ltr'><strong>ὃς</strong></span> <span class='ocrx_word' id='word_1_597' title='bbox 1042 3312 1136 3333; x_wconf 88' lang='lat' dir='ltr'><strong>earum</strong></span> <span class='ocrx_word' id='word_1_598' title='bbox 1153 3303 1269 3334; x_wconf 87' lang='lat' dir='ltr'><strong>cuilibet</strong></span> 
     </span>
     <span class='ocr_line' id='line_1_78' title="bbox 219 3338 729 3377; baseline 0.002 -9"><span class='ocrx_word' id='word_1_599' title='bbox 219 3338 399 3377; x_wconf 83' lang='lat' dir='ltr'><strong>provideatur</strong></span> <span class='ocrx_word' id='word_1_600' title='bbox 412 3339 440 3367; x_wconf 93' lang='lat' dir='ltr'><strong>in</strong></span> <span class='ocrx_word' id='word_1_601' title='bbox 455 3338 547 3369; x_wconf 87' lang='lat' dir='ltr'><strong>forma</strong></span> <span class='ocrx_word' id='word_1_602' title='bbox 562 3338 729 3377; x_wconf 61' lang='lat' dir='ltr'><strong>supradicta,</strong></span> 
     </span>
    </p>
   </div>
   <div class='ocr_carea' id='block_1_11' title="bbox 216 3376 1271 3724">
    <p class='ocr_par' dir='ltr' id='par_1_21' title="bbox 216 3376 1271 3724">
     <span class='ocr_line' id='line_1_79' title="bbox 258 3376 1268 3418; baseline 0.004 -12"><span class='ocrx_word' id='word_1_603' title='bbox 258 3376 403 3407; x_wconf 90' lang='lat' dir='ltr'><strong>Omnibus</strong></span> <span class='ocrx_word' id='word_1_604' title='bbox 417 3377 451 3408; x_wconf 89' lang='lat'>&amp;</span> <span class='ocrx_word' id='word_1_605' title='bbox 470 3376 595 3414; x_wconf 81' lang='lat' dir='ltr'><strong>lingulis,</strong></span> <span class='ocrx_word' id='word_1_606' title='bbox 611 3386 731 3414; x_wconf 90' lang='lat' dir='ltr'><strong>quorum</strong></span> <span class='ocrx_word' id='word_1_607' title='bbox 750 3378 861 3418; x_wconf 80' lang='lat' dir='ltr'><strong>interest</strong></span> <span class='ocrx_word' id='word_1_608' title='bbox 880 3377 925 3408; x_wconf 92' lang='lat' dir='ltr'><strong>seu</strong></span> <span class='ocrx_word' id='word_1_609' title='bbox 943 3380 1070 3409; x_wconf 69' lang='lat' dir='ltr'><strong>interesse</strong></span> <span class='ocrx_word' id='word_1_610' title='bbox 1087 3381 1205 3418; x_wconf 86' lang='lat' dir='ltr'><strong>poterit,</strong></span> <span class='ocrx_word' id='word_1_611' title='bbox 1225 3382 1268 3410; x_wconf 86' lang='lat' dir='ltr'><strong>in-</strong></span> 
     </span>
     <span class='ocr_line' id='line_1_80' title="bbox 216 3413 1268 3481; baseline 0.004 -36"><span class='ocrx_word' id='word_1_612' title='bbox 216 3415 359 3453; x_wconf 86' lang='lat' dir='ltr'><strong>hibentes,</strong></span> <span class='ocrx_word' id='word_1_613' title='bbox 376 3425 410 3445; x_wconf 92' lang='lat' dir='ltr'><strong>ac</strong></span> <span class='ocrx_word' id='word_1_614' title='bbox 428 3414 478 3445; x_wconf 90' lang='lat' dir='ltr'><strong>sub</strong></span> <span class='ocrx_word' id='word_1_615' title='bbox 496 3415 575 3451; x_wconf 83' lang='lat' dir='ltr'><strong>gravi</strong></span> <span class='ocrx_word' id='word_1_616' title='bbox 591 3413 785 3481; x_wconf 64' lang='lat' dir='ltr'><strong>Indilgnatione</strong></span> <span class='ocrx_word' id='word_1_617' title='bbox 804 3416 899 3446; x_wconf 85' lang='lat' dir='ltr'><strong>nostra</strong></span> <span class='ocrx_word' id='word_1_618' title='bbox 913 3438 923 3454; x_wconf 93' lang='lat'><strong>,</strong></span> <span class='ocrx_word' id='word_1_619' title='bbox 948 3418 980 3447; x_wconf 62' lang='grc' dir='ltr'><strong>ὃς</strong></span> <span class='ocrx_word' id='word_1_620' title='bbox 999 3416 1130 3448; x_wconf 89' lang='lat' dir='ltr'><strong>Periculo</strong></span> <span class='ocrx_word' id='word_1_621' title='bbox 1147 3420 1175 3448; x_wconf 91' lang='lat' dir='ltr'><strong>in</strong></span> <span class='ocrx_word' id='word_1_622' title='bbox 1194 3417 1268 3450; x_wconf 81' lang='lat' dir='ltr'><strong>Casu</strong></span> 
     </span>
     <span class='ocr_line' id='line_1_81' title="bbox 218 3452 1268 3496; baseline 0.003 -11"><span class='ocrx_word' id='word_1_623' title='bbox 218 3453 382 3492; x_wconf 86' lang='lat' dir='ltr'><strong>hujusmodi</strong></span> <span class='ocrx_word' id='word_1_624' title='bbox 396 3453 599 3495; x_wconf 77' lang='lat' dir='ltr'><strong>incumbenti,</strong></span> <span class='ocrx_word' id='word_1_625' title='bbox 627 3452 655 3496; x_wconf 31' lang='lat'><strong>1&amp;-</strong></span> <span class='ocrx_word' id='word_1_626' title='bbox 665 3453 773 3483; x_wconf 80' lang='lat' dir='ltr'><strong>andates</strong></span> <span class='ocrx_word' id='word_1_627' title='bbox 795 3455 828 3485; x_wconf 90' lang='lat'>&amp;</span> <span class='ocrx_word' id='word_1_628' title='bbox 848 3452 1026 3492; x_wconf 85' lang='lat' dir='ltr'><strong>Injungentes</strong></span> <span class='ocrx_word' id='word_1_629' title='bbox 1043 3466 1078 3485; x_wconf 88' lang='lat' dir='ltr'><strong>ne</strong></span> <span class='ocrx_word' id='word_1_630' title='bbox 1097 3457 1268 3495; x_wconf 87' lang='lat' dir='ltr'><strong>quicquam,</strong></span> 
     </span>
     <span class='ocr_line' id='line_1_82' title="bbox 219 3491 1269 3533; baseline 0.004 -11"><span class='ocrx_word' id='word_1_631' title='bbox 219 3501 355 3530; x_wconf 77' lang='lat' dir='ltr'><strong>praetextu</strong></span> <span class='ocrx_word' id='word_1_632' title='bbox 372 3491 528 3530; x_wconf 85' lang='lat' dir='ltr'><strong>aliquarum</strong></span> <span class='ocrx_word' id='word_1_633' title='bbox 545 3491 755 3528; x_wconf 86' lang='lat' dir='ltr'><strong>Licentiarum,</strong></span> <span class='ocrx_word' id='word_1_634' title='bbox 773 3492 827 3529; x_wconf 89' lang='lat' dir='ltr'><strong>eis,</strong></span> <span class='ocrx_word' id='word_1_635' title='bbox 845 3492 890 3522; x_wconf 91' lang='lat' dir='ltr'><strong>seu</strong></span> <span class='ocrx_word' id='word_1_636' title='bbox 905 3502 1006 3524; x_wconf 84' lang='lat' dir='ltr'><strong>eorum</strong></span> <span class='ocrx_word' id='word_1_637' title='bbox 1023 3493 1122 3533; x_wconf 86' lang='lat' dir='ltr'><strong>alicui,</strong></span> <span class='ocrx_word' id='word_1_638' title='bbox 1140 3495 1178 3526; x_wconf 87' lang='lat' dir='ltr'><strong>sic</strong></span> <span class='ocrx_word' id='word_1_639' title='bbox 1196 3506 1269 3526; x_wconf 89' lang='lat' dir='ltr'><strong>con-</strong></span> 
     </span>
     <span class='ocr_line' id='line_1_83' title="bbox 217 3528 1270 3573; baseline 0.003 -12"><span class='ocrx_word' id='word_1_640' title='bbox 217 3531 431 3569; x_wconf 85' lang='lat' dir='ltr'><strong>cedendarum,</strong></span> <span class='ocrx_word' id='word_1_641' title='bbox 451 3540 498 3569; x_wconf 85' lang='lat' dir='ltr'><strong>per</strong></span> <span class='ocrx_word' id='word_1_642' title='bbox 515 3529 556 3568; x_wconf 88' lang='lat' dir='ltr'><strong>se,</strong></span> <span class='ocrx_word' id='word_1_643' title='bbox 575 3529 618 3559; x_wconf 88' lang='lat' dir='ltr'><strong>vel</strong></span> <span class='ocrx_word' id='word_1_644' title='bbox 633 3528 699 3559; x_wconf 90' lang='lat' dir='ltr'><strong>alios</strong></span> <span class='ocrx_word' id='word_1_645' title='bbox 717 3528 930 3569; x_wconf 86' lang='lat' dir='ltr'><strong>quoscumque,</strong></span> <span class='ocrx_word' id='word_1_646' title='bbox 947 3540 1132 3571; x_wconf 87' lang='lat' dir='ltr'><strong>attemptent,</strong></span> <span class='ocrx_word' id='word_1_647' title='bbox 1151 3535 1270 3573; x_wconf 85' lang='lat' dir='ltr'><strong>faciant,</strong></span> 
     </span>
     <span class='ocr_line' id='line_1_84' title="bbox 222 3567 1270 3610; baseline 0.004 -11"><span class='ocrx_word' id='word_1_648' title='bbox 222 3567 267 3599; x_wconf 92' lang='lat' dir='ltr'><strong>vel</strong></span> <span class='ocrx_word' id='word_1_649' title='bbox 286 3569 501 3608; x_wconf 87' lang='lat' dir='ltr'><strong>prosequantur,</strong></span> <span class='ocrx_word' id='word_1_650' title='bbox 520 3567 596 3607; x_wconf 89' lang='lat' dir='ltr'><strong>quod</strong></span> <span class='ocrx_word' id='word_1_651' title='bbox 614 3569 643 3597; x_wconf 85' lang='lat' dir='ltr'><strong>in</strong></span> <span class='ocrx_word' id='word_1_652' title='bbox 661 3567 876 3610; x_wconf 76' lang='lat' dir='ltr'><strong>derogationem</strong></span> <span class='ocrx_word' id='word_1_653' title='bbox 890 3570 934 3600; x_wconf 91' lang='lat' dir='ltr'><strong>vel</strong></span> <span class='ocrx_word' id='word_1_654' title='bbox 950 3570 1141 3609; x_wconf 83' lang='lat' dir='ltr'><strong>praejudicium</strong></span> <span class='ocrx_word' id='word_1_655' title='bbox 1150 3572 1270 3610; x_wconf 84' lang='lat' dir='ltr'><strong>praesen-</strong></span> 
     </span>
     <span class='ocr_line' id='line_1_85' title="bbox 222 3605 1271 3647; baseline 0.003 -10"><span class='ocrx_word' id='word_1_656' title='bbox 222 3608 297 3637; x_wconf 89' lang='lat' dir='ltr'><strong>tium</strong></span> <span class='ocrx_word' id='word_1_657' title='bbox 328 3607 483 3638; x_wconf 87' lang='lat' dir='ltr'><strong>Voluntatis</strong></span> <span class='ocrx_word' id='word_1_658' title='bbox 508 3608 542 3638; x_wconf 71' lang='lat' dir='ltr'><strong>Sc</strong></span> <span class='ocrx_word' id='word_1_659' title='bbox 568 3605 765 3636; x_wconf 86' lang='lat' dir='ltr'><strong>Conceffionis</strong></span> <span class='ocrx_word' id='word_1_660' title='bbox 789 3606 947 3639; x_wconf 77' lang='lat' dir='ltr'><strong>nostrarum</strong></span> <span class='ocrx_word' id='word_1_661' title='bbox 966 3610 1066 3640; x_wconf 86' lang='lat' dir='ltr'><strong>cedere</strong></span> <span class='ocrx_word' id='word_1_662' title='bbox 1083 3612 1186 3647; x_wconf 88' lang='lat' dir='ltr'><strong>poterit</strong></span> <span class='ocrx_word' id='word_1_663' title='bbox 1212 3610 1271 3641; x_wconf 91' lang='lat' dir='ltr'><strong>ullo</strong></span> 
     </span>
     <span class='ocr_line' id='line_1_86' title="bbox 226 3645 326 3675; baseline -0.01 0"><span class='ocrx_word' id='word_1_664' title='bbox 226 3645 326 3675; x_wconf 88' lang='lat' dir='ltr'><strong>modo.</strong></span> 
     </span>
     <span class='ocr_line' id='line_1_87' title="bbox 263 3683 489 3724; baseline 0 -10"><span class='ocrx_word' id='word_1_665' title='bbox 263 3683 298 3714; x_wconf 92' lang='lat' dir='ltr'><strong>In</strong></span> <span class='ocrx_word' id='word_1_666' title='bbox 315 3684 408 3724; x_wconf 84' lang='lat' dir='ltr'><strong>cujus,</strong></span> <span class='ocrx_word' id='word_1_667' title='bbox 426 3686 489 3717; x_wconf 90' lang='lat' dir='ltr'><strong>&amp;c.</strong></span> 
     </span>
    </p>
   </div>
   <div class='ocr_carea' id='block_1_12' title="bbox 296 3721 1189 3764">
    <p class='ocr_par' dir='ltr' id='par_1_22' title="bbox 296 3721 1189 3764">
     <span class='ocr_line' id='line_1_88' title="bbox 296 3721 1189 3764; baseline 0.002 -10"><span class='ocrx_word' id='word_1_668' title='bbox 296 3722 387 3754; x_wconf 86' lang='lat' dir='ltr'><strong>Teste</strong></span> <span class='ocrx_word' id='word_1_669' title='bbox 404 3722 491 3763; x_wconf 87' lang='lat' dir='ltr'><strong>Rege</strong></span> <span class='ocrx_word' id='word_1_670' title='bbox 505 3722 578 3763; x_wconf 88' lang='lat' dir='ltr'><strong>apud</strong></span> <span class='ocrx_word' id='word_1_671' title='bbox 594 3721 867 3762; x_wconf 70' lang='lat' dir='ltr'><strong>Westmonasterium,</strong></span> <span class='ocrx_word' id='word_1_672' title='bbox 884 3724 979 3762; x_wconf 88' lang='lat' dir='ltr'><strong>primo</strong></span> <span class='ocrx_word' id='word_1_673' title='bbox 997 3724 1043 3756; x_wconf 91' lang='lat' dir='ltr'><strong>die</strong></span> <span class='ocrx_word' id='word_1_674' title='bbox 1057 3725 1189 3764; x_wconf 86' lang='lat' dir='ltr'><strong>Januarii.</strong></span> 
     </span>
    </p>
   </div>
   <div class='ocr_carea' id='block_1_13' title="bbox 903 3801 1179 3840">
    <p class='ocr_par' dir='ltr' id='par_1_23' title="bbox 903 3801 1179 3840">
     <span class='ocr_line' id='line_1_89' title="bbox 903 3801 1179 3840; baseline 0.007 -11"><span class='ocrx_word' id='word_1_675' title='bbox 903 3801 956 3829; x_wconf 83' lang='lat' dir='ltr'><strong>Per</strong></span> <span class='ocrx_word' id='word_1_676' title='bbox 975 3801 1056 3840; x_wconf 86' lang='lat' dir='ltr'><strong>ipsum</strong></span> <span class='ocrx_word' id='word_1_677' title='bbox 1075 3804 1179 3839; x_wconf 76' lang='lat' dir='ltr'><strong>Regem.</strong></span> 
     </span>
    </p>
   </div>
   <div class='ocr_carea' id='block_1_14' title="bbox 82 3880 1281 4146">
    <p class='ocr_par' dir='ltr' id='par_1_24' title="bbox 84 3880 786 3960">
     <span class='ocr_line' id='line_1_90' title="bbox 84 3880 786 3915; baseline -0.004 -3"><span class='ocrx_word' id='word_1_678' title='bbox 84 3882 163 3915; x_wconf 90' lang='lat' dir='ltr'><strong>Ann.</strong></span> <span class='ocrx_word' id='word_1_679' title='bbox 175 3880 218 3911; x_wconf 87' lang='lat' dir='ltr'><strong>D.</strong></span> <span class='ocrx_word' id='word_1_680' title='bbox 562 3891 569 3893; x_wconf 38' lang='lat' dir='ltr'><em>f</em></span> <span class='ocrx_word' id='word_1_681' title='bbox 662 3889 685 3891; x_wconf 56' lang='lat'><strong>-‘</strong></span> <span class='ocrx_word' id='word_1_682' title='bbox 715 3889 723 3890; x_wconf 28' lang='lat' dir='ltr'><em>ff</em></span> <span class='ocrx_word' id='word_1_683' title='bbox 757 3889 786 3891; x_wconf 77' lang='grc'><strong>“-</strong></span> 
     </span>
     <span class='ocr_line' id='line_1_91' title="bbox 113 3920 199 3960; baseline -0.035 -9"><span class='ocrx_word' id='word_1_684' title='bbox 113 3920 199 3960; x_wconf 87' lang='lat'><em>1406.</em></span> 
     </span>
    </p>

    <p class='ocr_par' dir='ltr' id='par_1_25' title="bbox 82 3964 183 3994">
     <span class='ocr_line' id='line_1_92' title="bbox 82 3964 183 3994; baseline -0.02 -6"><span class='ocrx_word' id='word_1_685' title='bbox 82 3964 136 3988; x_wconf 80' lang='lat' dir='ltr'><strong>An.</strong></span> <span class='ocrx_word' id='word_1_686' title='bbox 155 3968 183 3994; x_wconf 85' lang='lat'><strong>7.</strong></span> 
     </span>
    </p>

    <p class='ocr_par' dir='ltr' id='par_1_26' title="bbox 83 4002 1281 4081">
     <span class='ocr_line' id='line_1_93' title="bbox 83 4002 1281 4081; baseline -0.005 -18"><span class='ocrx_word' id='word_1_687' title='bbox 83 4002 186 4070; x_wconf 32' lang='lat' dir='ltr'><strong>sitsi,</strong></span> <span class='ocrx_word' id='word_1_688' title='bbox 235 4025 377 4081; x_wconf 69' lang='lat' dir='ltr'><strong>REX,</strong></span> <span class='ocrx_word' id='word_1_689' title='bbox 397 4027 556 4074; x_wconf 84' lang='lat' dir='ltr'><strong>Venerabili</strong></span> <span class='ocrx_word' id='word_1_690' title='bbox 571 4030 599 4058; x_wconf 91' lang='lat' dir='ltr'><strong>in</strong></span> <span class='ocrx_word' id='word_1_691' title='bbox 614 4028 732 4059; x_wconf 86' lang='lat' dir='ltr'><strong>Christo</strong></span> <span class='ocrx_word' id='word_1_692' title='bbox 748 4028 840 4067; x_wconf 84' lang='lat' dir='ltr'><strong>Patri,</strong></span> <span class='ocrx_word' id='word_1_693' title='bbox 858 4030 891 4057; x_wconf 89' lang='lat' dir='ltr'><strong>P.</strong></span> <span class='ocrx_word' id='word_1_694' title='bbox 912 4027 1009 4058; x_wconf 88' lang='lat' dir='ltr'><strong>eadem</strong></span> <span class='ocrx_word' id='word_1_695' title='bbox 1032 4028 1139 4067; x_wconf 64' lang='lat' dir='ltr'><strong>gratia,</strong></span> <span class='ocrx_word' id='word_1_696' title='bbox 1157 4028 1281 4068; x_wconf 82' lang='lat' dir='ltr'><strong>Epifiopo</strong></span> 
     </span>
    </p>

    <p class='ocr_par' dir='ltr' id='par_1_27' title="bbox 84 4065 1176 4110">
     <span class='ocr_line' id='line_1_94' title="bbox 84 4065 1176 4110; baseline -0.004 -15"><span class='ocrx_word' id='word_1_697' title='bbox 84 4079 119 4101; x_wconf 71' lang='grc' dir='ltr'><strong>Η,</strong></span> <span class='ocrx_word' id='word_1_698' title='bbox 128 4083 155 4107; x_wconf 69' lang='grc'><strong>4,,</strong></span> <span class='ocrx_word' id='word_1_699' title='bbox 163 4079 188 4110; x_wconf 76' lang='lat' dir='ltr'><strong>p,</strong></span> <span class='ocrx_word' id='word_1_700' title='bbox 201 4080 210 4098; x_wconf 86' lang='lat'>1</span> <span class='ocrx_word' id='word_1_701' title='bbox 220 4091 228 4101; x_wconf 78' lang='grc'>,</span> <span class='ocrx_word' id='word_1_702' title='bbox 315 4104 321 4110; x_wconf 47' lang='grc'><em>·</em></span> <span class='ocrx_word' id='word_1_703' title='bbox 332 4065 487 4095; x_wconf 80' lang='lat' dir='ltr'><strong>LGcolmen</strong></span> <span class='ocrx_word' id='word_1_704' title='bbox 498 4077 506 4093; x_wconf 85' lang='grc' dir='ltr'><em>ι</em></span> <span class='ocrx_word' id='word_1_705' title='bbox 515 4089 525 4104; x_wconf 67' lang='grc'>,</span> <span class='ocrx_word' id='word_1_706' title='bbox 543 4067 676 4110; x_wconf 57' lang='lat' dir='ltr'><strong>Salutem,</strong></span> <span class='ocrx_word' id='word_1_707' title='bbox 1171 4105 1176 4110; x_wconf 50' lang='grc'><em>.</em></span> 
     </span>
    </p>

    <p class='ocr_par' dir='ltr' id='par_1_28' title="bbox 82 4101 1279 4146">
     <span class='ocr_line' id='line_1_95' title="bbox 82 4101 1279 4146; baseline -0.003 -8"><span class='ocrx_word' id='word_1_708' title='bbox 82 4120 121 4139; x_wconf 84' lang='lat' dir='ltr'><strong>m.</strong></span> <span class='ocrx_word' id='word_1_709' title='bbox 140 4121 185 4140; x_wconf 86' lang='lat'><strong>22.</strong></span> <span class='ocrx_word' id='word_1_710' title='bbox 262 4107 339 4146; x_wconf 79' lang='lat' dir='ltr'><strong>Quia</strong></span> <span class='ocrx_word' id='word_1_711' title='bbox 347 4103 444 4135; x_wconf 87' lang='lat' dir='ltr'><strong>datum</strong></span> <span class='ocrx_word' id='word_1_712' title='bbox 461 4108 488 4136; x_wconf 85' lang='lat' dir='ltr'><strong>ei</strong></span> <span class='ocrx_word' id='word_1_713' title='bbox 517 4106 599 4135; x_wconf 86' lang='lat' dir='ltr'><strong>nobis</strong></span> <span class='ocrx_word' id='word_1_714' title='bbox 617 4105 733 4144; x_wconf 73' lang='lat' dir='ltr'><strong>iri-elligi</strong></span> <span class='ocrx_word' id='word_1_715' title='bbox 743 4128 752 4144; x_wconf 86' lang='lat'><strong>,</strong></span> <span class='ocrx_word' id='word_1_716' title='bbox 771 4105 849 4145; x_wconf 65' lang='lat' dir='ltr'><strong>quud</strong></span> <span class='ocrx_word' id='word_1_717' title='bbox 865 4105 1041 4145; x_wconf 76' lang='lat' dir='ltr'><strong>quamplures</strong></span> <span class='ocrx_word' id='word_1_718' title='bbox 1049 4103 1195 4143; x_wconf 71' lang='lat' dir='ltr'><strong>sortilegi,</strong></span> <span class='ocrx_word' id='word_1_719' title='bbox 1212 4101 1279 4135; x_wconf 86' lang='lat' dir='ltr'><strong>Ma-</strong></span> 
     </span>
    </p>
   </div>
   <div class='ocr_carea' id='block_1_15' title="bbox 372 3881 1035 3898">
    <p class='ocr_par' dir='ltr' id='par_1_29' title="bbox 372 3881 1035 3898">
     <span class='ocr_line' id='line_1_96' title="bbox 372 3881 1035 3898; baseline 0 0"><span class='ocrx_word' id='word_1_720' title='bbox 372 3881 1035 3898; x_wconf 95' lang='lat' dir='ltr'><strong> </strong></span> 
     </span>
    </p>
   </div>
   <div class='ocr_carea' id='block_1_16' title="bbox 546 3942 943 3990">
    <p class='ocr_par' dir='ltr' id='par_1_30' title="bbox 546 3942 943 3990">
     <span class='ocr_line' id='line_1_97' title="bbox 546 3942 943 3990; baseline 0 -13"><span class='ocrx_word' id='word_1_721' title='bbox 546 3946 596 3977; x_wconf 86' lang='lat' dir='ltr'><strong>De</strong></span> <span class='ocrx_word' id='word_1_722' title='bbox 617 3944 767 3990; x_wconf 57' lang='lat' dir='ltr'><strong>Sortilegis</strong></span> <span class='ocrx_word' id='word_1_723' title='bbox 788 3942 943 3989; x_wconf 76' lang='lat' dir='ltr'><strong>capiendis.</strong></span> 
     </span>
    </p>
   </div>
   <div class='ocr_carea' id='block_1_17' title="bbox 1267 208 2316 270">
    <p class='ocr_par' dir='ltr' id='par_1_31' title="bbox 1267 208 2316 270">
     <span class='ocr_line' id='line_1_98' title="bbox 1267 208 2316 270; baseline 0.016 -21"><span class='ocrx_word' id='word_1_724' title='bbox 1267 208 1743 255; x_wconf 82' lang='lat' dir='ltr'>PUBLICA.</span> <span class='ocrx_word' id='word_1_725' title='bbox 2266 227 2316 270; x_wconf 78' lang='lat'><strong>93</strong></span> 
     </span>
    </p>
   </div>
   <div class='ocr_carea' id='block_1_18' title="bbox 1265 293 2466 1670">
    <p class='ocr_par' dir='ltr' id='par_1_32' title="bbox 1265 293 2466 453">
     <span class='ocr_line' id='line_1_99' title="bbox 1265 293 2466 345; baseline 0.007 -21"><span class='ocrx_word' id='word_1_726' title='bbox 1265 294 1344 332; x_wconf 81' lang='lat' dir='ltr'><strong>gici,</strong></span> <span class='ocrx_word' id='word_1_727' title='bbox 1362 293 1573 340; x_wconf 63' lang='lat' dir='ltr'><strong>incantatores,</strong></span> <span class='ocrx_word' id='word_1_728' title='bbox 1587 297 1825 338; x_wconf 84' lang='lat' dir='ltr'><strong>Nigromantici,</strong></span> <span class='ocrx_word' id='word_1_729' title='bbox 1843 296 2022 345; x_wconf 63' lang='lat' dir='ltr'><strong>Divinitores</strong></span> <span class='ocrx_word' id='word_1_730' title='bbox 2036 323 2046 338; x_wconf 93' lang='lat'><strong>,</strong></span> <span class='ocrx_word' id='word_1_731' title='bbox 2071 295 2178 339; x_wconf 82' lang='lat' dir='ltr'><strong>Arioli,</strong></span> <span class='ocrx_word' id='word_1_732' title='bbox 2195 302 2228 332; x_wconf 72' lang='grc' dir='ltr'><strong>δε</strong></span> <span class='ocrx_word' id='word_1_733' title='bbox 2249 298 2316 331; x_wconf 79' lang='lat' dir='ltr'><strong>Plii-</strong></span> <span class='ocrx_word' id='word_1_734' title='bbox 2337 301 2412 332; x_wconf 81' lang='lat' dir='ltr'><strong>Ann.</strong></span> <span class='ocrx_word' id='word_1_735' title='bbox 2426 300 2466 333; x_wconf 87' lang='lat' dir='ltr'><strong>D.</strong></span> 
     </span>
     <span class='ocr_line' id='line_1_100' title="bbox 1265 333 2439 378; baseline 0.009 -18"><span class='ocrx_word' id='word_1_736' title='bbox 1265 340 1347 361; x_wconf 84' lang='lat' dir='ltr'><strong>tones</strong></span> <span class='ocrx_word' id='word_1_737' title='bbox 1362 335 1433 376; x_wconf 65' lang='lat' dir='ltr'><strong>inira</strong></span> <span class='ocrx_word' id='word_1_738' title='bbox 1446 333 1606 378; x_wconf 66' lang='lat' dir='ltr'><strong>Diceceiim</strong></span> <span class='ocrx_word' id='word_1_739' title='bbox 1622 338 1742 367; x_wconf 85' lang='lat' dir='ltr'><strong>vestram</strong></span> <span class='ocrx_word' id='word_1_740' title='bbox 1760 339 1878 369; x_wconf 85' lang='lat' dir='ltr'><strong>existunt</strong></span> <span class='ocrx_word' id='word_1_741' title='bbox 1894 361 1904 376; x_wconf 95' lang='lat'><strong>,</strong></span> <span class='ocrx_word' id='word_1_742' title='bbox 1928 340 1975 376; x_wconf 88' lang='lat' dir='ltr'><strong>qui</strong></span> <span class='ocrx_word' id='word_1_743' title='bbox 1994 338 2099 368; x_wconf 88' lang='lat' dir='ltr'><strong>diversa</strong></span> <span class='ocrx_word' id='word_1_744' title='bbox 2117 339 2256 370; x_wconf 73' lang='lat' dir='ltr'><strong>horribilia</strong></span> <span class='ocrx_word' id='word_1_745' title='bbox 2281 341 2313 370; x_wconf 87' lang='lat'>&amp;</span> <span class='ocrx_word' id='word_1_746' title='bbox 2353 344 2439 378; x_wconf 78' lang='lat'><em>1406.</em></span> 
     </span>
     <span class='ocr_line' id='line_1_101' title="bbox 1265 369 2444 416; baseline 0.006 -17"><span class='ocrx_word' id='word_1_747' title='bbox 1265 369 1435 414; x_wconf 78' lang='lat' dir='ltr'><strong>detestabilia</strong></span> <span class='ocrx_word' id='word_1_748' title='bbox 1453 372 1541 414; x_wconf 78' lang='lat' dir='ltr'><strong>indies</strong></span> <span class='ocrx_word' id='word_1_749' title='bbox 1565 382 1719 411; x_wconf 75' lang='lat' dir='ltr'><strong>perpetrant</strong></span> <span class='ocrx_word' id='word_1_750' title='bbox 1733 399 1742 413; x_wconf 94' lang='lat'><strong>,</strong></span> <span class='ocrx_word' id='word_1_751' title='bbox 1770 379 1803 407; x_wconf 68' lang='grc' dir='ltr'><strong>ὅς</strong></span> <span class='ocrx_word' id='word_1_752' title='bbox 1821 377 1997 414; x_wconf 84' lang='lat' dir='ltr'><strong>quamplures</strong></span> <span class='ocrx_word' id='word_1_753' title='bbox 2014 376 2050 406; x_wconf 87' lang='lat' dir='ltr'><strong>de</strong></span> <span class='ocrx_word' id='word_1_754' title='bbox 2070 376 2182 414; x_wconf 88' lang='lat' dir='ltr'><strong>Populo</strong></span> <span class='ocrx_word' id='word_1_755' title='bbox 2201 377 2315 416; x_wconf 84' lang='lat' dir='ltr'><strong>nostro,</strong></span> <span class='ocrx_word' id='word_1_756' title='bbox 2334 385 2396 408; x_wconf 69' lang='lat' dir='ltr'><strong>Heu.</strong></span> <span class='ocrx_word' id='word_1_757' title='bbox 2416 390 2444 415; x_wconf 72' lang='lat'><strong>4.</strong></span> 
     </span>
     <span class='ocr_line' id='line_1_102' title="bbox 1267 408 2314 453; baseline 0.009 -16"><span class='ocrx_word' id='word_1_758' title='bbox 1267 409 1337 438; x_wconf 83' lang='lat' dir='ltr'><strong>infra</strong></span> <span class='ocrx_word' id='word_1_759' title='bbox 1355 408 1512 453; x_wconf 71' lang='lat' dir='ltr'><strong>Dioeceiim</strong></span> <span class='ocrx_word' id='word_1_760' title='bbox 1527 413 1691 447; x_wconf 70' lang='lat' dir='ltr'><strong>praediciam</strong></span> <span class='ocrx_word' id='word_1_761' title='bbox 1702 435 1711 450; x_wconf 91' lang='lat'><strong>,</strong></span> <span class='ocrx_word' id='word_1_762' title='bbox 1729 412 1780 443; x_wconf 89' lang='lat' dir='ltr'><strong>suis</strong></span> <span class='ocrx_word' id='word_1_763' title='bbox 1796 414 1927 445; x_wconf 74' lang='lat' dir='ltr'><strong>Malificis</strong></span> <span class='ocrx_word' id='word_1_764' title='bbox 1941 414 2057 446; x_wconf 80' lang='lat' dir='ltr'><strong>Artibus</strong></span> <span class='ocrx_word' id='word_1_765' title='bbox 2077 416 2196 453; x_wconf 86' lang='lat' dir='ltr'><strong>perverti</strong></span> <span class='ocrx_word' id='word_1_766' title='bbox 2209 416 2242 446; x_wconf 74' lang='grc' dir='ltr'><strong>ὃ(</strong></span> <span class='ocrx_word' id='word_1_767' title='bbox 2258 415 2314 446; x_wconf 83' lang='lat' dir='ltr'><strong>dif-</strong></span> 
     </span>
    </p>

    <p class='ocr_par' dir='ltr' id='par_1_33' title="bbox 1268 446 1890 492">
     <span class='ocr_line' id='line_1_103' title="bbox 1268 446 1890 492; baseline 0.011 -17"><span class='ocrx_word' id='word_1_768' title='bbox 1268 446 1365 476; x_wconf 84' lang='lat' dir='ltr'><strong>famati</strong></span> <span class='ocrx_word' id='word_1_769' title='bbox 1379 450 1483 478; x_wconf 78' lang='lat' dir='ltr'><strong>taeiunt</strong></span> <span class='ocrx_word' id='word_1_770' title='bbox 1498 447 1711 486; x_wconf 84' lang='lat' dir='ltr'><strong>dampnabiliter</strong></span> <span class='ocrx_word' id='word_1_771' title='bbox 1730 451 1762 480; x_wconf 72' lang='grc' dir='ltr'><strong>ὅ(</strong></span> <span class='ocrx_word' id='word_1_772' title='bbox 1779 453 1890 492; x_wconf 89' lang='lat' dir='ltr'><strong>inique,</strong></span> 
     </span>
    </p>

    <p class='ocr_par' dir='ltr' id='par_1_34' title="bbox 1268 483 2315 568">
     <span class='ocr_line' id='line_1_104' title="bbox 1305 483 2315 527; baseline 0.008 -13"><span class='ocrx_word' id='word_1_773' title='bbox 1305 483 1339 514; x_wconf 86' lang='lat' dir='ltr'><strong>In</strong></span> <span class='ocrx_word' id='word_1_774' title='bbox 1355 483 1458 522; x_wconf 89' lang='lat' dir='ltr'><strong>Populi</strong></span> <span class='ocrx_word' id='word_1_775' title='bbox 1477 486 1564 515; x_wconf 87' lang='lat' dir='ltr'><strong>nostri</strong></span> <span class='ocrx_word' id='word_1_776' title='bbox 1584 487 1824 519; x_wconf 85' lang='lat' dir='ltr'><strong>Commotionem</strong></span> <span class='ocrx_word' id='word_1_777' title='bbox 1839 512 1848 527; x_wconf 85' lang='lat'>‚</span> <span class='ocrx_word' id='word_1_778' title='bbox 1871 492 1905 521; x_wconf 87' lang='lat'>&amp;</span> <span class='ocrx_word' id='word_1_779' title='bbox 1927 489 2037 521; x_wconf 64' lang='lat' dir='ltr'><strong>Sanctae</strong></span> <span class='ocrx_word' id='word_1_780' title='bbox 2058 490 2159 522; x_wconf 83' lang='lat' dir='ltr'><strong>Matris</strong></span> <span class='ocrx_word' id='word_1_781' title='bbox 2180 489 2315 522; x_wconf 65' lang='lat' dir='ltr'><strong>Ecclesiae</strong></span> 
     </span>
     <span class='ocr_line' id='line_1_105' title="bbox 1268 521 2175 568; baseline 0.01 -17"><span class='ocrx_word' id='word_1_782' title='bbox 1268 521 1445 561; x_wconf 86' lang='lat' dir='ltr'><strong>scandalum,</strong></span> <span class='ocrx_word' id='word_1_783' title='bbox 1464 534 1497 554; x_wconf 92' lang='lat' dir='ltr'><strong>ac</strong></span> <span class='ocrx_word' id='word_1_784' title='bbox 1512 524 1591 554; x_wconf 85' lang='lat' dir='ltr'><strong>Fidei</strong></span> <span class='ocrx_word' id='word_1_785' title='bbox 1607 524 1763 556; x_wconf 71' lang='lat' dir='ltr'><strong>Catholicae</strong></span> <span class='ocrx_word' id='word_1_786' title='bbox 1782 526 1999 558; x_wconf 81' lang='lat' dir='ltr'><strong>Subversionem</strong></span> <span class='ocrx_word' id='word_1_787' title='bbox 2014 530 2156 561; x_wconf 82' lang='lat' dir='ltr'><strong>manifesta</strong></span> <span class='ocrx_word' id='word_1_788' title='bbox 2166 553 2175 568; x_wconf 96' lang='lat'><strong>,</strong></span> 
     </span>
    </p>

    <p class='ocr_par' dir='ltr' id='par_1_35' title="bbox 1270 560 2318 742">
     <span class='ocr_line' id='line_1_106' title="bbox 1303 560 2316 605; baseline 0.007 -15"><span class='ocrx_word' id='word_1_789' title='bbox 1303 560 1393 591; x_wconf 92' lang='lat' dir='ltr'><strong>Unde</strong></span> <span class='ocrx_word' id='word_1_790' title='bbox 1411 562 1586 605; x_wconf 84' lang='lat' dir='ltr'><strong>quampluria</strong></span> <span class='ocrx_word' id='word_1_791' title='bbox 1603 562 1793 594; x_wconf 89' lang='lat' dir='ltr'><strong>Incommoda</strong></span> <span class='ocrx_word' id='word_1_792' title='bbox 1810 566 1844 595; x_wconf 68' lang='grc' dir='ltr'><strong>ὃς</strong></span> <span class='ocrx_word' id='word_1_793' title='bbox 1866 564 2087 599; x_wconf 84' lang='lat' dir='ltr'><strong>Inconvenentia</strong></span> <span class='ocrx_word' id='word_1_794' title='bbox 2107 569 2178 599; x_wconf 86' lang='lat' dir='ltr'><strong>infra</strong></span> <span class='ocrx_word' id='word_1_795' title='bbox 2194 567 2316 597; x_wconf 87' lang='lat' dir='ltr'><strong>Dioece-</strong></span> 
     </span>
     <span class='ocr_line' id='line_1_107' title="bbox 1270 597 2317 644; baseline 0.01 -17"><span class='ocrx_word' id='word_1_796' title='bbox 1270 597 1322 627; x_wconf 88' lang='lat' dir='ltr'><strong>sim</strong></span> <span class='ocrx_word' id='word_1_797' title='bbox 1338 599 1504 636; x_wconf 69' lang='lat' dir='ltr'><strong>praedieram</strong></span> <span class='ocrx_word' id='word_1_798' title='bbox 1522 609 1584 631; x_wconf 91' lang='lat' dir='ltr'><strong>ante</strong></span> <span class='ocrx_word' id='word_1_799' title='bbox 1603 601 1665 631; x_wconf 86' lang='lat' dir='ltr'><strong>haec</strong></span> <span class='ocrx_word' id='word_1_800' title='bbox 1683 610 1810 638; x_wconf 88' lang='lat' dir='ltr'><strong>tempora</strong></span> <span class='ocrx_word' id='word_1_801' title='bbox 1835 613 1984 633; x_wconf 85' lang='lat' dir='ltr'><strong>evenerunt</strong></span> <span class='ocrx_word' id='word_1_802' title='bbox 1998 626 2008 641; x_wconf 90' lang='lat'><strong>,</strong></span> <span class='ocrx_word' id='word_1_803' title='bbox 2033 606 2066 635; x_wconf 66' lang='grc' dir='ltr'><strong>ὃ(</strong></span> <span class='ocrx_word' id='word_1_804' title='bbox 2086 606 2212 644; x_wconf 80' lang='lat' dir='ltr'><strong>majora,</strong></span> <span class='ocrx_word' id='word_1_805' title='bbox 2238 606 2317 644; x_wconf 77' lang='lat' dir='ltr'><strong>quod</strong></span> 
     </span>
     <span class='ocr_line' id='line_1_108' title="bbox 1270 637 2318 682; baseline 0.01 -17"><span class='ocrx_word' id='word_1_806' title='bbox 1270 637 1354 673; x_wconf 86' lang='lat' dir='ltr'><strong>absit,</strong></span> <span class='ocrx_word' id='word_1_807' title='bbox 1373 639 1485 667; x_wconf 91' lang='lat' dir='ltr'><strong>evenire</strong></span> <span class='ocrx_word' id='word_1_808' title='bbox 1503 638 1689 670; x_wconf 88' lang='lat' dir='ltr'><strong>formidantur</strong></span> <span class='ocrx_word' id='word_1_809' title='bbox 1706 640 1777 669; x_wconf 88' lang='lat' dir='ltr'><strong>infra</strong></span> <span class='ocrx_word' id='word_1_810' title='bbox 1793 641 1896 677; x_wconf 89' lang='lat' dir='ltr'><strong>breve,</strong></span> <span class='ocrx_word' id='word_1_811' title='bbox 1921 642 1969 671; x_wconf 78' lang='lat' dir='ltr'><strong>nili</strong></span> <span class='ocrx_word' id='word_1_812' title='bbox 1988 644 2023 671; x_wconf 86' lang='lat' dir='ltr'><strong>de</strong></span> <span class='ocrx_word' id='word_1_813' title='bbox 2040 643 2180 674; x_wconf 90' lang='lat' dir='ltr'><strong>Remedio</strong></span> <span class='ocrx_word' id='word_1_814' title='bbox 2201 654 2318 682; x_wconf 84' lang='lat' dir='ltr'><strong>oportu—</strong></span> 
     </span>
     <span class='ocr_line' id='line_1_109' title="bbox 1272 674 1991 742; baseline 0.007 -39"><span class='ocrx_word' id='word_1_815' title='bbox 1272 684 1311 704; x_wconf 92' lang='lat' dir='ltr'><strong>no</strong></span> <span class='ocrx_word' id='word_1_816' title='bbox 1311 684 1375 742; x_wconf 46' lang='lat'><strong>131&amp;</strong></span> <span class='ocrx_word' id='word_1_817' title='bbox 1391 674 1561 708; x_wconf 72' lang='lat' dir='ltr'><strong>potestatem</strong></span> <span class='ocrx_word' id='word_1_818' title='bbox 1578 679 1685 715; x_wconf 79' lang='lat' dir='ltr'><strong>regiam</strong></span> <span class='ocrx_word' id='word_1_819' title='bbox 1700 678 1815 708; x_wconf 74' lang='lat' dir='ltr'><strong>celerius</strong></span> <span class='ocrx_word' id='word_1_820' title='bbox 1832 678 1991 716; x_wconf 80' lang='lat' dir='ltr'><strong>ordinetur,</strong></span> 
     </span>
    </p>

    <p class='ocr_par' dir='ltr' id='par_1_36' title="bbox 1348 723 1394 750">
     <span class='ocr_line' id='line_1_110' title="bbox 1348 723 1394 750; baseline -0.022 -7"><span class='ocrx_word' id='word_1_821' title='bbox 1348 723 1394 750; x_wconf 88' lang='lat' dir='ltr'><strong>os,</strong></span> 
     </span>
    </p>

    <p class='ocr_par' dir='ltr' id='par_1_37' title="bbox 1272 750 2321 904">
     <span class='ocr_line' id='line_1_111' title="bbox 1307 750 2320 794; baseline 0.009 -14"><span class='ocrx_word' id='word_1_822' title='bbox 1307 750 1478 788; x_wconf 88' lang='lat' dir='ltr'><strong>Hujusmodi</strong></span> <span class='ocrx_word' id='word_1_823' title='bbox 1493 753 1683 783; x_wconf 87' lang='lat' dir='ltr'><strong>incommodis</strong></span> <span class='ocrx_word' id='word_1_824' title='bbox 1701 755 1734 785; x_wconf 73' lang='grc' dir='ltr'><strong>ὃς</strong></span> <span class='ocrx_word' id='word_1_825' title='bbox 1751 753 1984 784; x_wconf 78' lang='lat' dir='ltr'><strong>inconvenientiis</strong></span> <span class='ocrx_word' id='word_1_826' title='bbox 2007 755 2121 786; x_wconf 80' lang='lat' dir='ltr'><strong>obviare</strong></span> <span class='ocrx_word' id='word_1_827' title='bbox 2137 779 2146 794; x_wconf 81' lang='lat'><strong>,</strong></span> <span class='ocrx_word' id='word_1_828' title='bbox 2170 768 2203 789; x_wconf 89' lang='lat' dir='ltr'><strong>ac</strong></span> <span class='ocrx_word' id='word_1_829' title='bbox 2219 759 2320 790; x_wconf 80' lang='lat' dir='ltr'><strong>Fidem</strong></span> 
     </span>
     <span class='ocr_line' id='line_1_112' title="bbox 1272 786 2320 835; baseline 0.008 -17"><span class='ocrx_word' id='word_1_830' title='bbox 1272 786 1454 832; x_wconf 77' lang='lat' dir='ltr'><strong>Catholicarn</strong></span> <span class='ocrx_word' id='word_1_831' title='bbox 1475 791 1573 828; x_wconf 87' lang='lat' dir='ltr'><strong>(cujus</strong></span> <span class='ocrx_word' id='word_1_832' title='bbox 1590 791 1683 821; x_wconf 90' lang='lat' dir='ltr'><strong>sumus</strong></span> <span class='ocrx_word' id='word_1_833' title='bbox 1707 793 1742 823; x_wconf 87' lang='lat'>&amp;</span> <span class='ocrx_word' id='word_1_834' title='bbox 1766 791 1822 821; x_wconf 80' lang='lat' dir='ltr'><strong>effe</strong></span> <span class='ocrx_word' id='word_1_835' title='bbox 1848 791 1988 822; x_wconf 87' lang='lat' dir='ltr'><strong>Volumus</strong></span> <span class='ocrx_word' id='word_1_836' title='bbox 2008 792 2195 830; x_wconf 78' lang='lat' dir='ltr'><strong>Defensores)</strong></span> <span class='ocrx_word' id='word_1_837' title='bbox 2219 797 2320 835; x_wconf 75' lang='lat' dir='ltr'><strong>Impu-</strong></span> 
     </span>
     <span class='ocr_line' id='line_1_113' title="bbox 1272 829 2321 868; baseline 0.01 -12"><span class='ocrx_word' id='word_1_838' title='bbox 1272 833 1406 865; x_wconf 84' lang='lat' dir='ltr'><strong>gnantes,</strong></span> <span class='ocrx_word' id='word_1_839' title='bbox 1419 836 1494 864; x_wconf 82' lang='lat' dir='ltr'><strong>Juxta</strong></span> <span class='ocrx_word' id='word_1_840' title='bbox 1511 838 1613 859; x_wconf 91' lang='lat' dir='ltr'><strong>eorum</strong></span> <span class='ocrx_word' id='word_1_841' title='bbox 1631 829 1782 868; x_wconf 85' lang='lat' dir='ltr'><strong>demerita,</strong></span> <span class='ocrx_word' id='word_1_842' title='bbox 1800 830 1893 867; x_wconf 88' lang='lat' dir='ltr'><strong>puniri</strong></span> <span class='ocrx_word' id='word_1_843' title='bbox 1908 832 1958 868; x_wconf 77' lang='lat'><strong>&amp;²</strong></span> <span class='ocrx_word' id='word_1_844' title='bbox 1977 841 2110 868; x_wconf 81' lang='lat' dir='ltr'><strong>quantum</strong></span> <span class='ocrx_word' id='word_1_845' title='bbox 2127 832 2160 862; x_wconf 87' lang='lat' dir='ltr'><strong>ad</strong></span> <span class='ocrx_word' id='word_1_846' title='bbox 2177 834 2243 864; x_wconf 90' lang='lat' dir='ltr'><strong>Nos</strong></span> <span class='ocrx_word' id='word_1_847' title='bbox 2257 837 2321 867; x_wconf 81' lang='lat' dir='ltr'><strong>atti-</strong></span> 
     </span>
     <span class='ocr_line' id='line_1_114' title="bbox 1273 865 1644 904; baseline 0.008 -10"><span class='ocrx_word' id='word_1_848' title='bbox 1273 873 1339 902; x_wconf 89' lang='lat' dir='ltr'><strong>net,</strong></span> <span class='ocrx_word' id='word_1_849' title='bbox 1359 865 1487 902; x_wconf 79' lang='lat' dir='ltr'><strong>castigari</strong></span> <span class='ocrx_word' id='word_1_850' title='bbox 1501 866 1644 904; x_wconf 87' lang='lat' dir='ltr'><strong>volentes,</strong></span> 
     </span>
    </p>

    <p class='ocr_par' dir='ltr' id='par_1_38' title="bbox 1272 902 2326 1136">
     <span class='ocr_line' id='line_1_115' title="bbox 1311 902 2326 951; baseline 0.008 -19"><span class='ocrx_word' id='word_1_851' title='bbox 1311 902 1517 947; x_wconf 72' lang='lat' dir='ltr'><strong>Affignavimus</strong></span> <span class='ocrx_word' id='word_1_852' title='bbox 1534 914 1586 935; x_wconf 83' lang='lat' dir='ltr'><strong>vos</strong></span> <span class='ocrx_word' id='word_1_853' title='bbox 1610 906 1645 936; x_wconf 88' lang='lat' dir='ltr'><strong>ad</strong></span> <span class='ocrx_word' id='word_1_854' title='bbox 1658 915 1759 936; x_wconf 87' lang='lat' dir='ltr'><strong>omnes</strong></span> <span class='ocrx_word' id='word_1_855' title='bbox 1778 907 1812 937; x_wconf 72' lang='grc' dir='ltr'><strong>ὃ(</strong></span> <span class='ocrx_word' id='word_1_856' title='bbox 1832 906 1950 944; x_wconf 82' lang='lat' dir='ltr'><strong>singulos</strong></span> <span class='ocrx_word' id='word_1_857' title='bbox 1971 907 2131 945; x_wconf 79' lang='lat' dir='ltr'><strong>hujusmodi</strong></span> <span class='ocrx_word' id='word_1_858' title='bbox 2152 908 2326 951; x_wconf 58' lang='lat' dir='ltr'><strong>Sortilegos3</strong></span> 
     </span>
     <span class='ocr_line' id='line_1_116' title="bbox 1272 939 2323 986; baseline 0.006 -15"><span class='ocrx_word' id='word_1_859' title='bbox 1272 939 1426 980; x_wconf 84' lang='lat' dir='ltr'><strong>Magicos,</strong></span> <span class='ocrx_word' id='word_1_860' title='bbox 1444 941 1648 981; x_wconf 88' lang='lat' dir='ltr'><strong>Incantatores,</strong></span> <span class='ocrx_word' id='word_1_861' title='bbox 1666 941 1928 983; x_wconf 84' lang='lat' dir='ltr'><strong>Nigromanticos,</strong></span> <span class='ocrx_word' id='word_1_862' title='bbox 1944 944 2136 984; x_wconf 90' lang='lat' dir='ltr'><strong>Divinitores,</strong></span> <span class='ocrx_word' id='word_1_863' title='bbox 2155 947 2323 986; x_wconf 83' lang='lat' dir='ltr'><strong>Ariolos,&amp;</strong></span> 
     </span>
     <span class='ocr_line' id='line_1_117' title="bbox 1272 978 2325 1024; baseline 0.007 -14"><span class='ocrx_word' id='word_1_864' title='bbox 1272 978 1425 1024; x_wconf 67' lang='lat' dir='ltr'><strong>Phitone8‚</strong></span> <span class='ocrx_word' id='word_1_865' title='bbox 1443 981 1619 1021; x_wconf 89' lang='lat' dir='ltr'><strong>ubicumque</strong></span> <span class='ocrx_word' id='word_1_866' title='bbox 1633 991 1681 1012; x_wconf 88' lang='lat' dir='ltr'><strong>eos</strong></span> <span class='ocrx_word' id='word_1_867' title='bbox 1698 981 1767 1011; x_wconf 88' lang='lat' dir='ltr'><strong>infra</strong></span> <span class='ocrx_word' id='word_1_868' title='bbox 1784 982 1948 1013; x_wconf 85' lang='lat' dir='ltr'><strong>Dioecesim</strong></span> <span class='ocrx_word' id='word_1_869' title='bbox 1967 984 2150 1023; x_wconf 63' lang='lat' dir='ltr'><strong>praedidtam,</strong></span> <span class='ocrx_word' id='word_1_870' title='bbox 2175 986 2232 1015; x_wconf 69' lang='lat' dir='ltr'><strong>tarn</strong></span> <span class='ocrx_word' id='word_1_871' title='bbox 2252 988 2325 1019; x_wconf 88' lang='lat' dir='ltr'><strong>infra</strong></span> 
     </span>
     <span class='ocr_line' id='line_1_118' title="bbox 1272 1017 2326 1060; baseline 0.008 -12"><span class='ocrx_word' id='word_1_872' title='bbox 1272 1017 1444 1058; x_wconf 82' lang='lat' dir='ltr'><strong>Libertates,</strong></span> <span class='ocrx_word' id='word_1_873' title='bbox 1464 1019 1550 1057; x_wconf 66' lang='lat' dir='ltr'><strong>quam</strong></span> <span class='ocrx_word' id='word_1_874' title='bbox 1565 1030 1658 1057; x_wconf 74' lang='lat' dir='ltr'><strong>eittra,</strong></span> <span class='ocrx_word' id='word_1_875' title='bbox 1678 1021 1798 1051; x_wconf 89' lang='lat' dir='ltr'><strong>inveniri</strong></span> <span class='ocrx_word' id='word_1_876' title='bbox 1813 1021 1978 1060; x_wconf 85' lang='lat' dir='ltr'><strong>contigerit,</strong></span> <span class='ocrx_word' id='word_1_877' title='bbox 1997 1033 2097 1052; x_wconf 87' lang='lat' dir='ltr'><strong>coram</strong></span> <span class='ocrx_word' id='word_1_878' title='bbox 2112 1024 2193 1053; x_wconf 89' lang='lat' dir='ltr'><strong>vobis</strong></span> <span class='ocrx_word' id='word_1_879' title='bbox 2214 1025 2256 1055; x_wconf 91' lang='lat' dir='ltr'><strong>seu</strong></span> <span class='ocrx_word' id='word_1_880' title='bbox 2271 1026 2326 1056; x_wconf 86' lang='lat' dir='ltr'><strong>suf-</strong></span> 
     </span>
     <span class='ocr_line' id='line_1_119' title="bbox 1273 1055 2326 1100; baseline 0.007 -13"><span class='ocrx_word' id='word_1_881' title='bbox 1273 1055 1431 1088; x_wconf 87' lang='lat' dir='ltr'><strong>ficientibus</strong></span> <span class='ocrx_word' id='word_1_882' title='bbox 1445 1057 1593 1095; x_wconf 87' lang='lat' dir='ltr'><strong>Deputatis</strong></span> <span class='ocrx_word' id='word_1_883' title='bbox 1608 1058 1720 1097; x_wconf 82' lang='lat' dir='ltr'><strong>vestris,</strong></span> <span class='ocrx_word' id='word_1_884' title='bbox 1740 1060 1870 1097; x_wconf 86' lang='lat' dir='ltr'><strong>quotiens</strong></span> <span class='ocrx_word' id='word_1_885' title='bbox 1884 1060 1994 1090; x_wconf 83' lang='lat' dir='ltr'><strong>necesse</strong></span> <span class='ocrx_word' id='word_1_886' title='bbox 2015 1060 2113 1100; x_wconf 84' lang='lat' dir='ltr'><strong>fuerit,</strong></span> <span class='ocrx_word' id='word_1_887' title='bbox 2136 1061 2326 1094; x_wconf 87' lang='lat' dir='ltr'><strong>Evocandum</strong></span> 
     </span>
     <span class='ocr_line' id='line_1_120' title="bbox 1274 1095 1734 1136; baseline 0.002 -10"><span class='ocrx_word' id='word_1_888' title='bbox 1274 1095 1307 1126; x_wconf 68' lang='grc' dir='ltr'>δί</span> <span class='ocrx_word' id='word_1_889' title='bbox 1327 1095 1475 1133; x_wconf 81' lang='lat' dir='ltr'><strong>diligenter</strong></span> <span class='ocrx_word' id='word_1_890' title='bbox 1490 1096 1734 1136; x_wconf 81' lang='lat' dir='ltr'><strong>Examinandum,</strong></span> 
     </span>
    </p>

    <p class='ocr_par' dir='ltr' id='par_1_39' title="bbox 1271 1133 2329 1294">
     <span class='ocr_line' id='line_1_121' title="bbox 1311 1133 2329 1176; baseline 0.007 -12"><span class='ocrx_word' id='word_1_891' title='bbox 1311 1133 1346 1164; x_wconf 90' lang='lat' dir='ltr'><strong>Et</strong></span> <span class='ocrx_word' id='word_1_892' title='bbox 1362 1144 1426 1172; x_wconf 79' lang='lat' dir='ltr'><strong>eos,</strong></span> <span class='ocrx_word' id='word_1_893' title='bbox 1446 1136 1516 1165; x_wconf 77' lang='lat' dir='ltr'><strong>ciii-n</strong></span> <span class='ocrx_word' id='word_1_894' title='bbox 1536 1135 1601 1165; x_wconf 80' lang='lat' dir='ltr'><strong>inde</strong></span> <span class='ocrx_word' id='word_1_895' title='bbox 1620 1135 1745 1174; x_wconf 80' lang='lat' dir='ltr'><strong>legitime</strong></span> <span class='ocrx_word' id='word_1_896' title='bbox 1769 1134 1908 1167; x_wconf 71' lang='lat' dir='ltr'><strong>Convieti</strong></span> <span class='ocrx_word' id='word_1_897' title='bbox 1931 1136 2053 1175; x_wconf 88' lang='lat' dir='ltr'><strong>fuerint,</strong></span> <span class='ocrx_word' id='word_1_898' title='bbox 2071 1138 2117 1168; x_wconf 88' lang='lat' dir='ltr'><strong>vel</strong></span> <span class='ocrx_word' id='word_1_899' title='bbox 2135 1140 2222 1176; x_wconf 74' lang='lat' dir='ltr'><strong>prius,</strong></span> <span class='ocrx_word' id='word_1_900' title='bbox 2242 1139 2260 1170; x_wconf 83' lang='lat' dir='ltr'>fi</span> <span class='ocrx_word' id='word_1_901' title='bbox 2275 1151 2329 1171; x_wconf 92' lang='lat' dir='ltr'><strong>vo—</strong></span> 
     </span>
     <span class='ocr_line' id='line_1_122' title="bbox 1271 1172 2327 1215; baseline 0.008 -14"><span class='ocrx_word' id='word_1_902' title='bbox 1271 1172 1316 1202; x_wconf 82' lang='lat' dir='ltr'><strong>bis</strong></span> <span class='ocrx_word' id='word_1_903' title='bbox 1331 1172 1468 1203; x_wconf 86' lang='lat' dir='ltr'><strong>videbitur</strong></span> <span class='ocrx_word' id='word_1_904' title='bbox 1486 1173 1667 1210; x_wconf 85' lang='lat' dir='ltr'><strong>faciendum⁷</strong></span> <span class='ocrx_word' id='word_1_905' title='bbox 1685 1173 1804 1204; x_wconf 87' lang='lat' dir='ltr'><strong>Prisonis</strong></span> <span class='ocrx_word' id='word_1_906' title='bbox 1822 1174 2095 1215; x_wconf 88' lang='lat' dir='ltr'><strong>Committendum,</strong></span> <span class='ocrx_word' id='word_1_907' title='bbox 2115 1177 2145 1206; x_wconf 91' lang='lat' dir='ltr'><strong>in</strong></span> <span class='ocrx_word' id='word_1_908' title='bbox 2160 1178 2262 1208; x_wconf 90' lang='lat' dir='ltr'><strong>eisdem</strong></span> <span class='ocrx_word' id='word_1_909' title='bbox 2278 1179 2327 1209; x_wconf 87' lang='lat' dir='ltr'><strong>de—</strong></span> 
     </span>
     <span class='ocr_line' id='line_1_123' title="bbox 1273 1210 2328 1254; baseline 0.009 -15"><span class='ocrx_word' id='word_1_910' title='bbox 1273 1210 1402 1240; x_wconf 89' lang='lat' dir='ltr'><strong>tinendos</strong></span> <span class='ocrx_word' id='word_1_911' title='bbox 1417 1233 1426 1249; x_wconf 94' lang='lat'><strong>,</strong></span> <span class='ocrx_word' id='word_1_912' title='bbox 1450 1211 1591 1248; x_wconf 88' lang='lat' dir='ltr'><strong>quousque</strong></span> <span class='ocrx_word' id='word_1_913' title='bbox 1607 1222 1623 1242; x_wconf 88' lang='lat' dir='ltr'><strong>a</strong></span> <span class='ocrx_word' id='word_1_914' title='bbox 1655 1211 1708 1242; x_wconf 89' lang='lat' dir='ltr'><strong>suis</strong></span> <span class='ocrx_word' id='word_1_915' title='bbox 1730 1211 1872 1243; x_wconf 87' lang='lat' dir='ltr'><strong>Malificiis</strong></span> <span class='ocrx_word' id='word_1_916' title='bbox 1894 1213 2054 1251; x_wconf 86' lang='lat' dir='ltr'><strong>hujusmodi</strong></span> <span class='ocrx_word' id='word_1_917' title='bbox 2077 1216 2232 1253; x_wconf 79' lang='lat' dir='ltr'><strong>resipiscant</strong></span> <span class='ocrx_word' id='word_1_918' title='bbox 2247 1237 2257 1254; x_wconf 88' lang='lat'>‚</span> <span class='ocrx_word' id='word_1_919' title='bbox 2282 1226 2328 1248; x_wconf 84' lang='lat' dir='ltr'><strong>aut</strong></span> 
     </span>
     <span class='ocr_line' id='line_1_124' title="bbox 1275 1247 2244 1294; baseline 0.006 -16"><span class='ocrx_word' id='word_1_920' title='bbox 1275 1247 1344 1278; x_wconf 89' lang='lat' dir='ltr'><strong>Nos</strong></span> <span class='ocrx_word' id='word_1_921' title='bbox 1360 1258 1411 1291; x_wconf 82' lang='lat' dir='ltr'><strong>pro</strong></span> <span class='ocrx_word' id='word_1_922' title='bbox 1426 1258 1526 1279; x_wconf 87' lang='lat' dir='ltr'><strong>eorum</strong></span> <span class='ocrx_word' id='word_1_923' title='bbox 1541 1249 1754 1279; x_wconf 85' lang='lat' dir='ltr'><strong>Deliberatione</strong></span> <span class='ocrx_word' id='word_1_924' title='bbox 1771 1251 1847 1280; x_wconf 86' lang='lat' dir='ltr'><strong>aliter</strong></span> <span class='ocrx_word' id='word_1_925' title='bbox 1863 1252 2022 1282; x_wconf 66' lang='lat' dir='ltr'><strong>duxerimus</strong></span> <span class='ocrx_word' id='word_1_926' title='bbox 2036 1254 2244 1294; x_wconf 83' lang='lat' dir='ltr'><strong>ordinandum,</strong></span> 
     </span>
    </p>

    <p class='ocr_par' dir='ltr' id='par_1_40' title="bbox 1276 1285 2328 1366">
     <span class='ocr_line' id='line_1_125' title="bbox 1313 1285 2328 1331; baseline 0.008 -15"><span class='ocrx_word' id='word_1_927' title='bbox 1313 1285 1352 1329; x_wconf 81' lang='lat' dir='ltr'><strong>Et</strong></span> <span class='ocrx_word' id='word_1_928' title='bbox 1366 1286 1433 1317; x_wconf 80' lang='lat' dir='ltr'><strong>ideo</strong></span> <span class='ocrx_word' id='word_1_929' title='bbox 1449 1288 1530 1317; x_wconf 88' lang='lat' dir='ltr'><strong>vobis</strong></span> <span class='ocrx_word' id='word_1_930' title='bbox 1546 1286 1719 1318; x_wconf 77' lang='lat' dir='ltr'><strong>Mandamus</strong></span> <span class='ocrx_word' id='word_1_931' title='bbox 1732 1288 1810 1325; x_wconf 79' lang='lat' dir='ltr'><strong>quod</strong></span> <span class='ocrx_word' id='word_1_932' title='bbox 1823 1290 1898 1320; x_wconf 87' lang='lat' dir='ltr'><strong>circa</strong></span> <span class='ocrx_word' id='word_1_933' title='bbox 1914 1289 2058 1321; x_wconf 81' lang='lat' dir='ltr'><strong>Praemissa</strong></span> <span class='ocrx_word' id='word_1_934' title='bbox 2073 1292 2218 1331; x_wconf 88' lang='lat' dir='ltr'><strong>diligenter</strong></span> <span class='ocrx_word' id='word_1_935' title='bbox 2236 1294 2328 1324; x_wconf 83' lang='lat' dir='ltr'><strong>inten-</strong></span> 
     </span>
     <span class='ocr_line' id='line_1_126' title="bbox 1276 1322 2154 1366; baseline 0.006 -12"><span class='ocrx_word' id='word_1_936' title='bbox 1276 1322 1363 1362; x_wconf 81' lang='lat' dir='ltr'><strong>datis,</strong></span> <span class='ocrx_word' id='word_1_937' title='bbox 1381 1326 1413 1354; x_wconf 82' lang='lat'>&amp;</span> <span class='ocrx_word' id='word_1_938' title='bbox 1427 1335 1458 1355; x_wconf 85' lang='lat' dir='ltr'><strong>ea</strong></span> <span class='ocrx_word' id='word_1_939' title='bbox 1472 1324 1575 1355; x_wconf 82' lang='lat' dir='ltr'><strong>faciatis</strong></span> <span class='ocrx_word' id='word_1_940' title='bbox 1592 1326 1624 1356; x_wconf 89' lang='lat'><strong>&amp;</strong></span> <span class='ocrx_word' id='word_1_941' title='bbox 1640 1327 1816 1363; x_wconf 85' lang='lat' dir='ltr'><strong>exequamini</strong></span> <span class='ocrx_word' id='word_1_942' title='bbox 1834 1327 1862 1356; x_wconf 91' lang='lat' dir='ltr'><strong>in</strong></span> <span class='ocrx_word' id='word_1_943' title='bbox 1888 1327 1989 1357; x_wconf 87' lang='lat' dir='ltr'><strong>Forma</strong></span> <span class='ocrx_word' id='word_1_944' title='bbox 2004 1330 2154 1366; x_wconf 67' lang='lat' dir='ltr'><strong>praedicta:</strong></span> 
     </span>
    </p>

    <p class='ocr_par' dir='ltr' id='par_1_41' title="bbox 1280 1362 2465 1632">
     <span class='ocr_line' id='line_1_127' title="bbox 1314 1362 2332 1408; baseline 0.009 -16"><span class='ocrx_word' id='word_1_945' title='bbox 1314 1362 1424 1393; x_wconf 79' lang='lat' dir='ltr'><strong>Damus</strong></span> <span class='ocrx_word' id='word_1_946' title='bbox 1447 1372 1539 1394; x_wconf 88' lang='lat' dir='ltr'><strong>autem</strong></span> <span class='ocrx_word' id='word_1_947' title='bbox 1565 1364 1694 1394; x_wconf 85' lang='lat' dir='ltr'><strong>universis</strong></span> <span class='ocrx_word' id='word_1_948' title='bbox 1718 1365 1750 1394; x_wconf 68' lang='grc' dir='ltr'><strong>δι’.</strong></span> <span class='ocrx_word' id='word_1_949' title='bbox 1769 1364 1877 1403; x_wconf 80' lang='lat' dir='ltr'><strong>singulis</strong></span> <span class='ocrx_word' id='word_1_950' title='bbox 1893 1387 1903 1403; x_wconf 85' lang='lat'>‚</span> <span class='ocrx_word' id='word_1_951' title='bbox 1931 1366 1989 1396; x_wconf 71' lang='lat' dir='ltr'><strong>tam</strong></span> <span class='ocrx_word' id='word_1_952' title='bbox 2019 1368 2090 1398; x_wconf 88' lang='lat' dir='ltr'><strong>Viris</strong></span> <span class='ocrx_word' id='word_1_953' title='bbox 2116 1368 2332 1408; x_wconf 77' lang='lat' dir='ltr'><strong>Ecclesiasticis‚</strong></span> 
     </span>
     <span class='ocr_line' id='line_1_128' title="bbox 1280 1401 2332 1444; baseline 0.007 -13"><span class='ocrx_word' id='word_1_954' title='bbox 1280 1410 1365 1438; x_wconf 87' lang='lat' dir='ltr'><strong>quam</strong></span> <span class='ocrx_word' id='word_1_955' title='bbox 1383 1401 1948 1441; x_wconf 79' lang='lat' dir='ltr'><strong>Vicecomitibus,Majoribus,Ballivis,</strong></span> <span class='ocrx_word' id='word_1_956' title='bbox 1966 1404 2203 1444; x_wconf 74' lang='lat' dir='ltr'><strong>Constabulariis,</strong></span> <span class='ocrx_word' id='word_1_957' title='bbox 2224 1418 2256 1438; x_wconf 86' lang='lat' dir='ltr'><strong>ac</strong></span> <span class='ocrx_word' id='word_1_958' title='bbox 2272 1409 2332 1439; x_wconf 88' lang='lat' dir='ltr'><strong>aliis</strong></span> 
     </span>
     <span class='ocr_line' id='line_1_129' title="bbox 1282 1438 2331 1479; baseline 0.009 -11"><span class='ocrx_word' id='word_1_959' title='bbox 1282 1438 1423 1469; x_wconf 87' lang='lat' dir='ltr'><strong>Ministris</strong></span> <span class='ocrx_word' id='word_1_960' title='bbox 1437 1440 1469 1471; x_wconf 73' lang='grc' dir='ltr'><strong>δε</strong></span> <span class='ocrx_word' id='word_1_961' title='bbox 1486 1440 1627 1471; x_wconf 87' lang='lat' dir='ltr'><strong>Fidelibus</strong></span> <span class='ocrx_word' id='word_1_962' title='bbox 1643 1440 1759 1478; x_wconf 82' lang='lat' dir='ltr'><strong>nostris,</strong></span> <span class='ocrx_word' id='word_1_963' title='bbox 1781 1441 1810 1470; x_wconf 92' lang='lat' dir='ltr'><strong>in</strong></span> <span class='ocrx_word' id='word_1_964' title='bbox 1824 1441 1932 1479; x_wconf 83' lang='lat' dir='ltr'><strong>singulis</strong></span> <span class='ocrx_word' id='word_1_965' title='bbox 1948 1441 2139 1475; x_wconf 81' lang='lat' dir='ltr'><strong>Coniitatibus</strong></span> <span class='ocrx_word' id='word_1_966' title='bbox 2152 1446 2223 1476; x_wconf 78' lang='lat' dir='ltr'><strong>infra</strong></span> <span class='ocrx_word' id='word_1_967' title='bbox 2246 1446 2331 1476; x_wconf 78' lang='lat' dir='ltr'><strong>Dioe·</strong></span> 
     </span>
     <span class='ocr_line' id='line_1_130' title="bbox 1283 1477 2453 1523; baseline 0.004 -16"><span class='ocrx_word' id='word_1_968' title='bbox 1283 1477 1367 1508; x_wconf 82' lang='lat' dir='ltr'><strong>celim</strong></span> <span class='ocrx_word' id='word_1_969' title='bbox 1383 1478 1547 1515; x_wconf 69' lang='lat' dir='ltr'><strong>praediCiam</strong></span> <span class='ocrx_word' id='word_1_970' title='bbox 1557 1501 1566 1516; x_wconf 96' lang='lat'><strong>,</strong></span> <span class='ocrx_word' id='word_1_971' title='bbox 1585 1479 1643 1509; x_wconf 70' lang='lat' dir='ltr'><strong>tarn</strong></span> <span class='ocrx_word' id='word_1_972' title='bbox 1652 1479 1724 1508; x_wconf 87' lang='lat' dir='ltr'><strong>infra</strong></span> <span class='ocrx_word' id='word_1_973' title='bbox 1734 1481 1748 1495; x_wconf 73' lang='lat'><strong>‘⁴</strong></span> <span class='ocrx_word' id='word_1_974' title='bbox 1762 1478 2025 1517; x_wconf 81' lang='lat' dir='ltr'><strong>Libertates,quarn</strong></span> <span class='ocrx_word' id='word_1_975' title='bbox 2034 1484 2245 1519; x_wconf 83' lang='lat' dir='ltr'><strong>extra,Tenore</strong></span> <span class='ocrx_word' id='word_1_976' title='bbox 2255 1484 2332 1514; x_wconf 79' lang='lat' dir='ltr'><strong>Prae-</strong></span> <span class='ocrx_word' id='word_1_977' title='bbox 2350 1494 2370 1512; x_wconf 69' lang='lat' dir='ltr'><strong>it</strong></span> <span class='ocrx_word' id='word_1_978' title='bbox 2382 1496 2453 1523; x_wconf 67' lang='lat' dir='ltr'>VIII</span> 
     </span>
     <span class='ocr_line' id='line_1_131' title="bbox 1281 1515 2465 1557; baseline 0.007 -12"><span class='ocrx_word' id='word_1_979' title='bbox 1281 1515 1419 1553; x_wconf 87' lang='lat' dir='ltr'><strong>sentium,</strong></span> <span class='ocrx_word' id='word_1_980' title='bbox 1444 1516 1559 1547; x_wconf 80' lang='lat' dir='ltr'><strong>firmiter</strong></span> <span class='ocrx_word' id='word_1_981' title='bbox 1591 1518 1621 1547; x_wconf 94' lang='lat' dir='ltr'><strong>in</strong></span> <span class='ocrx_word' id='word_1_982' title='bbox 1645 1516 1789 1547; x_wconf 87' lang='lat' dir='ltr'><strong>Mandatis</strong></span> <span class='ocrx_word' id='word_1_983' title='bbox 1808 1517 1888 1554; x_wconf 86' lang='lat' dir='ltr'><strong>quod</strong></span> <span class='ocrx_word' id='word_1_984' title='bbox 1908 1519 1987 1548; x_wconf 87' lang='lat' dir='ltr'><strong>vobis</strong></span> <span class='ocrx_word' id='word_1_985' title='bbox 2017 1520 2050 1550; x_wconf 87' lang='lat'>&amp;</span> <span class='ocrx_word' id='word_1_986' title='bbox 2071 1520 2217 1557; x_wconf 84' lang='lat' dir='ltr'><strong>Deputatis</strong></span> <span class='ocrx_word' id='word_1_987' title='bbox 2237 1524 2332 1553; x_wconf 89' lang='lat' dir='ltr'><strong>vestris</strong></span> <span class='ocrx_word' id='word_1_988' title='bbox 2458 1516 2465 1524; x_wconf 71' lang='grc'><strong><em>’</em></strong></span> 
     </span>
     <span class='ocr_line' id='line_1_132' title="bbox 1281 1554 2331 1596; baseline 0.008 -12"><span class='ocrx_word' id='word_1_989' title='bbox 1281 1554 1461 1592; x_wconf 87' lang='lat' dir='ltr'><strong>hujusmodi,</strong></span> <span class='ocrx_word' id='word_1_990' title='bbox 1477 1556 1506 1585; x_wconf 91' lang='lat' dir='ltr'><strong>in</strong></span> <span class='ocrx_word' id='word_1_991' title='bbox 1521 1555 1674 1590; x_wconf 65' lang='lat' dir='ltr'><strong>premissis</strong></span> <span class='ocrx_word' id='word_1_992' title='bbox 1690 1555 1835 1586; x_wconf 82' lang='lat' dir='ltr'><strong>Faciendis</strong></span> <span class='ocrx_word' id='word_1_993' title='bbox 1849 1557 1883 1588; x_wconf 87' lang='lat'>&amp;</span> <span class='ocrx_word' id='word_1_994' title='bbox 1898 1555 2089 1596; x_wconf 84' lang='lat' dir='ltr'><strong>Exequendis,</strong></span> <span class='ocrx_word' id='word_1_995' title='bbox 2105 1559 2221 1590; x_wconf 73' lang='lat' dir='ltr'><strong>Pareant</strong></span> <span class='ocrx_word' id='word_1_996' title='bbox 2237 1563 2269 1592; x_wconf 87' lang='lat'>&amp;</span> <span class='ocrx_word' id='word_1_997' title='bbox 2283 1561 2331 1592; x_wconf 89' lang='lat' dir='ltr'><strong>In-</strong></span> 
     </span>
     <span class='ocr_line' id='line_1_133' title="bbox 1284 1592 1621 1632; baseline 0.003 -9"><span class='ocrx_word' id='word_1_998' title='bbox 1284 1592 1414 1632; x_wconf 76' lang='lat' dir='ltr'><strong>tendant,</strong></span> <span class='ocrx_word' id='word_1_999' title='bbox 1432 1602 1517 1631; x_wconf 90' lang='lat' dir='ltr'><strong>prout</strong></span> <span class='ocrx_word' id='word_1_1000' title='bbox 1530 1593 1621 1624; x_wconf 88' lang='lat' dir='ltr'><strong>decet.</strong></span> 
     </span>
    </p>

    <p class='ocr_par' dir='ltr' id='par_1_42' title="bbox 1322 1631 1547 1670">
     <span class='ocr_line' id='line_1_134' title="bbox 1322 1631 1547 1670; baseline 0 -8"><span class='ocrx_word' id='word_1_1001' title='bbox 1322 1631 1356 1662; x_wconf 90' lang='lat' dir='ltr'><strong>In</strong></span> <span class='ocrx_word' id='word_1_1002' title='bbox 1374 1632 1470 1670; x_wconf 82' lang='lat' dir='ltr'><strong>cujus,</strong></span> <span class='ocrx_word' id='word_1_1003' title='bbox 1486 1632 1547 1662; x_wconf 71' lang='grc' dir='ltr'><strong>δίε.</strong></span> 
     </span>
    </p>
   </div>
   <div class='ocr_carea' id='block_1_19' title="bbox 1358 1669 2175 1711">
    <p class='ocr_par' dir='ltr' id='par_1_43' title="bbox 1358 1669 2175 1711">
     <span class='ocr_line' id='line_1_135' title="bbox 1358 1669 2175 1711; baseline 0.005 -11"><span class='ocrx_word' id='word_1_1004' title='bbox 1358 1669 1446 1700; x_wconf 80' lang='lat' dir='ltr'><strong>Teste</strong></span> <span class='ocrx_word' id='word_1_1005' title='bbox 1461 1669 1544 1708; x_wconf 85' lang='lat' dir='ltr'><strong>Rege</strong></span> <span class='ocrx_word' id='word_1_1006' title='bbox 1560 1669 1633 1708; x_wconf 83' lang='lat' dir='ltr'><strong>apud</strong></span> <span class='ocrx_word' id='word_1_1007' title='bbox 1651 1669 1927 1711; x_wconf 74' lang='lat' dir='ltr'><strong>[Vestmonasterium‚</strong></span> <span class='ocrx_word' id='word_1_1008' title='bbox 1948 1672 1967 1710; x_wconf 81' lang='lat' dir='ltr'><strong>ij</strong></span> <span class='ocrx_word' id='word_1_1009' title='bbox 1984 1671 2029 1703; x_wconf 88' lang='lat' dir='ltr'><strong>die</strong></span> <span class='ocrx_word' id='word_1_1010' title='bbox 2042 1671 2175 1711; x_wconf 82' lang='lat' dir='ltr'><strong>Januarii.</strong></span> 
     </span>
    </p>
   </div>
   <div class='ocr_carea' id='block_1_20' title="bbox 2381 1535 2448 1570">
    <p class='ocr_par' dir='ltr' id='par_1_44' title="bbox 2381 1535 2448 1570">
     <span class='ocr_line' id='line_1_136' title="bbox 2381 1535 2448 1570; baseline -0.015 -9"><span class='ocrx_word' id='word_1_1011' title='bbox 2381 1535 2448 1570; x_wconf 74' lang='lat'><strong>428,</strong></span> 
     </span>
    </p>
   </div>
   <div class='ocr_carea' id='block_1_21' title="bbox 1289 1749 1475 1754">
    <p class='ocr_par' dir='ltr' id='par_1_45' title="bbox 1289 1749 1475 1754">
     <span class='ocr_line' id='line_1_137' title="bbox 1289 1749 1475 1754; baseline 0 0"><span class='ocrx_word' id='word_1_1012' title='bbox 1289 1749 1475 1754; x_wconf 95' lang='lat' dir='ltr'><strong> </strong></span> 
     </span>
    </p>
   </div>
   <div class='ocr_carea' id='block_1_22' title="bbox 1673 1798 1986 1844">
    <p class='ocr_par' dir='ltr' id='par_1_46' title="bbox 1673 1798 1986 1844">
     <span class='ocr_line' id='line_1_138' title="bbox 1673 1798 1986 1844; baseline 0 -14"><span class='ocrx_word' id='word_1_1013' title='bbox 1673 1799 1732 1830; x_wconf 88' lang='lat' dir='ltr'><strong>Pro</strong></span> <span class='ocrx_word' id='word_1_1014' title='bbox 1754 1798 1873 1829; x_wconf 76' lang='lat' dir='ltr'><strong>Nuncio</strong></span> <span class='ocrx_word' id='word_1_1015' title='bbox 1893 1800 1986 1844; x_wconf 72' lang='lat' dir='ltr'><strong>Papae.</strong></span> 
     </span>
    </p>
   </div>
   <div class='ocr_carea' id='block_1_23' title="bbox 1289 1881 2495 3038">
    <p class='ocr_par' dir='ltr' id='par_1_47' title="bbox 1289 1881 2489 2029">
     <span class='ocr_line' id='line_1_139' title="bbox 1291 1881 2489 1939; baseline -0.001 -24"><span class='ocrx_word' id='word_1_1016' title='bbox 1291 1881 1431 1939; x_wconf 73' lang='lat' dir='ltr'><strong>REX,</strong></span> <span class='ocrx_word' id='word_1_1017' title='bbox 1450 1882 1637 1915; x_wconf 86' lang='lat' dir='ltr'><strong>Custumariis</strong></span> <span class='ocrx_word' id='word_1_1018' title='bbox 1659 1881 1710 1912; x_wconf 87' lang='lat' dir='ltr'><strong>suis</strong></span> <span class='ocrx_word' id='word_1_1019' title='bbox 1736 1883 1764 1912; x_wconf 90' lang='lat' dir='ltr'><strong>in</strong></span> <span class='ocrx_word' id='word_1_1020' title='bbox 1785 1882 1926 1913; x_wconf 88' lang='lat' dir='ltr'><strong>Portubus</strong></span> <span class='ocrx_word' id='word_1_1021' title='bbox 1946 1882 2075 1914; x_wconf 81' lang='lat' dir='ltr'><strong>Civitatis</strong></span> <span class='ocrx_word' id='word_1_1022' title='bbox 2098 1884 2201 1916; x_wconf 83' lang='lat' dir='ltr'><strong>nostrae</strong></span> <span class='ocrx_word' id='word_1_1023' title='bbox 2223 1885 2345 1916; x_wconf 90' lang='lat' dir='ltr'><strong>Londo-</strong></span> <span class='ocrx_word' id='word_1_1024' title='bbox 2365 1884 2489 1915; x_wconf 79' lang='lat' dir='ltr'><strong>AnnD.</strong></span> 
     </span>
     <span class='ocr_line' id='line_1_140' title="bbox 1369 1920 2469 1963; baseline 0 -11"><span class='ocrx_word' id='word_1_1025' title='bbox 1369 1923 1440 1961; x_wconf 70' lang='lat' dir='ltr'><strong>niae,</strong></span> <span class='ocrx_word' id='word_1_1026' title='bbox 1466 1933 1500 1953; x_wconf 89' lang='lat' dir='ltr'><strong>ac</strong></span> <span class='ocrx_word' id='word_1_1027' title='bbox 1519 1921 1656 1952; x_wconf 86' lang='lat' dir='ltr'><strong>Villarum</strong></span> <span class='ocrx_word' id='word_1_1028' title='bbox 1679 1920 1839 1963; x_wconf 76' lang='lat' dir='ltr'><strong>nostrarum</strong></span> <span class='ocrx_word' id='word_1_1029' title='bbox 1862 1922 2086 1960; x_wconf 80' lang='lat' dir='ltr'><strong>Suthamproniae</strong></span> <span class='ocrx_word' id='word_1_1030' title='bbox 2102 1946 2110 1961; x_wconf 84' lang='lat'><strong>,</strong></span> <span class='ocrx_word' id='word_1_1031' title='bbox 2139 1924 2293 1955; x_wconf 74' lang='lat' dir='ltr'><strong>Dovorriae</strong></span> <span class='ocrx_word' id='word_1_1032' title='bbox 2311 1926 2343 1956; x_wconf 67' lang='lat' dir='ltr'><strong>&amp;c</strong></span> <span class='ocrx_word' id='word_1_1033' title='bbox 2385 1926 2469 1962; x_wconf 83' lang='lat'><em>1406.</em></span> 
     </span>
     <span class='ocr_line' id='line_1_141' title="bbox 1289 1957 2457 2029; baseline 0.001 -39"><span class='ocrx_word' id='word_1_1034' title='bbox 1289 1957 1467 2029; x_wconf 58' lang='lat' dir='ltr'><strong>SSaailidewici,</strong></span> <span class='ocrx_word' id='word_1_1035' title='bbox 1485 1970 1599 1992; x_wconf 86' lang='lat' dir='ltr'><strong>necnon</strong></span> <span class='ocrx_word' id='word_1_1036' title='bbox 1616 1957 1789 1990; x_wconf 83' lang='lat' dir='ltr'><strong>Custodibus</strong></span> <span class='ocrx_word' id='word_1_1037' title='bbox 1810 1959 2002 1999; x_wconf 80' lang='lat' dir='ltr'><strong>Paffagiorum</strong></span> <span class='ocrx_word' id='word_1_1038' title='bbox 2023 1963 2052 1992; x_wconf 91' lang='lat' dir='ltr'><strong>in</strong></span> <span class='ocrx_word' id='word_1_1039' title='bbox 2068 1962 2171 1992; x_wconf 67' lang='lat' dir='ltr'><strong>eisdem</strong></span> <span class='ocrx_word' id='word_1_1040' title='bbox 2187 1963 2345 2002; x_wconf 74' lang='lat' dir='ltr'><strong>PortubuS,</strong></span> <span class='ocrx_word' id='word_1_1041' title='bbox 2365 1967 2404 1989; x_wconf 67' lang='lat' dir='ltr'><strong>Aa</strong></span> <span class='ocrx_word' id='word_1_1042' title='bbox 2431 1974 2457 1997; x_wconf 87' lang='lat'><strong>7·</strong></span> 
     </span>
    </p>

    <p class='ocr_par' dir='ltr' id='par_1_48' title="bbox 1341 2005 2446 2036">
     <span class='ocr_line' id='line_1_142' title="bbox 1341 2005 2446 2036; baseline -0.001 -6"><span class='ocrx_word' id='word_1_1043' title='bbox 1341 2008 1430 2030; x_wconf 87' lang='lat' dir='ltr'><strong>utem.</strong></span> <span class='ocrx_word' id='word_1_1044' title='bbox 2369 2005 2398 2027; x_wconf 65' lang='lat' dir='ltr'><strong>tl⁴</strong></span> <span class='ocrx_word' id='word_1_1045' title='bbox 2418 2010 2446 2036; x_wconf 79' lang='lat'><strong>4.</strong></span> 
     </span>
    </p>

    <p class='ocr_par' dir='ltr' id='par_1_49' title="bbox 1292 2035 2495 2154">
     <span class='ocr_line' id='line_1_143' title="bbox 1331 2035 2495 2079; baseline -0.003 -12"><span class='ocrx_word' id='word_1_1046' title='bbox 1331 2036 1503 2069; x_wconf 85' lang='lat' dir='ltr'><strong>Mandamus</strong></span> <span class='ocrx_word' id='word_1_1047' title='bbox 1517 2038 1598 2068; x_wconf 92' lang='lat' dir='ltr'><strong>vobis</strong></span> <span class='ocrx_word' id='word_1_1048' title='bbox 1612 2035 1709 2075; x_wconf 80' lang='lat' dir='ltr'><strong>quod,</strong></span> <span class='ocrx_word' id='word_1_1049' title='bbox 1727 2035 1923 2068; x_wconf 86' lang='lat' dir='ltr'><strong>Venerabilem</strong></span> <span class='ocrx_word' id='word_1_1050' title='bbox 1933 2036 2046 2069; x_wconf 88' lang='lat' dir='ltr'><strong>Patrem</strong></span> <span class='ocrx_word' id='word_1_1051' title='bbox 2056 2061 2066 2077; x_wconf 90' lang='lat'>‚</span> <span class='ocrx_word' id='word_1_1052' title='bbox 2088 2040 2266 2069; x_wconf 71' lang='lat' dir='ltr'><strong>Ludowicum</strong></span> <span class='ocrx_word' id='word_1_1053' title='bbox 2279 2043 2346 2079; x_wconf 79' lang='lat' dir='ltr'><strong>Epi-</strong></span> <span class='ocrx_word' id='word_1_1054' title='bbox 2365 2040 2452 2076; x_wconf 66' lang='lat' dir='ltr'><strong>clasis.</strong></span> <span class='ocrx_word' id='word_1_1055' title='bbox 2469 2047 2495 2074; x_wconf 90' lang='lat'><strong>7.</strong></span> 
     </span>
     <span class='ocr_line' id='line_1_144' title="bbox 1292 2074 2444 2116; baseline 0.004 -10"><span class='ocrx_word' id='word_1_1056' title='bbox 1292 2075 1396 2116; x_wconf 84' lang='lat' dir='ltr'><strong>scopum</strong></span> <span class='ocrx_word' id='word_1_1057' title='bbox 1413 2074 1666 2116; x_wconf 71' lang='lat' dir='ltr'><strong>Vulterannenfi’m‚</strong></span> <span class='ocrx_word' id='word_1_1058' title='bbox 1683 2075 1839 2107; x_wconf 84' lang='lat' dir='ltr'><strong>Nuncium</strong></span> <span class='ocrx_word' id='word_1_1059' title='bbox 1851 2075 2050 2114; x_wconf 87' lang='lat' dir='ltr'><strong>Apostolicum</strong></span> <span class='ocrx_word' id='word_1_1060' title='bbox 2065 2099 2075 2116; x_wconf 84' lang='grc'>,</span> <span class='ocrx_word' id='word_1_1061' title='bbox 2101 2079 2134 2109; x_wconf 87' lang='lat'>&amp;</span> <span class='ocrx_word' id='word_1_1062' title='bbox 2152 2079 2348 2111; x_wconf 70' lang='lat' dir='ltr'><strong>eoneetorem</strong></span> <span class='ocrx_word' id='word_1_1063' title='bbox 2367 2082 2392 2105; x_wconf 80' lang='lat' dir='ltr'><em>H</em></span> <span class='ocrx_word' id='word_1_1064' title='bbox 2416 2088 2444 2113; x_wconf 82' lang='lat'><strong>4-</strong></span> 
     </span>
     <span class='ocr_line' id='line_1_145' title="bbox 1293 2115 2470 2154; baseline -0.002 -9"><span class='ocrx_word' id='word_1_1065' title='bbox 1293 2115 1375 2146; x_wconf 81' lang='lat' dir='ltr'><strong>‘suum</strong></span> <span class='ocrx_word' id='word_1_1066' title='bbox 1391 2116 1422 2146; x_wconf 91' lang='lat' dir='ltr'><strong>in</strong></span> <span class='ocrx_word' id='word_1_1067' title='bbox 1437 2115 1556 2154; x_wconf 77' lang='lat' dir='ltr'><strong>AngHa,</strong></span> <span class='ocrx_word' id='word_1_1068' title='bbox 2370 2126 2406 2146; x_wconf 84' lang='lat' dir='ltr'><strong>m.</strong></span> <span class='ocrx_word' id='word_1_1069' title='bbox 2425 2125 2470 2153; x_wconf 82' lang='lat'><strong>32.</strong></span> 
     </span>
    </p>

    <p class='ocr_par' dir='ltr' id='par_1_50' title="bbox 1334 2151 2009 2193">
     <span class='ocr_line' id='line_1_146' title="bbox 1334 2151 2009 2193; baseline -0.003 -8"><span class='ocrx_word' id='word_1_1070' title='bbox 1334 2154 1488 2193; x_wconf 81' lang='lat' dir='ltr'><strong>Qandam</strong></span> <span class='ocrx_word' id='word_1_1071' title='bbox 1503 2153 1622 2185; x_wconf 88' lang='lat' dir='ltr'><strong>Pelvem</strong></span> <span class='ocrx_word' id='word_1_1072' title='bbox 1634 2152 1691 2184; x_wconf 88' lang='lat' dir='ltr'><strong>five</strong></span> <span class='ocrx_word' id='word_1_1073' title='bbox 1707 2152 1801 2184; x_wconf 84' lang='lat' dir='ltr'><strong>Bacile</strong></span> <span class='ocrx_word' id='word_1_1074' title='bbox 1815 2151 1851 2183; x_wconf 90' lang='lat' dir='ltr'><strong>de</strong></span> <span class='ocrx_word' id='word_1_1075' title='bbox 1865 2152 2009 2193; x_wconf 85' lang='lat' dir='ltr'><strong>Argento,</strong></span> 
     </span>
    </p>

    <p class='ocr_par' dir='ltr' id='par_1_51' title="bbox 1331 2191 2101 2231">
     <span class='ocr_line' id='line_1_147' title="bbox 1331 2191 2101 2231; baseline 0.001 -8"><span class='ocrx_word' id='word_1_1076' title='bbox 1331 2191 1402 2223; x_wconf 91' lang='lat' dir='ltr'><strong>Duo</strong></span> <span class='ocrx_word' id='word_1_1077' title='bbox 1421 2192 1560 2230; x_wconf 86' lang='lat' dir='ltr'><strong>Lavacra,</strong></span> <span class='ocrx_word' id='word_1_1078' title='bbox 1578 2191 1612 2222; x_wconf 89' lang='lat' dir='ltr'><strong>ad</strong></span> <span class='ocrx_word' id='word_1_1079' title='bbox 1629 2191 1784 2222; x_wconf 90' lang='lat' dir='ltr'><strong>tenendum</strong></span> <span class='ocrx_word' id='word_1_1080' title='bbox 1800 2191 1926 2230; x_wconf 83' lang='lat' dir='ltr'><strong>Vinum,</strong></span> <span class='ocrx_word' id='word_1_1081' title='bbox 1945 2192 2101 2231; x_wconf 83' lang='lat' dir='ltr'><strong>Argentea,</strong></span> 
     </span>
    </p>

    <p class='ocr_par' dir='ltr' id='par_1_52' title="bbox 1329 2229 2236 2272">
     <span class='ocr_line' id='line_1_148' title="bbox 1329 2229 2236 2272; baseline 0.002 -11"><span class='ocrx_word' id='word_1_1082' title='bbox 1329 2230 1498 2262; x_wconf 89' lang='lat' dir='ltr'><strong>Duodecim</strong></span> <span class='ocrx_word' id='word_1_1083' title='bbox 1516 2230 1613 2261; x_wconf 86' lang='lat' dir='ltr'><strong>Pecias</strong></span> <span class='ocrx_word' id='word_1_1084' title='bbox 1630 2239 1700 2260; x_wconf 89' lang='lat' dir='ltr'><strong>cum</strong></span> <span class='ocrx_word' id='word_1_1085' title='bbox 1720 2230 1851 2269; x_wconf 83' lang='lat' dir='ltr'><strong>Qatuor</strong></span> <span class='ocrx_word' id='word_1_1086' title='bbox 1870 2229 2056 2268; x_wconf 85' lang='lat' dir='ltr'><strong>Cooperculis</strong></span> <span class='ocrx_word' id='word_1_1087' title='bbox 2070 2232 2236 2272; x_wconf 58' lang='lat' dir='ltr'><strong>Argentea,</strong></span> 
     </span>
    </p>

    <p class='ocr_par' dir='ltr' id='par_1_53' title="bbox 1331 2268 2121 2308">
     <span class='ocr_line' id='line_1_149' title="bbox 1331 2268 2121 2308; baseline -0.001 -8"><span class='ocrx_word' id='word_1_1088' title='bbox 1331 2269 1407 2300; x_wconf 90' lang='lat' dir='ltr'><strong>Tres</strong></span> <span class='ocrx_word' id='word_1_1089' title='bbox 1424 2269 1541 2307; x_wconf 87' lang='lat' dir='ltr'><strong>Cuppas</strong></span> <span class='ocrx_word' id='word_1_1090' title='bbox 1558 2269 1614 2300; x_wconf 87' lang='lat' dir='ltr'><strong>five</strong></span> <span class='ocrx_word' id='word_1_1091' title='bbox 1634 2268 1747 2306; x_wconf 89' lang='lat' dir='ltr'><strong>Ciphos</strong></span> <span class='ocrx_word' id='word_1_1092' title='bbox 1764 2268 1801 2299; x_wconf 92' lang='lat' dir='ltr'><strong>de</strong></span> <span class='ocrx_word' id='word_1_1093' title='bbox 1817 2268 1947 2307; x_wconf 85' lang='lat' dir='ltr'><strong>Argento</strong></span> <span class='ocrx_word' id='word_1_1094' title='bbox 1964 2269 2121 2308; x_wconf 87' lang='lat' dir='ltr'><strong>deauratos,</strong></span> 
     </span>
    </p>

    <p class='ocr_par' dir='ltr' id='par_1_54' title="bbox 1333 2306 2175 2348">
     <span class='ocr_line' id='line_1_150' title="bbox 1333 2306 2175 2348; baseline -0.001 -9"><span class='ocrx_word' id='word_1_1095' title='bbox 1333 2307 1407 2339; x_wconf 92' lang='lat' dir='ltr'><strong>Duo</strong></span> <span class='ocrx_word' id='word_1_1096' title='bbox 1421 2307 1618 2339; x_wconf 87' lang='lat' dir='ltr'><strong>Tabernacula</strong></span> <span class='ocrx_word' id='word_1_1097' title='bbox 1637 2307 1672 2338; x_wconf 92' lang='lat' dir='ltr'><strong>de</strong></span> <span class='ocrx_word' id='word_1_1098' title='bbox 1693 2306 1772 2338; x_wconf 91' lang='lat' dir='ltr'><strong>Auro</strong></span> <span class='ocrx_word' id='word_1_1099' title='bbox 1791 2306 1891 2337; x_wconf 88' lang='lat' dir='ltr'><strong>valoris</strong></span> <span class='ocrx_word' id='word_1_1100' title='bbox 1908 2306 1990 2337; x_wconf 64' lang='lat' dir='ltr'><strong>Otito</strong></span> <span class='ocrx_word' id='word_1_1101' title='bbox 2009 2308 2175 2348; x_wconf 84' lang='lat' dir='ltr'><strong>Librarum,</strong></span> 
     </span>
    </p>

    <p class='ocr_par' dir='ltr' id='par_1_55' title="bbox 1333 2344 2090 2386">
     <span class='ocr_line' id='line_1_151' title="bbox 1333 2344 2090 2386; baseline -0.003 -9"><span class='ocrx_word' id='word_1_1102' title='bbox 1333 2346 1489 2386; x_wconf 85' lang='lat' dir='ltr'><strong>Qioddam</strong></span> <span class='ocrx_word' id='word_1_1103' title='bbox 1508 2355 1625 2384; x_wconf 86' lang='lat' dir='ltr'><strong>parvum</strong></span> <span class='ocrx_word' id='word_1_1104' title='bbox 1639 2344 1696 2375; x_wconf 90' lang='lat' dir='ltr'><strong>Vas</strong></span> <span class='ocrx_word' id='word_1_1105' title='bbox 1715 2345 1750 2376; x_wconf 91' lang='lat' dir='ltr'><strong>de</strong></span> <span class='ocrx_word' id='word_1_1106' title='bbox 1765 2344 1893 2383; x_wconf 89' lang='lat' dir='ltr'><strong>Argento</strong></span> <span class='ocrx_word' id='word_1_1107' title='bbox 1910 2345 2090 2383; x_wconf 85' lang='lat' dir='ltr'><strong>deauratum,</strong></span> 
     </span>
    </p>

    <p class='ocr_par' dir='ltr' id='par_1_56' title="bbox 1332 2382 2078 2421">
     <span class='ocr_line' id='line_1_152' title="bbox 1332 2382 2078 2421; baseline -0.003 -6"><span class='ocrx_word' id='word_1_1108' title='bbox 1332 2384 1416 2415; x_wconf 89' lang='lat' dir='ltr'><strong>Duos</strong></span> <span class='ocrx_word' id='word_1_1109' title='bbox 1433 2384 1543 2415; x_wconf 87' lang='lat' dir='ltr'><strong>Calices</strong></span> <span class='ocrx_word' id='word_1_1110' title='bbox 1560 2393 1629 2415; x_wconf 90' lang='lat' dir='ltr'><strong>cum</strong></span> <span class='ocrx_word' id='word_1_1111' title='bbox 1647 2382 1764 2414; x_wconf 88' lang='lat' dir='ltr'><strong>Duabus</strong></span> <span class='ocrx_word' id='word_1_1112' title='bbox 1783 2382 1893 2413; x_wconf 88' lang='lat' dir='ltr'><strong>Patenis</strong></span> <span class='ocrx_word' id='word_1_1113' title='bbox 1912 2383 2078 2421; x_wconf 87' lang='lat' dir='ltr'><strong>Argenteis,</strong></span> 
     </span>
    </p>

    <p class='ocr_par' dir='ltr' id='par_1_57' title="bbox 1334 2420 2131 2462">
     <span class='ocr_line' id='line_1_153' title="bbox 1334 2420 2131 2462; baseline -0.001 -9"><span class='ocrx_word' id='word_1_1114' title='bbox 1334 2423 1492 2461; x_wconf 83' lang='lat' dir='ltr'><strong>Qioddam</strong></span> <span class='ocrx_word' id='word_1_1115' title='bbox 1511 2420 1755 2452; x_wconf 88' lang='lat' dir='ltr'><strong>Deosculatorium</strong></span> <span class='ocrx_word' id='word_1_1116' title='bbox 1775 2430 1825 2458; x_wconf 88' lang='lat' dir='ltr'><strong>pro</strong></span> <span class='ocrx_word' id='word_1_1117' title='bbox 1841 2420 1915 2451; x_wconf 83' lang='lat' dir='ltr'><strong>Pace</strong></span> <span class='ocrx_word' id='word_1_1118' title='bbox 1933 2421 2131 2462; x_wconf 85' lang='lat' dir='ltr'><strong>Argenteum,</strong></span> 
     </span>
    </p>

    <p class='ocr_par' dir='ltr' id='par_1_58' title="bbox 1339 2457 1873 2496">
     <span class='ocr_line' id='line_1_154' title="bbox 1339 2457 1873 2496; baseline -0.006 -5"><span class='ocrx_word' id='word_1_1119' title='bbox 1339 2461 1424 2491; x_wconf 92' lang='lat' dir='ltr'><strong>Duos</strong></span> <span class='ocrx_word' id='word_1_1120' title='bbox 1444 2460 1619 2490; x_wconf 84' lang='lat' dir='ltr'><strong>Cultellarios</strong></span> <span class='ocrx_word' id='word_1_1121' title='bbox 1638 2469 1708 2489; x_wconf 89' lang='lat' dir='ltr'><strong>cum</strong></span> <span class='ocrx_word' id='word_1_1122' title='bbox 1729 2457 1873 2496; x_wconf 87' lang='lat' dir='ltr'><strong>Cultellis,</strong></span> 
     </span>
    </p>

    <p class='ocr_par' dir='ltr' id='par_1_59' title="bbox 1302 2496 2353 2568">
     <span class='ocr_line' id='line_1_155' title="bbox 1329 2496 2353 2535; baseline 0.003 -6"><span class='ocrx_word' id='word_1_1123' title='bbox 1329 2499 1403 2530; x_wconf 85' lang='lat' dir='ltr'><strong>Tres</strong></span> <span class='ocrx_word' id='word_1_1124' title='bbox 1429 2499 1540 2530; x_wconf 79' lang='lat' dir='ltr'><strong>Pannos</strong></span> <span class='ocrx_word' id='word_1_1125' title='bbox 1565 2498 1674 2528; x_wconf 83' lang='lat' dir='ltr'><strong>Laneos</strong></span> <span class='ocrx_word' id='word_1_1126' title='bbox 1698 2507 1790 2529; x_wconf 89' lang='lat' dir='ltr'><strong>novos</strong></span> <span class='ocrx_word' id='word_1_1127' title='bbox 1810 2506 1864 2535; x_wconf 90' lang='lat' dir='ltr'><strong>pro</strong></span> <span class='ocrx_word' id='word_1_1128' title='bbox 1888 2496 2062 2529; x_wconf 74' lang='lat' dir='ltr'><strong>indumento·</strong></span> <span class='ocrx_word' id='word_1_1129' title='bbox 2084 2498 2273 2531; x_wconf 79' lang='lat' dir='ltr'><strong>Famularium</strong></span> <span class='ocrx_word' id='word_1_1130' title='bbox 2291 2500 2353 2533; x_wconf 64' lang='lat' dir='ltr'><strong>fiso-</strong></span> 
     </span>
     <span class='ocr_line' id='line_1_156' title="bbox 1302 2548 1366 2568; baseline 0 0"><span class='ocrx_word' id='word_1_1131' title='bbox 1302 2548 1366 2568; x_wconf 87' lang='lat' dir='ltr'><strong>rum</strong></span> 
     </span>
    </p>

    <p class='ocr_par' dir='ltr' id='par_1_60' title="bbox 1336 2561 1796 2614">
     <span class='ocr_line' id='line_1_157' title="bbox 1336 2561 1796 2614; baseline -0.004 -7"><span class='ocrx_word' id='word_1_1132' title='bbox 1336 2561 1418 2607; x_wconf 67' lang='lat' dir='ltr'><strong>Dt’ios</strong></span> <span class='ocrx_word' id='word_1_1133' title='bbox 1438 2575 1545 2606; x_wconf 57' lang='lat' dir='ltr'><strong>Lestos</strong></span> <span class='ocrx_word' id='word_1_1134' title='bbox 1563 2585 1633 2606; x_wconf 91' lang='lat' dir='ltr'><strong>cum</strong></span> <span class='ocrx_word' id='word_1_1135' title='bbox 1650 2574 1796 2614; x_wconf 87' lang='lat' dir='ltr'><strong>Curtinis‚</strong></span> 
     </span>
    </p>

    <p class='ocr_par' dir='ltr' id='par_1_61' title="bbox 1339 2613 1650 2653">
     <span class='ocr_line' id='line_1_158' title="bbox 1339 2613 1650 2653; baseline -0.003 -8"><span class='ocrx_word' id='word_1_1136' title='bbox 1339 2615 1498 2653; x_wconf 83' lang='lat' dir='ltr'><strong>Quoddam</strong></span> <span class='ocrx_word' id='word_1_1137' title='bbox 1519 2613 1650 2651; x_wconf 78' lang='lat' dir='ltr'><strong>Miffale,</strong></span> 
     </span>
    </p>

    <p class='ocr_par' dir='ltr' id='par_1_62' title="bbox 1335 2651 1929 2691">
     <span class='ocr_line' id='line_1_159' title="bbox 1335 2651 1929 2691; baseline -0.003 -8"><span class='ocrx_word' id='word_1_1138' title='bbox 1335 2653 1444 2684; x_wconf 90' lang='lat' dir='ltr'><strong>Unum</strong></span> <span class='ocrx_word' id='word_1_1139' title='bbox 1460 2653 1513 2683; x_wconf 85' lang='lat' dir='ltr'><strong>Par</strong></span> <span class='ocrx_word' id='word_1_1140' title='bbox 1528 2652 1607 2682; x_wconf 84' lang='lat' dir='ltr'><strong>Pater</strong></span> <span class='ocrx_word' id='word_1_1141' title='bbox 1623 2651 1731 2682; x_wconf 87' lang='lat' dir='ltr'><strong>Noster</strong></span> <span class='ocrx_word' id='word_1_1142' title='bbox 1746 2651 1782 2683; x_wconf 90' lang='lat' dir='ltr'><strong>de</strong></span> <span class='ocrx_word' id='word_1_1143' title='bbox 1800 2651 1929 2691; x_wconf 83' lang='lat' dir='ltr'><strong>Ambre,</strong></span> 
     </span>
    </p>

    <p class='ocr_par' dir='ltr' id='par_1_63' title="bbox 1336 2689 2121 2730">
     <span class='ocr_line' id='line_1_160' title="bbox 1336 2689 2121 2730; baseline 0.001 -9"><span class='ocrx_word' id='word_1_1144' title='bbox 1336 2691 1439 2722; x_wconf 88' lang='lat' dir='ltr'><strong>Certos</strong></span> <span class='ocrx_word' id='word_1_1145' title='bbox 1459 2691 1602 2729; x_wconf 85' lang='lat' dir='ltr'><strong>Annulos,</strong></span> <span class='ocrx_word' id='word_1_1146' title='bbox 1618 2690 1652 2721; x_wconf 88' lang='lat' dir='ltr'><strong>ad</strong></span> <span class='ocrx_word' id='word_1_1147' title='bbox 1666 2691 1790 2720; x_wconf 81' lang='lat' dir='ltr'><strong>valorem</strong></span> <span class='ocrx_word' id='word_1_1148' title='bbox 1807 2690 1921 2721; x_wconf 89' lang='lat' dir='ltr'><strong>Decem</strong></span> <span class='ocrx_word' id='word_1_1149' title='bbox 1938 2689 2121 2730; x_wconf 73' lang='lat' dir='ltr'><strong>Marcarum,</strong></span> 
     </span>
    </p>

    <p class='ocr_par' dir='ltr' id='par_1_64' title="bbox 1299 2729 2355 2804">
     <span class='ocr_line' id='line_1_161' title="bbox 1339 2729 2355 2768; baseline 0.002 -8"><span class='ocrx_word' id='word_1_1150' title='bbox 1339 2730 1468 2760; x_wconf 88' lang='lat' dir='ltr'><strong>Necnon</strong></span> <span class='ocrx_word' id='word_1_1151' title='bbox 1485 2729 1629 2767; x_wconf 73' lang='lat' dir='ltr'><strong>VesturaS,</strong></span> <span class='ocrx_word' id='word_1_1152' title='bbox 1647 2729 1832 2767; x_wconf 81' lang='lat' dir='ltr'><strong>Indumenta,</strong></span> <span class='ocrx_word' id='word_1_1153' title='bbox 1850 2730 1884 2760; x_wconf 75' lang='grc' dir='ltr'><strong>δε</strong></span> <span class='ocrx_word' id='word_1_1154' title='bbox 1902 2729 2019 2760; x_wconf 68' lang='lat' dir='ltr'><strong>Lectilia</strong></span> <span class='ocrx_word' id='word_1_1155' title='bbox 2032 2731 2156 2768; x_wconf 86' lang='lat' dir='ltr'><strong>ejusdem</strong></span> <span class='ocrx_word' id='word_1_1156' title='bbox 2181 2730 2355 2762; x_wconf 77' lang='lat' dir='ltr'><strong>Venerabilis</strong></span> 
     </span>
     <span class='ocr_line' id='line_1_162' title="bbox 1299 2766 2033 2804; baseline 0 -6"><span class='ocrx_word' id='word_1_1157' title='bbox 1299 2766 1389 2799; x_wconf 83' lang='lat' dir='ltr'><strong>Patris</strong></span> <span class='ocrx_word' id='word_1_1158' title='bbox 1404 2779 1437 2799; x_wconf 89' lang='lat' dir='ltr'><strong>ac</strong></span> <span class='ocrx_word' id='word_1_1159' title='bbox 1455 2768 1647 2798; x_wconf 75' lang='lat' dir='ltr'><strong>Familiarium</strong></span> <span class='ocrx_word' id='word_1_1160' title='bbox 1662 2768 1695 2799; x_wconf 88' lang='lat'>&amp;</span> <span class='ocrx_word' id='word_1_1161' title='bbox 1711 2767 1890 2798; x_wconf 87' lang='lat' dir='ltr'><strong>Servientum</strong></span> <span class='ocrx_word' id='word_1_1162' title='bbox 1906 2768 2033 2804; x_wconf 85' lang='lat' dir='ltr'><strong>suorum,</strong></span> 
     </span>
    </p>

    <p class='ocr_par' dir='ltr' id='par_1_65' title="bbox 1299 2805 2356 2921">
     <span class='ocr_line' id='line_1_163' title="bbox 1336 2805 2356 2844; baseline 0 -7"><span class='ocrx_word' id='word_1_1163' title='bbox 1336 2807 1436 2837; x_wconf 86' lang='lat' dir='ltr'><strong>Versus</strong></span> <span class='ocrx_word' id='word_1_1164' title='bbox 1452 2814 1538 2844; x_wconf 89' lang='lat' dir='ltr'><strong>partes</strong></span> <span class='ocrx_word' id='word_1_1165' title='bbox 1554 2805 1782 2843; x_wconf 85' lang='lat' dir='ltr'><strong>Transmarinas,</strong></span> <span class='ocrx_word' id='word_1_1166' title='bbox 1803 2806 1904 2844; x_wconf 83' lang='lat' dir='ltr'><strong>absque</strong></span> <span class='ocrx_word' id='word_1_1167' title='bbox 1924 2805 2062 2837; x_wconf 88' lang='lat' dir='ltr'><strong>Custuma</strong></span> <span class='ocrx_word' id='word_1_1168' title='bbox 2077 2808 2159 2837; x_wconf 89' lang='lat' dir='ltr'><strong>nobis</strong></span> <span class='ocrx_word' id='word_1_1169' title='bbox 2167 2807 2231 2837; x_wconf 86' lang='lat' dir='ltr'><strong>inde</strong></span> <span class='ocrx_word' id='word_1_1170' title='bbox 2247 2807 2356 2838; x_wconf 79' lang='lat' dir='ltr'><strong>solven-</strong></span> 
     </span>
     <span class='ocr_line' id='line_1_164' title="bbox 1299 2843 2355 2884; baseline 0.002 -10"><span class='ocrx_word' id='word_1_1171' title='bbox 1299 2843 1352 2884; x_wconf 81' lang='lat' dir='ltr'><strong>da,</strong></span> <span class='ocrx_word' id='word_1_1172' title='bbox 1372 2846 1483 2876; x_wconf 85' lang='lat' dir='ltr'><strong>mittere</strong></span> <span class='ocrx_word' id='word_1_1173' title='bbox 1497 2845 1680 2883; x_wconf 66' lang='lat' dir='ltr'><strong>permittatis,</strong></span> <span class='ocrx_word' id='word_1_1174' title='bbox 1694 2844 1788 2883; x_wconf 84' lang='lat' dir='ltr'><strong>aliquo</strong></span> <span class='ocrx_word' id='word_1_1175' title='bbox 1805 2844 1944 2875; x_wconf 83' lang='lat' dir='ltr'><strong>Mandato</strong></span> <span class='ocrx_word' id='word_1_1176' title='bbox 1957 2845 2072 2883; x_wconf 89' lang='lat' dir='ltr'><strong>nostro,</strong></span> <span class='ocrx_word' id='word_1_1177' title='bbox 2091 2846 2172 2877; x_wconf 89' lang='lat' dir='ltr'><strong>vobis</strong></span> <span class='ocrx_word' id='word_1_1178' title='bbox 2197 2847 2225 2876; x_wconf 92' lang='lat' dir='ltr'><strong>in</strong></span> <span class='ocrx_word' id='word_1_1179' title='bbox 2243 2855 2355 2876; x_wconf 86' lang='lat' dir='ltr'><strong>contra-</strong></span> 
     </span>
     <span class='ocr_line' id='line_1_165' title="bbox 1304 2882 1763 2921; baseline -0.002 -8"><span class='ocrx_word' id='word_1_1180' title='bbox 1304 2885 1378 2914; x_wconf 89' lang='lat' dir='ltr'><strong>rium</strong></span> <span class='ocrx_word' id='word_1_1181' title='bbox 1397 2884 1523 2921; x_wconf 66' lang='lat' dir='ltr'><strong>diresto,</strong></span> <span class='ocrx_word' id='word_1_1182' title='bbox 1542 2893 1602 2913; x_wconf 89' lang='lat' dir='ltr'><strong>non</strong></span> <span class='ocrx_word' id='word_1_1183' title='bbox 1616 2882 1763 2920; x_wconf 73' lang='lat' dir='ltr'><strong>obstante,</strong></span> 
     </span>
    </p>

    <p class='ocr_par' dir='ltr' id='par_1_66' title="bbox 1300 2920 2358 2999">
     <span class='ocr_line' id='line_1_166' title="bbox 1343 2920 2358 2962; baseline 0 -10"><span class='ocrx_word' id='word_1_1184' title='bbox 1343 2922 1524 2953; x_wconf 87' lang='lat' dir='ltr'><strong>Dunitamen</strong></span> <span class='ocrx_word' id='word_1_1185' title='bbox 1539 2922 1644 2962; x_wconf 86' lang='lat' dir='ltr'><strong>aliqua,</strong></span> <span class='ocrx_word' id='word_1_1186' title='bbox 1663 2920 1810 2951; x_wconf 88' lang='lat' dir='ltr'><strong>Nobisseu</strong></span> <span class='ocrx_word' id='word_1_1187' title='bbox 1826 2920 1929 2960; x_wconf 85' lang='lat' dir='ltr'><strong>Regno</strong></span> <span class='ocrx_word' id='word_1_1188' title='bbox 1943 2920 2040 2951; x_wconf 90' lang='lat' dir='ltr'><strong>nostro</strong></span> <span class='ocrx_word' id='word_1_1189' title='bbox 2053 2920 2166 2959; x_wconf 87' lang='lat' dir='ltr'><strong>Angliae</strong></span> <span class='ocrx_word' id='word_1_1190' title='bbox 2182 2921 2358 2960; x_wconf 76' lang='lat' dir='ltr'><strong>praejtidicia-</strong></span> 
     </span>
     <span class='ocr_line' id='line_1_167' title="bbox 1300 2958 2242 2999; baseline 0.002 -10"><span class='ocrx_word' id='word_1_1191' title='bbox 1300 2959 1355 2999; x_wconf 88' lang='lat' dir='ltr'><strong>lia,</strong></span> <span class='ocrx_word' id='word_1_1192' title='bbox 1372 2961 1468 2991; x_wconf 90' lang='lat' dir='ltr'><strong>colore</strong></span> <span class='ocrx_word' id='word_1_1193' title='bbox 1484 2960 1620 2999; x_wconf 73' lang='lat' dir='ltr'><strong>praesentis</strong></span> <span class='ocrx_word' id='word_1_1194' title='bbox 1636 2959 1763 2989; x_wconf 86' lang='lat' dir='ltr'><strong>Mandati</strong></span> <span class='ocrx_word' id='word_1_1195' title='bbox 1779 2958 1886 2997; x_wconf 87' lang='lat' dir='ltr'><strong>nostri,</strong></span> <span class='ocrx_word' id='word_1_1196' title='bbox 1905 2960 2023 2989; x_wconf 82' lang='lat' dir='ltr'><strong>minime</strong></span> <span class='ocrx_word' id='word_1_1197' title='bbox 2038 2960 2242 2991; x_wconf 76' lang='lat' dir='ltr'><strong>transferantur.</strong></span> 
     </span>
    </p>

    <p class='ocr_par' dir='ltr' id='par_1_67' title="bbox 1318 2996 2248 3038">
     <span class='ocr_line' id='line_1_168' title="bbox 1318 2996 2248 3038; baseline -0.002 -8"><span class='ocrx_word' id='word_1_1198' title='bbox 1318 2999 1407 3031; x_wconf 88' lang='lat' dir='ltr'><strong>Teste</strong></span> <span class='ocrx_word' id='word_1_1199' title='bbox 1423 2998 1504 3038; x_wconf 85' lang='lat' dir='ltr'><strong>Rege</strong></span> <span class='ocrx_word' id='word_1_1200' title='bbox 1518 2998 1591 3037; x_wconf 86' lang='lat' dir='ltr'><strong>apud</strong></span> <span class='ocrx_word' id='word_1_1201' title='bbox 1605 2996 1881 3038; x_wconf 72' lang='lat' dir='ltr'><strong>Wstmonasterium,</strong></span> <span class='ocrx_word' id='word_1_1202' title='bbox 1900 2997 2019 3029; x_wconf 66' lang='lat' dir='ltr'><strong>Oc&#39;tavo</strong></span> <span class='ocrx_word' id='word_1_1203' title='bbox 2035 2998 2094 3028; x_wconf 90' lang='lat' dir='ltr'><strong>Die</strong></span> <span class='ocrx_word' id='word_1_1204' title='bbox 2110 2998 2248 3037; x_wconf 88' lang='lat' dir='ltr'><strong>Januarii·</strong></span> 
     </span>
    </p>
   </div>
   <div class='ocr_carea' id='block_1_24' title="bbox 1979 3074 2255 3115">
    <p class='ocr_par' dir='ltr' id='par_1_68' title="bbox 1979 3074 2255 3115">
     <span class='ocr_line' id='line_1_169' title="bbox 1979 3074 2255 3115; baseline 0.007 -11"><span class='ocrx_word' id='word_1_1205' title='bbox 1979 3076 2034 3104; x_wconf 84' lang='lat' dir='ltr'><strong>Per</strong></span> <span class='ocrx_word' id='word_1_1206' title='bbox 2050 3074 2134 3115; x_wconf 69' lang='lat' dir='ltr'><strong>ipstaem</strong></span> <span class='ocrx_word' id='word_1_1207' title='bbox 2151 3078 2255 3114; x_wconf 79' lang='lat' dir='ltr'><strong>Regem.</strong></span> 
     </span>
    </p>
   </div>
   <div class='ocr_carea' id='block_1_25' title="bbox 1305 3150 2362 3422">
    <p class='ocr_par' dir='ltr' id='par_1_69' title="bbox 1305 3150 2362 3422">
     <span class='ocr_line' id='line_1_170' title="bbox 1308 3150 2360 3208; baseline -0.002 -24"><span class='ocrx_word' id='word_1_1208' title='bbox 1308 3153 1450 3208; x_wconf 77' lang='lat' dir='ltr'><strong>REX,</strong></span> <span class='ocrx_word' id='word_1_1209' title='bbox 1468 3152 1655 3183; x_wconf 88' lang='lat' dir='ltr'><strong>Custumariis</strong></span> <span class='ocrx_word' id='word_1_1210' title='bbox 1668 3150 1738 3189; x_wconf 93' lang='lat' dir='ltr'><strong>suis,</strong></span> <span class='ocrx_word' id='word_1_1211' title='bbox 1753 3150 1812 3186; x_wconf 64' lang='lat' dir='ltr'><strong>&amp;a</strong></span> <span class='ocrx_word' id='word_1_1212' title='bbox 1829 3159 1860 3181; x_wconf 83' lang='lat' dir='ltr'><strong>ut</strong></span> <span class='ocrx_word' id='word_1_1213' title='bbox 1868 3151 1952 3190; x_wconf 75' lang='lat' dir='ltr'><strong>stepra</strong></span> <span class='ocrx_word' id='word_1_1214' title='bbox 1972 3151 2048 3190; x_wconf 76' lang='lat' dir='ltr'><strong>usque</strong></span> <span class='ocrx_word' id='word_1_1215' title='bbox 2061 3151 2294 3190; x_wconf 75' lang='lat' dir='ltr'><strong>ibi,Mandamus</strong></span> <span class='ocrx_word' id='word_1_1216' title='bbox 2306 3162 2360 3182; x_wconf 90' lang='lat' dir='ltr'><strong>vo-</strong></span> 
     </span>
     <span class='ocr_line' id='line_1_171' title="bbox 1386 3190 2359 3230; baseline -0.001 -8"><span class='ocrx_word' id='word_1_1217' title='bbox 1386 3193 1429 3222; x_wconf 88' lang='lat' dir='ltr'><strong>bis</strong></span> <span class='ocrx_word' id='word_1_1218' title='bbox 1444 3191 1541 3230; x_wconf 76' lang='lat' dir='ltr'><strong>quod,</strong></span> <span class='ocrx_word' id='word_1_1219' title='bbox 1558 3190 1692 3230; x_wconf 82' lang='lat' dir='ltr'><strong>Jacobum</strong></span> <span class='ocrx_word' id='word_1_1220' title='bbox 1707 3191 1740 3220; x_wconf 82' lang='lat' dir='ltr'><strong>de</strong></span> <span class='ocrx_word' id='word_1_1221' title='bbox 1760 3190 1893 3228; x_wconf 78' lang='lat' dir='ltr'><strong>Hugolins</strong></span> <span class='ocrx_word' id='word_1_1222' title='bbox 1924 3191 1960 3220; x_wconf 90' lang='lat' dir='ltr'><strong>de</strong></span> <span class='ocrx_word' id='word_1_1223' title='bbox 1977 3191 2145 3228; x_wconf 85' lang='lat' dir='ltr'><strong>Neopolea,</strong></span> <span class='ocrx_word' id='word_1_1224' title='bbox 2164 3191 2235 3220; x_wconf 75' lang='lat' dir='ltr'><strong>Tria</strong></span> <span class='ocrx_word' id='word_1_1225' title='bbox 2256 3190 2359 3221; x_wconf 74' lang='lat' dir='ltr'><strong>Barella</strong></span> 
     </span>
     <span class='ocr_line' id='line_1_172' title="bbox 1305 3228 2362 3267; baseline -0.004 -6"><span class='ocrx_word' id='word_1_1226' title='bbox 1305 3240 1372 3261; x_wconf 89' lang='lat' dir='ltr'><strong>cum</strong></span> <span class='ocrx_word' id='word_1_1227' title='bbox 1387 3230 1607 3261; x_wconf 86' lang='lat' dir='ltr'><strong>Vessellamento</strong></span> <span class='ocrx_word' id='word_1_1228' title='bbox 1622 3229 1744 3260; x_wconf 82' lang='lat' dir='ltr'><strong>stanneo</strong></span> <span class='ocrx_word' id='word_1_1229' title='bbox 1758 3229 1786 3258; x_wconf 91' lang='lat' dir='ltr'><strong>iti</strong></span> <span class='ocrx_word' id='word_1_1230' title='bbox 1811 3228 1915 3259; x_wconf 86' lang='lat' dir='ltr'><strong>eisdem</strong></span> <span class='ocrx_word' id='word_1_1231' title='bbox 1930 3228 2057 3267; x_wconf 90' lang='lat' dir='ltr'><strong>incluso,</strong></span> <span class='ocrx_word' id='word_1_1232' title='bbox 2077 3228 2242 3258; x_wconf 85' lang='lat' dir='ltr'><strong>Duodecim</strong></span> <span class='ocrx_word' id='word_1_1233' title='bbox 2262 3228 2362 3259; x_wconf 86' lang='lat' dir='ltr'><strong>Pecias</strong></span> 
     </span>
     <span class='ocr_line' id='line_1_173' title="bbox 1305 3266 2359 3303; baseline -0.002 -4"><span class='ocrx_word' id='word_1_1234' title='bbox 1305 3268 1350 3299; x_wconf 88' lang='lat' dir='ltr'><strong>vel</strong></span> <span class='ocrx_word' id='word_1_1235' title='bbox 1372 3268 1528 3299; x_wconf 88' lang='lat' dir='ltr'><strong>Duodenas</strong></span> <span class='ocrx_word' id='word_1_1236' title='bbox 1544 3267 1708 3298; x_wconf 83' lang='lat' dir='ltr'><strong>Pannorum</strong></span> <span class='ocrx_word' id='word_1_1237' title='bbox 1732 3267 1768 3297; x_wconf 92' lang='lat' dir='ltr'><strong>de</strong></span> <span class='ocrx_word' id='word_1_1238' title='bbox 1791 3266 1910 3297; x_wconf 70' lang='lat' dir='ltr'><strong>Faetura</strong></span> <span class='ocrx_word' id='word_1_1239' title='bbox 1930 3266 2065 3303; x_wconf 66' lang='lat' dir='ltr'><strong>Effexiae,</strong></span> <span class='ocrx_word' id='word_1_1240' title='bbox 2083 3277 2116 3297; x_wconf 87' lang='lat' dir='ltr'><strong>ac</strong></span> <span class='ocrx_word' id='word_1_1241' title='bbox 2132 3276 2204 3297; x_wconf 72' lang='lat' dir='ltr'><strong>cert-„i</strong></span> <span class='ocrx_word' id='word_1_1242' title='bbox 2221 3266 2359 3297; x_wconf 81' lang='lat' dir='ltr'><strong>Candela-</strong></span> 
     </span>
     <span class='ocr_line' id='line_1_174' title="bbox 1306 3304 2361 3343; baseline -0.001 -7"><span class='ocrx_word' id='word_1_1243' title='bbox 1306 3307 1373 3343; x_wconf 86' lang='lat' dir='ltr'><strong>bra,</strong></span> <span class='ocrx_word' id='word_1_1244' title='bbox 1391 3308 1424 3338; x_wconf 89' lang='lat'>&amp;</span> <span class='ocrx_word' id='word_1_1245' title='bbox 1441 3306 1542 3337; x_wconf 74' lang='lat' dir='ltr'><strong>Bacilia</strong></span> <span class='ocrx_word' id='word_1_1246' title='bbox 1556 3307 1611 3336; x_wconf 86' lang='lat' dir='ltr'><strong>five</strong></span> <span class='ocrx_word' id='word_1_1247' title='bbox 1625 3305 1740 3343; x_wconf 77' lang='lat' dir='ltr'><strong>pelves,</strong></span> <span class='ocrx_word' id='word_1_1248' title='bbox 1765 3307 1798 3338; x_wconf 70' lang='grc' dir='ltr'><strong>ὃς</strong></span> <span class='ocrx_word' id='word_1_1249' title='bbox 1821 3306 1946 3337; x_wconf 73' lang='lat' dir='ltr'><strong>Lavacra</strong></span> <span class='ocrx_word' id='word_1_1250' title='bbox 1966 3305 2003 3336; x_wconf 88' lang='lat' dir='ltr'><strong>de</strong></span> <span class='ocrx_word' id='word_1_1251' title='bbox 2020 3304 2093 3335; x_wconf 86' lang='lat' dir='ltr'><strong>AEre</strong></span> <span class='ocrx_word' id='word_1_1252' title='bbox 2108 3305 2162 3336; x_wconf 90' lang='lat' dir='ltr'><strong>sive</strong></span> <span class='ocrx_word' id='word_1_1253' title='bbox 2175 3305 2211 3336; x_wconf 89' lang='lat' dir='ltr'><strong>de</strong></span> <span class='ocrx_word' id='word_1_1254' title='bbox 2227 3305 2361 3343; x_wconf 59' lang='lat' dir='ltr'><strong>Eleeiro,</strong></span> 
     </span>
     <span class='ocr_line' id='line_1_175' title="bbox 1308 3343 1755 3384; baseline -0.009 -7"><span class='ocrx_word' id='word_1_1255' title='bbox 1308 3345 1401 3377; x_wconf 88' lang='lat' dir='ltr'><strong>versus</strong></span> <span class='ocrx_word' id='word_1_1256' title='bbox 1415 3345 1527 3383; x_wconf 80' lang='lat' dir='ltr'><strong>Partes,</strong></span> <span class='ocrx_word' id='word_1_1257' title='bbox 1545 3343 1607 3379; x_wconf 58' lang='lat' dir='ltr'><strong>&amp;a</strong></span> <span class='ocrx_word' id='word_1_1258' title='bbox 1623 3351 1654 3375; x_wconf 89' lang='lat' dir='ltr'><strong>ut</strong></span> <span class='ocrx_word' id='word_1_1259' title='bbox 1662 3344 1755 3384; x_wconf 71' lang='lat' dir='ltr'><strong>Jispra.</strong></span> 
     </span>
     <span class='ocr_line' id='line_1_176' title="bbox 1346 3382 1569 3422; baseline 0 -8"><span class='ocrx_word' id='word_1_1260' title='bbox 1346 3382 1414 3414; x_wconf 88' lang='lat' dir='ltr'><strong>Dat.</strong></span> <span class='ocrx_word' id='word_1_1261' title='bbox 1433 3392 1464 3416; x_wconf 88' lang='lat' dir='ltr'><strong>ut</strong></span> <span class='ocrx_word' id='word_1_1262' title='bbox 1481 3386 1569 3422; x_wconf 75' lang='lat' dir='ltr'><strong>supra.</strong></span> 
     </span>
    </p>
   </div>
   <div class='ocr_carea' id='block_1_26' title="bbox 1978 3419 2257 3461">
    <p class='ocr_par' dir='ltr' id='par_1_70' title="bbox 1978 3419 2257 3461">
     <span class='ocr_line' id='line_1_177' title="bbox 1978 3419 2257 3461; baseline -0.004 -11"><span class='ocrx_word' id='word_1_1263' title='bbox 1978 3422 2032 3450; x_wconf 83' lang='lat' dir='ltr'><strong>Per</strong></span> <span class='ocrx_word' id='word_1_1264' title='bbox 2050 3419 2132 3461; x_wconf 70' lang='lat' dir='ltr'><strong>ipst&#39;tm</strong></span> <span class='ocrx_word' id='word_1_1265' title='bbox 2150 3422 2257 3458; x_wconf 80' lang='lat' dir='ltr'><strong>Regem.</strong></span> 
     </span>
    </p>
   </div>
   <div class='ocr_carea' id='block_1_27' title="bbox 1465 3505 2295 3524">
    <p class='ocr_par' dir='ltr' id='par_1_71' title="bbox 1465 3505 2295 3524">
     <span class='ocr_line' id='line_1_178' title="bbox 1465 3505 2295 3524; baseline 0 0"><span class='ocrx_word' id='word_1_1266' title='bbox 1465 3505 2295 3524; x_wconf 95' lang='lat' dir='ltr'><strong> </strong></span> 
     </span>
    </p>
   </div>
   <div class='ocr_carea' id='block_1_28' title="bbox 1590 3561 2066 3609">
    <p class='ocr_par' dir='ltr' id='par_1_72' title="bbox 1590 3561 2066 3609">
     <span class='ocr_line' id='line_1_179' title="bbox 1590 3561 2066 3609; baseline -0.002 -15"><span class='ocrx_word' id='word_1_1267' title='bbox 1590 3563 1647 3594; x_wconf 83' lang='lat' dir='ltr'><strong>Pro</strong></span> <span class='ocrx_word' id='word_1_1268' title='bbox 1672 3561 1749 3594; x_wconf 85' lang='lat' dir='ltr'><strong>Filio</strong></span> <span class='ocrx_word' id='word_1_1269' title='bbox 1774 3562 1861 3609; x_wconf 83' lang='lat' dir='ltr'><strong>Regis</strong></span> <span class='ocrx_word' id='word_1_1270' title='bbox 1878 3561 2066 3608; x_wconf 75' lang='lat' dir='ltr'><strong>Portugaliae.</strong></span> 
     </span>
    </p>
   </div>
   <div class='ocr_carea' id='block_1_29' title="bbox 1315 3641 2515 4141">
    <p class='ocr_par' dir='ltr' id='par_1_73' title="bbox 1315 3641 2515 4141">
     <span class='ocr_line' id='line_1_180' title="bbox 1374 3641 2515 3684; baseline -0.004 -7"><span class='ocrx_word' id='word_1_1271' title='bbox 1374 3645 1457 3684; x_wconf 90' lang='lat' dir='ltr'><strong>EX,</strong></span> <span class='ocrx_word' id='word_1_1272' title='bbox 1477 3645 1688 3676; x_wconf 65' lang='lat' dir='ltr'><strong>Collectoribus</strong></span> <span class='ocrx_word' id='word_1_1273' title='bbox 1705 3644 1907 3676; x_wconf 88' lang='lat' dir='ltr'><strong>Custumarum</strong></span> <span class='ocrx_word' id='word_1_1274' title='bbox 1926 3645 2036 3676; x_wconf 87' lang='lat' dir='ltr'><strong>suarum</strong></span> <span class='ocrx_word' id='word_1_1275' title='bbox 2054 3647 2083 3676; x_wconf 92' lang='lat' dir='ltr'><strong>in</strong></span> <span class='ocrx_word' id='word_1_1276' title='bbox 2097 3646 2186 3677; x_wconf 90' lang='lat' dir='ltr'><strong>Portu</strong></span> <span class='ocrx_word' id='word_1_1277' title='bbox 2200 3645 2280 3677; x_wconf 87' lang='lat' dir='ltr'><strong>Villae</strong></span> <span class='ocrx_word' id='word_1_1278' title='bbox 2297 3644 2362 3676; x_wconf 90' lang='lat' dir='ltr'><strong>Sut-</strong></span> <span class='ocrx_word' id='word_1_1279' title='bbox 2384 3641 2515 3673; x_wconf 80' lang='lat' dir='ltr'><strong>Ann.D.</strong></span> 
     </span>
     <span class='ocr_line' id='line_1_181' title="bbox 1394 3682 2487 3722; baseline -0.004 -8"><span class='ocrx_word' id='word_1_1280' title='bbox 1394 3685 1569 3721; x_wconf 66' lang='lat' dir='ltr'><strong>hamptoniae</strong></span> <span class='ocrx_word' id='word_1_1281' title='bbox 1588 3706 1597 3722; x_wconf 91' lang='lat'><strong>,</strong></span> <span class='ocrx_word' id='word_1_1282' title='bbox 1618 3684 1753 3714; x_wconf 84' lang='lat' dir='ltr'><strong>Salutem.</strong></span> <span class='ocrx_word' id='word_1_1283' title='bbox 2402 3682 2487 3720; x_wconf 85' lang='lat'>1406.</span> 
     </span>
     <span class='ocr_line' id='line_1_182' title="bbox 1354 3720 2480 3762; baseline -0.003 -9"><span class='ocrx_word' id='word_1_1284' title='bbox 1354 3723 1491 3755; x_wconf 88' lang='lat' dir='ltr'><strong>Volentes</strong></span> <span class='ocrx_word' id='word_1_1285' title='bbox 1515 3721 1633 3762; x_wconf 73' lang='lat' dir='ltr'><strong>Alfonsb</strong></span> <span class='ocrx_word' id='word_1_1286' title='bbox 1657 3725 1754 3752; x_wconf 84' lang='lat' dir='ltr'><strong>Comiti</strong></span> <span class='ocrx_word' id='word_1_1287' title='bbox 1776 3721 1807 3751; x_wconf 85' lang='lat' dir='ltr'><strong>de</strong></span> <span class='ocrx_word' id='word_1_1288' title='bbox 1830 3720 1979 3761; x_wconf 65' lang='lat' dir='ltr'><strong>Barcellzs,</strong></span> <span class='ocrx_word' id='word_1_1289' title='bbox 1995 3723 2061 3752; x_wconf 81' lang='lat' dir='ltr'><strong>Filio</strong></span> <span class='ocrx_word' id='word_1_1290' title='bbox 2083 3725 2158 3760; x_wconf 70' lang='lat' dir='ltr'><strong>Regis</strong></span> <span class='ocrx_word' id='word_1_1291' title='bbox 2180 3721 2360 3761; x_wconf 80' lang='lat' dir='ltr'><strong>Portugaliae,</strong></span> <span class='ocrx_word' id='word_1_1292' title='bbox 2383 3724 2436 3747; x_wconf 77' lang='lat' dir='ltr'><strong>An·</strong></span> <span class='ocrx_word' id='word_1_1293' title='bbox 2451 3729 2480 3755; x_wconf 82' lang='lat'><strong>7·</strong></span> 
     </span>
     <span class='ocr_line' id='line_1_183' title="bbox 1315 3759 2460 3799; baseline -0.001 -7"><span class='ocrx_word' id='word_1_1294' title='bbox 1315 3771 1348 3793; x_wconf 89' lang='lat' dir='ltr'><strong>ac</strong></span> <span class='ocrx_word' id='word_1_1295' title='bbox 1366 3761 1586 3799; x_wconf 88' lang='lat' dir='ltr'><strong>quibuscumque</strong></span> <span class='ocrx_word' id='word_1_1296' title='bbox 1602 3760 1743 3790; x_wconf 80' lang='lat' dir='ltr'><strong>Militibus</strong></span> <span class='ocrx_word' id='word_1_1297' title='bbox 1753 3783 1762 3798; x_wconf 90' lang='lat'><strong>,</strong></span> <span class='ocrx_word' id='word_1_1298' title='bbox 1772 3760 1819 3797; x_wconf 91' lang='lat' dir='ltr'><strong>qui</strong></span> <span class='ocrx_word' id='word_1_1299' title='bbox 1834 3770 1901 3790; x_wconf 85' lang='lat' dir='ltr'><strong>cuni</strong></span> <span class='ocrx_word' id='word_1_1300' title='bbox 1910 3761 2010 3790; x_wconf 89' lang='lat' dir='ltr'><strong>eodem</strong></span> <span class='ocrx_word' id='word_1_1301' title='bbox 2020 3760 2216 3791; x_wconf 83' lang='lat' dir='ltr'><strong>Comiteinfra</strong></span> <span class='ocrx_word' id='word_1_1302' title='bbox 2226 3759 2364 3797; x_wconf 86' lang='lat' dir='ltr'><strong>Regnum</strong></span> <span class='ocrx_word' id='word_1_1303' title='bbox 2386 3762 2420 3785; x_wconf 87' lang='lat' dir='ltr'><strong>H·</strong></span> <span class='ocrx_word' id='word_1_1304' title='bbox 2430 3768 2460 3793; x_wconf 84' lang='lat'><strong>4-</strong></span> 
     </span>
     <span class='ocr_line' id='line_1_184' title="bbox 1319 3795 2478 3837; baseline -0.002 -7"><span class='ocrx_word' id='word_1_1305' title='bbox 1319 3800 1447 3831; x_wconf 88' lang='lat' dir='ltr'><strong>nostrum</strong></span> <span class='ocrx_word' id='word_1_1306' title='bbox 1463 3798 1579 3836; x_wconf 78' lang='lat' dir='ltr'><strong>Angliae</strong></span> <span class='ocrx_word' id='word_1_1307' title='bbox 1591 3800 1650 3836; x_wconf 86' lang='lat' dir='ltr'><strong>jam</strong></span> <span class='ocrx_word' id='word_1_1308' title='bbox 1665 3798 1741 3829; x_wconf 78' lang='lat' dir='ltr'><strong>tarde</strong></span> <span class='ocrx_word' id='word_1_1309' title='bbox 1757 3808 1910 3836; x_wconf 84' lang='lat' dir='ltr'><strong>venerunt,</strong></span> <span class='ocrx_word' id='word_1_1310' title='bbox 1928 3799 2057 3829; x_wconf 87' lang='lat' dir='ltr'><strong>Gratiam</strong></span> <span class='ocrx_word' id='word_1_1311' title='bbox 2073 3798 2162 3828; x_wconf 82' lang='lat' dir='ltr'><strong>facere</strong></span> <span class='ocrx_word' id='word_1_1312' title='bbox 2177 3797 2342 3837; x_wconf 88' lang='lat' dir='ltr'><strong>specialem,</strong></span> <span class='ocrx_word' id='word_1_1313' title='bbox 2411 3795 2478 3824; x_wconf 75' lang='lat' dir='ltr'><strong>ibid.</strong></span> 
     </span>
     <span class='ocr_line' id='line_1_185' title="bbox 1356 3835 2364 3875; baseline -0.001 -7"><span class='ocrx_word' id='word_1_1314' title='bbox 1356 3837 1447 3869; x_wconf 91' lang='lat' dir='ltr'><strong>Vobis</strong></span> <span class='ocrx_word' id='word_1_1315' title='bbox 1462 3836 1630 3867; x_wconf 80' lang='lat' dir='ltr'><strong>Mandamus</strong></span> <span class='ocrx_word' id='word_1_1316' title='bbox 1645 3837 1722 3875; x_wconf 79' lang='lat' dir='ltr'><strong>quod</strong></span> <span class='ocrx_word' id='word_1_1317' title='bbox 1738 3837 1868 3873; x_wconf 67' lang='lat' dir='ltr'><strong>praefiros</strong></span> <span class='ocrx_word' id='word_1_1318' title='bbox 1882 3838 2031 3867; x_wconf 71' lang='lat' dir='ltr'><strong>Comitem</strong></span> <span class='ocrx_word' id='word_1_1319' title='bbox 2047 3838 2079 3867; x_wconf 74' lang='grc' dir='ltr'><strong>ὃς</strong></span> <span class='ocrx_word' id='word_1_1320' title='bbox 2094 3836 2201 3865; x_wconf 73' lang='lat' dir='ltr'><strong>Milites</strong></span> <span class='ocrx_word' id='word_1_1321' title='bbox 2208 3836 2242 3866; x_wconf 89' lang='lat' dir='ltr'><strong>de</strong></span> <span class='ocrx_word' id='word_1_1322' title='bbox 2257 3835 2364 3867; x_wconf 89' lang='lat' dir='ltr'><strong>Custu-</strong></span> 
     </span>
     <span class='ocr_line' id='line_1_186' title="bbox 1319 3873 2365 3912; baseline -0.001 -6"><span class='ocrx_word' id='word_1_1323' title='bbox 1319 3886 1366 3907; x_wconf 83' lang='lat' dir='ltr'><strong>rna</strong></span> <span class='ocrx_word' id='word_1_1324' title='bbox 1380 3875 1491 3911; x_wconf 81' lang='lat' dir='ltr'><strong>nostra,</strong></span> <span class='ocrx_word' id='word_1_1325' title='bbox 1508 3876 1606 3905; x_wconf 87' lang='lat' dir='ltr'><strong>Nobis</strong></span> <span class='ocrx_word' id='word_1_1326' title='bbox 1620 3875 1655 3905; x_wconf 92' lang='lat' dir='ltr'><strong>de</strong></span> <span class='ocrx_word' id='word_1_1327' title='bbox 1670 3875 1754 3905; x_wconf 88' lang='lat' dir='ltr'><strong>Bonis</strong></span> <span class='ocrx_word' id='word_1_1328' title='bbox 1769 3876 1801 3904; x_wconf 87' lang='lat'>&amp;</span> <span class='ocrx_word' id='word_1_1329' title='bbox 1819 3874 2019 3912; x_wconf 66' lang='lat' dir='ltr'><strong>Mem-andins,</strong></span> <span class='ocrx_word' id='word_1_1330' title='bbox 2037 3884 2101 3912; x_wconf 41' lang='lat' dir='ltr'><strong>qute</strong></span> <span class='ocrx_word' id='word_1_1331' title='bbox 2120 3874 2190 3903; x_wconf 84' lang='lat' dir='ltr'><strong>infra</strong></span> <span class='ocrx_word' id='word_1_1332' title='bbox 2211 3873 2287 3905; x_wconf 83' lang='lat' dir='ltr'><strong>idem</strong></span> <span class='ocrx_word' id='word_1_1333' title='bbox 2304 3876 2365 3905; x_wconf 81' lang='lat' dir='ltr'><strong>Re-</strong></span> 
     </span>
     <span class='ocr_line' id='line_1_187' title="bbox 1321 3911 2366 3950; baseline 0.001 -7"><span class='ocrx_word' id='word_1_1334' title='bbox 1321 3924 1414 3950; x_wconf 86' lang='lat' dir='ltr'><strong>gnum</strong></span> <span class='ocrx_word' id='word_1_1335' title='bbox 1429 3913 1558 3943; x_wconf 86' lang='lat' dir='ltr'><strong>nostrum</strong></span> <span class='ocrx_word' id='word_1_1336' title='bbox 1580 3913 1673 3943; x_wconf 86' lang='lat' dir='ltr'><strong>secum</strong></span> <span class='ocrx_word' id='word_1_1337' title='bbox 1697 3912 1869 3943; x_wconf 87' lang='lat' dir='ltr'><strong>adduxerunt</strong></span> <span class='ocrx_word' id='word_1_1338' title='bbox 1882 3934 1892 3949; x_wconf 91' lang='lat'><strong>,</strong></span> <span class='ocrx_word' id='word_1_1339' title='bbox 1917 3913 2008 3941; x_wconf 85' lang='lat' dir='ltr'><strong>debita</strong></span> <span class='ocrx_word' id='word_1_1340' title='bbox 2023 3934 2033 3949; x_wconf 91' lang='lat'><strong>,</strong></span> <span class='ocrx_word' id='word_1_1341' title='bbox 2058 3911 2140 3949; x_wconf 82' lang='lat' dir='ltr'><strong>usque</strong></span> <span class='ocrx_word' id='word_1_1342' title='bbox 2161 3912 2195 3941; x_wconf 91' lang='lat' dir='ltr'><strong>ad</strong></span> <span class='ocrx_word' id='word_1_1343' title='bbox 2212 3912 2366 3944; x_wconf 88' lang='lat' dir='ltr'><strong>Summam</strong></span> 
     </span>
     <span class='ocr_line' id='line_1_188' title="bbox 1320 3949 2162 3988; baseline -0.005 -6"><span class='ocrx_word' id='word_1_1344' title='bbox 1320 3951 1446 3982; x_wconf 90' lang='lat' dir='ltr'><strong>Centum</strong></span> <span class='ocrx_word' id='word_1_1345' title='bbox 1463 3951 1614 3982; x_wconf 85' lang='lat' dir='ltr'><strong>Librarum</strong></span> <span class='ocrx_word' id='word_1_1346' title='bbox 1633 3960 1757 3988; x_wconf 85' lang='lat' dir='ltr'><strong>tantum,</strong></span> <span class='ocrx_word' id='word_1_1347' title='bbox 1774 3951 1896 3988; x_wconf 81' lang='lat' dir='ltr'><strong>Qiietos</strong></span> <span class='ocrx_word' id='word_1_1348' title='bbox 1911 3949 1965 3979; x_wconf 79' lang='lat' dir='ltr'><strong>else</strong></span> <span class='ocrx_word' id='word_1_1349' title='bbox 1981 3950 2162 3987; x_wconf 86' lang='lat' dir='ltr'><strong>permittatis,</strong></span> 
     </span>
     <span class='ocr_line' id='line_1_189' title="bbox 1355 3986 2365 4027; baseline 0.001 -8"><span class='ocrx_word' id='word_1_1350' title='bbox 1355 3989 1392 4020; x_wconf 89' lang='lat' dir='ltr'><strong>Et</strong></span> <span class='ocrx_word' id='word_1_1351' title='bbox 1409 3989 1428 4018; x_wconf 89' lang='lat' dir='ltr'><strong>si</strong></span> <span class='ocrx_word' id='word_1_1352' title='bbox 1441 3989 1508 4026; x_wconf 88' lang='lat' dir='ltr'><strong>quid</strong></span> <span class='ocrx_word' id='word_1_1353' title='bbox 1521 3989 1557 4019; x_wconf 85' lang='lat' dir='ltr'><strong>de</strong></span> <span class='ocrx_word' id='word_1_1354' title='bbox 1572 3989 1674 4019; x_wconf 87' lang='lat' dir='ltr'><strong>eisdem</strong></span> <span class='ocrx_word' id='word_1_1355' title='bbox 1690 3989 1810 4019; x_wconf 88' lang='lat' dir='ltr'><strong>Comite</strong></span> <span class='ocrx_word' id='word_1_1356' title='bbox 1824 3990 1856 4018; x_wconf 61' lang='grc' dir='ltr'><strong>ὃς</strong></span> <span class='ocrx_word' id='word_1_1357' title='bbox 1873 3986 2032 4024; x_wconf 84' lang='lat' dir='ltr'><strong>Militibus,</strong></span> <span class='ocrx_word' id='word_1_1358' title='bbox 2050 3988 2120 4017; x_wconf 77' lang='lat' dir='ltr'><strong>infra</strong></span> <span class='ocrx_word' id='word_1_1359' title='bbox 2137 3988 2286 4019; x_wconf 87' lang='lat' dir='ltr'><strong>Summam</strong></span> <span class='ocrx_word' id='word_1_1360' title='bbox 2294 3999 2365 4027; x_wconf 81' lang='lat' dir='ltr'><strong>prae-</strong></span> 
     </span>
     <span class='ocr_line' id='line_1_190' title="bbox 1320 4025 2367 4065; baseline 0 -7"><span class='ocrx_word' id='word_1_1361' title='bbox 1320 4028 1425 4058; x_wconf 62' lang='lat' dir='ltr'><strong>dictam</strong></span> <span class='ocrx_word' id='word_1_1362' title='bbox 1436 4049 1445 4064; x_wconf 91' lang='lat'><strong>,</strong></span> <span class='ocrx_word' id='word_1_1363' title='bbox 1459 4028 1504 4057; x_wconf 89' lang='lat' dir='ltr'><strong>vel</strong></span> <span class='ocrx_word' id='word_1_1364' title='bbox 1519 4027 1603 4065; x_wconf 89' lang='lat' dir='ltr'><strong>usque</strong></span> <span class='ocrx_word' id='word_1_1365' title='bbox 1616 4028 1649 4057; x_wconf 93' lang='lat' dir='ltr'><strong>ad</strong></span> <span class='ocrx_word' id='word_1_1366' title='bbox 1663 4027 1781 4057; x_wconf 77' lang='lat' dir='ltr'><strong>eandem</strong></span> <span class='ocrx_word' id='word_1_1367' title='bbox 1799 4026 1963 4062; x_wconf 76' lang='lat' dir='ltr'><strong>Summam,</strong></span> <span class='ocrx_word' id='word_1_1368' title='bbox 1980 4025 2014 4054; x_wconf 81' lang='lat' dir='ltr'><strong>de</strong></span> <span class='ocrx_word' id='word_1_1369' title='bbox 2031 4025 2188 4064; x_wconf 84' lang='lat' dir='ltr'><strong>Custurna,</strong></span> <span class='ocrx_word' id='word_1_1370' title='bbox 2207 4027 2305 4057; x_wconf 87' lang='lat' dir='ltr'><strong>Nobis</strong></span> <span class='ocrx_word' id='word_1_1371' title='bbox 2314 4037 2367 4065; x_wconf 88' lang='lat' dir='ltr'><strong>pro</strong></span> 
     </span>
     <span class='ocr_line' id='line_1_191' title="bbox 1319 4063 2367 4102; baseline -0.001 -6"><span class='ocrx_word' id='word_1_1372' title='bbox 1319 4067 1403 4097; x_wconf 86' lang='lat' dir='ltr'><strong>Bonis</strong></span> <span class='ocrx_word' id='word_1_1373' title='bbox 1418 4065 1450 4095; x_wconf 66' lang='lat' dir='ltr'><strong>ec</strong></span> <span class='ocrx_word' id='word_1_1374' title='bbox 1467 4064 1649 4095; x_wconf 78' lang='lat' dir='ltr'><strong>Mercandiiis</strong></span> <span class='ocrx_word' id='word_1_1375' title='bbox 1664 4065 1803 4102; x_wconf 60' lang='lat' dir='ltr'><strong>praedictis</strong></span> <span class='ocrx_word' id='word_1_1376' title='bbox 1818 4063 1927 4100; x_wconf 86' lang='lat' dir='ltr'><strong>debita,</strong></span> <span class='ocrx_word' id='word_1_1377' title='bbox 1945 4065 2118 4101; x_wconf 67' lang='lat' dir='ltr'><strong>receperitis,</strong></span> <span class='ocrx_word' id='word_1_1378' title='bbox 2137 4064 2251 4095; x_wconf 89' lang='lat' dir='ltr'><strong>eosdem</strong></span> <span class='ocrx_word' id='word_1_1379' title='bbox 2260 4064 2367 4097; x_wconf 83' lang='lat' dir='ltr'><strong>Comi-</strong></span> 
     </span>
     <span class='ocr_line' id='line_1_192' title="bbox 1322 4100 2186 4141; baseline -0.003 -6"><span class='ocrx_word' id='word_1_1380' title='bbox 1322 4114 1383 4138; x_wconf 87' lang='lat' dir='ltr'><strong>tem</strong></span> <span class='ocrx_word' id='word_1_1381' title='bbox 1398 4104 1430 4136; x_wconf 79' lang='lat'>&amp;</span> <span class='ocrx_word' id='word_1_1382' title='bbox 1447 4101 1557 4141; x_wconf 77' lang='lat' dir='ltr'><strong>Milites</strong></span> <span class='ocrx_word' id='word_1_1383' title='bbox 1573 4104 1639 4141; x_wconf 79' lang='lat' dir='ltr'><strong>inde</strong></span> <span class='ocrx_word' id='word_1_1384' title='bbox 1653 4103 1757 4134; x_wconf 88' lang='lat' dir='ltr'><strong>restitui</strong></span> <span class='ocrx_word' id='word_1_1385' title='bbox 1773 4102 1806 4131; x_wconf 66' lang='grc' dir='ltr'><strong>δε</strong></span> <span class='ocrx_word' id='word_1_1386' title='bbox 1822 4100 1920 4133; x_wconf 90' lang='lat' dir='ltr'><strong>resolvi</strong></span> <span class='ocrx_word' id='word_1_1387' title='bbox 1934 4100 2040 4132; x_wconf 77' lang='lat' dir='ltr'><strong>faciatis</strong></span> <span class='ocrx_word' id='word_1_1388' title='bbox 2057 4101 2186 4141; x_wconf 76' lang='lat' dir='ltr'><strong>indilate,</strong></span> 
     </span>
    </p>
   </div>
   <div class='ocr_carea' id='block_1_30' title="bbox 1762 4138 2370 4178">
    <p class='ocr_par' dir='ltr' id='par_1_74' title="bbox 1762 4138 2370 4178">
     <span class='ocr_line' id='line_1_193' title="bbox 1762 4138 2370 4178; baseline 0.002 -8"><span class='ocrx_word' id='word_1_1389' title='bbox 1762 4138 1838 4178; x_wconf 81' lang='lat' dir='ltr'><strong>M3</strong></span> <span class='ocrx_word' id='word_1_1390' title='bbox 2298 4139 2370 4171; x_wconf 74' lang='lat' dir='ltr'><strong>Pro-</strong></span> 
     </span>
    </p>
   </div>
  </div>
 </body>
</html>
