2562 4274
59 206 139 238 Ann.
150 206 193 239 D.

85 255 184 284 1414.>

62 288 127 312 Heu.
140 294 169 319 5.

63 1254 84 1273 θ
105 1254 157 1282 1x.

67 1302 130 1330 133.

54 2977 122 3008 Arm
149 2976 192 3008 D.

77 3002 164 3055 tart-4.

53 3060 107 3084 Aa.
123 3065 149 3083 ι.

83 3114 157 3160 'thia

52 3808 129 3841 Arm.
141 3809 182 3840 D.

73 3858 160 3888 1414.

51 3891 104 3915 An.
124 3898 150 3915 2.

48 3929 86 3953 H.
104 3935 132 3961 5.

46 3967 89 3990 Ex
107 3968 166 3991 Au-

46 4009 110 4038 πμ.

146 2305 152 2311 “
207 2313 278 2342 nos,
298 2305 401 2344 Ligeos
416 2303 543 2342 nostros,
562 2305 591 2334 in
605 2303 726 2341 quadam

248 202 292 233 Ac
313 210 410 234 coram
432 198 504 238 ipso,
519 199 572 238 seu·
589 195 799 227 Commissariis
814 194 883 232 suis,
899 193 955 224 five
978 192 1144 235 Deputatis,
1163 187 1271 220 nostras

206 241 400 272 {mentionem
415 239 447 269 &
457 238 656 272 Voluntatem,
674 234 766 272 quoad
782 243 812 264 ea
827 243 892 271 quae
908 232 1021 263 Bonum
1039 230 1118 261 Paeis
1132 230 1165 259 &
1180 228 1272 258 Rem-

209 282 371 319 pub'iicam,
390 288 421 309 ac
444 277 525 315 ipsius
547 273 729 312 Reipublicae
750 271 933 309 Utilitatem,
949 278 1133 314 utrorumque
1153 267 1275 306 Regno-

211 329 275 350 rum
286 341 296 356 ,
314 316 446 355 respicere
460 313 575 352 possunt
586 336 596 350 ,
615 311 787 349 Exponendi
802 312 835 341 &
852 308 1038 346 Declarandi,
1094 346 1099 350 ι

247 357 474 391 Tradiatumque
493 353 553 391 jam
576 352 725 390 inceptum
750 348 967 386 Continuandi,
990 347 1046 377 sive
1067 345 1153 376 alium
1174 351 1274 382 quem-

213 404 336 433 cumque
350 390 522 431 incipiendi,
829 427 833 431 Ι
986 424 990 429 ¹

251 434 296 464 Ac
312 432 390 468 super
403 429 545 467 praedietis
558 428 639 465 Viis,
656 426 689 458 ad
705 426 810 457 Pacem
822 435 882 465 Jam
905 433 1004 463 apertis
1024 423 1058 454 &
1078 420 1210 466 ostensis,
1227 428 1275 450 aut

213 472 288 509 aliis,
307 480 371 508 quze
386 471 423 499 ab
438 479 491 498 una
509 477 586 506 parte
607 466 650 497 vel
670 467 707 497 ab
725 465 777 496 alia
798 463 895 502 aperiri
917 465 971 494 live
995 460 1106 492 ostendi
1126 466 1277 503 poterunt,

234 509 455 545 uibuscumque,
473 507 507 537 &
527 506 679 544 praesertim
695 504 730 534 de
751 504 785 534 ὅτ
801 504 881 540 super
892 502 1027 541 Juribus,
1043 498 1278 540 Haereditatibus,

212 521 342 585 Demus,
368 548 401 577 &
426 545 525 576 Rebus
548 544 792 583 quibuscumque,
807 542 905 572 Nobis
929 540 1030 570 debitis
1038 537 1100 582 ,lad
1120 544 1277 580 nosperti-

213 587 362 624 uentibus,
380 586 412 616 δε
428 594 477 624 per
491 582 592 613 dilium
608 581 815 621 Adverfizrium
830 581 863 611 &
879 579 941 610 suos
954 578 1090 614 detentis,
1110 574 1279 606 Restitutio-

215 635 309 663 neque
324 624 508 660 eorumdem,
947 655 950 659 ¹
1112 653 1117 658 .

250 663 334 702 Jura,
358 661 557 698 HaereditateS,
580 658 657 696 Res,
682 659 714 689 δε
740 657 846 688 Debita
865 654 999 695 praedic'ta
1021 652 1156 683 Nomine
1179 649 1278 693 nostro

214 701 406 741 Recipieiidi,
430 710 462 730 ac
485 708 586 730 eorum
610 696 815 727 Poffeffionem
841 695 942 726 realem
966 695 999 725 δε
1020 691 1279 733 corporalemff'eu

213 741 305 780 quali,
324 739 536 774 Nancisceudi,
553 736 730 773 Optinendi,
750 736 783 766 δε
800 732 1016 770 Continuandi,
1034 732 1067 763 &
1083 739 1134 768 pro
1150 728 1280 764 Debitis,

216 790 266 820 per
280 789 328 809 eos
341 779 475 815 receptis,
496 775 701 813 Acquietandi,
1007 809 1012 814 Π

254 818 383 848 Necnon
398 817 434 847 de
449 817 482 847 δε
497 815 574 851 super
591 813 783 843 Matrimonio
796 808 992 841 contrahendo
1006 816 1076 838 inter
1089 808 1148 836 Nos
1163 805 1196 835 &
1209 804 1281 849 No·-

214 856 302 887 bilem
318 855 497 891 Dominam,
515 853 678 883 Dominam
702 853 868 881 Katerinam
888 847 988 877 Filiam
1008 844 1180 889 Adversftrii
1200 841 1281 886 (ιο-[ἔνι

215 895 368 934 praedicti,
386 904 433 932 per
449 893 535 922 verba
550 891 586 921 de
601 890 698 920 futuro
714 890 769 920 sive
786 888 821 919 de
838 886 1069 930 praesenti,·cum
1090 886 1143 913 iuis
1166 879 1281 919 quibus-

214 943 341 971 cumque
364 931 557 962 Incidentibus
573 952 582 966 ,
606 928 843 966 Emergentibus,
869 923 1126 966 Dependentibus,
1149 920 1181 950 ἃ
1198 918 1280 949 Con-

215 973 306 1009 nexis,
325 981 392 1001 cum
409 969 527 1008 praefato
543 966 717 1006 Adverfhrio
731 965 836 1004 nostro,
856 964 901 993 seu
925 962 1075 1005 Deputatis
1090 960 1141 990 suis
1161 957 1280 987 lnterlo-

215 1010 341 1049 quendi,
371 1006 636 1043 Communicandi,
654 1006 684 1035 T
687 1003 829 1041 radiandi,
848 999 1074 1037 concordandi,
1093 995 1279 1028 Con-:luden-

212 1050 242 1079 di
1273 1072 1279 1077 -

249 1071 295 1118 ’Ac
310 1085 409 1116 eadem
422 1085 520 1114 omnia
535 1084 568 1114 δε
583 1082 688 1121 singula
701 1090 754 1120 pro
770 1088 846 1118 parte
867 1078 981 1116 nostra,
999 1077 1033 1108 ad
1060 1081 1221 1120 perpetuam
1240 1081 1280 1116 rei

215 1126 385 1156 memoriam
395 1147 404 1162 ,
422 1124 455 1154 &
471 1123 551 1154 Pacis
566 1130 709 1160 perpetuae
724 1118 987 1150 Confirmationem
1003 1117 1172 1156 plenariam,
1191 1111 1281 1142 finali-

211 1172 254 1194 ter
268 1162 454 1194 Terminandi
463 1184 473 1200 ,
1001 1195 1006 1199 .
1148 1191 1152 1196 Ι

255 1202 387 1232 Necnon
404 1201 437 1231 ad
462 1199 627 1231 faciendum
641 1198 740 1229 omnia
755 1197 788 1228 &
802 1195 906 1235 singula
920 1204 984 1233 quae
998 1204 1029 1237 in
1048 1189 1217 1227 Praemiffis,
1233 1188 1279 1232 seu

212 1251 314 1272 eorum
329 1240 492 1277 Connexis,
510 1238 716 1275 incidentibus,
729 1235 962 1274 emergentibus,
989 1235 1045 1262 {ive
1057 1232 1079 1275 Ι*
1095 1228 1281 1267 dependenti-

211 1281 263 1310 bus
278 1278 523 1318 quibuscumque,
541 1276 693 1308 necessaria
705 1275 808 1306 fuerint
824 1274 879 1304 sive
893 1271 1112 1313 quomodolibet
1126 1274 1279 1310 oportuna,

213 1320 298 1349 etiam
322 1317 341 1347 si
364 1316 536 1348 Mandatum
558 1317 671 1353 exigant
694 1314 780 1353 magis
801 1312 937 1350 speciale,
956 1312 989 1342 δε
1011 1319 1075 1348 quae
1098 1306 1166 1338 Nos
1188 1310 1279 1336 tacere

212 1357 354 1396 possemus
371 1356 389 1386 si
406 1355 612 1394 praesentialiter
624 1352 830 1389 intereffemus,
1019 1387 1024 1392 .

250 1396 287 1426 Et
302 1394 517 1430 Promittimus,
531 1392 612 1424 boni
625 1392 698 1429 fide,
716 1401 767 1429 ac,
785 1391 816 1420 in
835 1389 936 1432 Verbo
951 1386 1065 1430 Regio,
1083 1384 1152 1415 Nos
1165 1382 1275 1426 Rarum

214 1435 248 1465 &
264 1434 388 1463 Gratum
398 1456 408 1471 ,
427 1433 553 1462 Firmum
567 1434 600 1463 &
615 1430 738 1468 Stabile,
755 1426 1115 1467 perpetuisTemporibus,
1131 1422 1278 1466 habituros

217 1481 311 1503 totum
332 1472 366 1502 &
388 1470 525 1510 quicquid
544 1470 617 1501 dieti
639 1468 728 1499 nostri
746 1465 982 1510 Ambaffiatores,
1008 1465 1041 1495 &
1065 1462 1198 1498 Nuncii,
1221 1461 1277 1490 sive

213 1509 428 1547 Commiffarii,
447 1519 547 1540 omnes
564 1508 661 1545 simul,
678 1507 732 1536 sive
748 1506 819 1543 Sex,
838 1505 994 1548 Quoque,
1012 1510 1058 1532 aut
1076 1500 1209 1545 Qatuor
1227 1508 1276 1528 eo-

214 1549 367 1586 rumdem,
386 1550 414 1578 in
433 1548 552 1586 praefatis
576 1546 703 1577 Materiis
724 1552 771 1575 aut
792 1543 826 1574 N
863 1544 944 1580 oiiis,
961 1542 1006 1572 seu
1028 1541 1140 1579 singulis
1161 1547 1276 1569 eorum-

213 1588 298 1625 dem,
315 1587 448 1624 fecerint,
467 1587 516 1616 sub
531 1586 682 1623 Ypotlicca
700 1584 834 1613 omnium
880 1590 1003 1612 onorum
1025 1580 1190 1609 nostrorum
1206 1575 1277 1606 Mo-

214 1627 315 1657 bilium
330 1627 362 1656 &
380 1625 585 1655 lmniobilium.
1199 1653 1204 1658 .

251 1664 283 1694 In
299 1665 377 1702 cujus
393 1665 431 1694 rei
442 1662 654 1694 Testimonium
671 1661 719 1690 has
740 1659 846 1690 Literas
868 1657 974 1689 nostras
996 1657 1126 1688 Patentes
1148 1653 1222 1692 ficri,
1241 1652 1273 1684 δε

217 1703 325 1739 Magni
339 1702 430 1737 Sigilli
446 1701 532 1731 nostri
547 1700 704 1731 munimine
719 1699 840 1729 fecimus
855 1698 991 1727 roborari.
1104 1733 1118 1737 ..

252 1741 321 1772 Dat.
335 1742 362 1771 in
375 1740 485 1770 Palatio
500 1743 577 1778 Regis
595 1737 700 1778 Wfflm.
719 1738 860 1768 tricesimo
874 1737 968 1776 primo
981 1735 1028 1765 die
1042 1731 1128 1763 Mnu-

851 1816 904 1844 Per
915 1811 997 1852 ipficm
1013 1814 1118 1849 Regem.

433 1951 482 1982 De
506 1950 642 1981 Licentia
665 1944 843 1979 traducendi
864 1947 1046 1992 Peregrinos.

187 2074 195 2082 ι
215 2034 300 2091 RE
311 2034 360 2072 X,
379 2033 499 2065 univesis
511 2034 544 2065 &
559 2033 672 2070 singulis
694 2031 872 2069 Admirallis,
894 2029 1074 2068 Capitaneis,
1093 2026 1274 2064 Castellanis,

293 2075 439 2105 &eorum
458 2073 716 2110 Locatenentibus,
736 2070 938 2106 Custumariis,
966 2067 1194 2104 Scrutatoribus,
1212 2065 1275 2095 Cu—

161 2115 167 2121 ·
211 2109 337 2143 stodibus
353 2112 493 2142 Portuum
509 2110 599 2142 Maris
613 2112 645 2142 &
661 2110 780 2141 aliorum
798 2109 946 2140 Locorum
968 2107 1202 2141 Maritimorum,
1221 2103 1274 2134 Vi-

209 2152 414 2188 cecomitibus,
436 2150 613 2188 Majoribus,
631 2148 758 2187 Ballivis,
775 2146 1014 2184 Constabulariis,
1033 2154 1067 2176 ac
1079 2145 1137 2175 aliis
1150 2142 1273 2174 Officia-

180 2227 189 2235 ·
208 2188 253 2218 riis
267 2190 299 2220 &
315 2189 454 2220 Ministris
469 2188 588 2225 nostris,
607 2188 640 2218 ad
657 2197 744 2226 quos,
763 2187 824 2218 &c.
846 2185 981 2216 Salutem.

245 2226 346 2259 Sciatis
361 2228 440 2266 quod
457 2226 658 2257 Conceffimus
680 2226 712 2256 ὃς
737 2225 899 2256 Licentiam
921 2222 1081 2261 Dedimus,
1096 2221 1202 2253 dilesto
1217 2232 1272 2253 no-

207 2264 266 2303 bis,
284 2267 400 2296 Ricardo
415 2265 480 2295 Hill
492 2266 527 2295 de
541 2264 737 2304 Weymouth,
776 2263 835 2294 uod
853 2261 909 2301 ipse
928 2261 1124 2300 Qadraginta
1145 2259 1272 2300 Peregri-

785 2303 830 2333 avi
851 2301 915 2339 sua,
929 2306 1031 2331 vocata
1045 2302 1071 2331 le
1085 2300 1218 2330 Leonard
1234 2299 1270 2331 de

205 2341 404 2382 Weymouth,
423 2345 451 2373 in
470 2343 558 2374 Portu
571 2342 655 2374 Villae
666 2340 830 2380 praedietae,
848 2339 1017 2379 Eskippare‚
1037 2340 1070 2371 ὃ(
1086 2348 1135 2369 eos
1149 2338 1266 2377 abinde,

205 2383 297 2412 versus
308 2382 443 2413 Sandrum
455 2381 600 2421 Jacobum
616 2381 734 2420 peregre
746 2379 941 2420 proseriiuros,
959 2378 1061 2409 ducere
1075 2377 1180 2416 possit,

246 2419 284 2450 Et
299 2420 366 2451 ideo
383 2421 463 2451 vobis
480 2419 652 2452 Mandamus
667 2419 748 2457 quod
759 2418 849 2458 ipsum
862 2416 1006 2448 Ricardum
1020 2416 1170 2455 praedistos
1187 2415 1268 2455 Qau-

205 2459 331 2496 draginta
347 2458 531 2498 Peregrinos,
549 2459 652 2497 Ligeos
663 2457 792 2496 nostros,
810 2457 839 2487 in
855 2455 934 2486 Navi
954 2456 1087 2493 praedicta
1100 2454 1269 2494 Eskippare,

206 2497 242 2528 &
256 2496 344 2532 ipsum
360 2496 522 2535 Peregrinos
535 2497 615 2535 illos,
631 2496 720 2527 versus
741 2495 876 2527 Saii&um
888 2494 1051 2534 Jacobum,
1069 2496 1185 2532 peregre
1201 2503 1268 2531 pro-

208 2535 349 2571 fecturos,
367 2536 460 2565 solutis
475 2537 548 2575 prius
565 2534 730 2571 custumis,
751 2532 902 2570 Subsidiis,
920 2533 952 2563 &
969 2533 1026 2562 aliis
1043 2532 1192 2570 Deveriis,
1210 2542 1266 2562 no—

209 2574 252 2603 bis
266 2572 333 2603 inde
344 2573 461 2611 debitis,
479 2574 621 2604 traducere
635 2573 818 2611 permittatis,
833 2571 928 2608 aliquo
945 2570 1084 2600 Mandato
1092 2571 1268 2608 nostro,vo-

208 2612 251 2643 bis
266 2611 312 2641 seu
325 2610 408 2641 alicui
424 2611 550 2642 vestrum
564 2613 638 2649 prius
652 2613 682 2641 in
697 2612 869 2642 contrarium
883 2609 1010 2647 direcffo,
1029 2619 1089 2639 non
1103 2609 1250 2646 obstante,

246 2649 422 2680 Dumtamen
436 2650 524 2688 aliqua
533 2674 543 2689 ,
561 2650 659 2680 Nobis
673 2649 717 2680 seu
732 2649 839 2688 Regno
852 2647 952 2678 nostro
967 2647 1084 2686 Angliae
1094 2648 1268 2687 praejudicia—

208 2689 259 2724 lia,
279 2688 373 2718 secum
388 2698 447 2718 non
460 2688 585 2720 deferant
597 2689 698 2727 quovis
713 2688 812 2718 modo.

242 2725 278 2757 In
294 2726 390 2764 cujus,
406 2727 467 2757 &c.

282 2763 372 2795 Teste
388 2765 469 2805 Rege
481 2763 555 2804 apud
568 2764 718 2804 Harhurgh
733 2764 876 2796 tricesimo
889 2764 984 2804 primo
997 2762 1041 2793 die
1055 2761 1145 2799 Maii„

498 2891 558 2922 Pro
583 2885 851 2931 Ambaffiatoribus
875 2890 966 2933 Palm.

272 2973 351 3011 EX,
367 2983 416 3013 per
432 2973 540 3004 Literas
554 2974 610 3005 suas
626 2972 772 3012 Parentes,
790 2973 875 3011 usque
891 2971 1005 3002 Festum
1021 2971 1118 3003 Samfti
1136 2971 1266 3003 Michae-

290 3014 322 3042 lis
339 3014 474 3052 proximo
490 3013 613 3043 futurum
628 3011 785 3050 duraturas,
803 3012 916 3049 suscepit
933 3013 962 3040 in
970 3010 1075 3042 salvum
1092 3011 1124 3041 δε
1138 3011 1265 3042 securum

208 3050 396 3081 Conduetum
410 3051 488 3081 suum
501 3074 510 3089 ,
527 3062 559 3081 ac
575 3053 602 3081 in
622 3051 856 3088 Protefflonem,
871 3050 1045 3080 Tuitionem
1063 3049 1096 3079 ὃς
1111 3048 1264 3080 Defensio-

206 3099 274 3120 nem
292 3089 348 3119 suas
365 3089 509 3128 speciales,
527 3088 724 3120 Venerabilem
740 3089 872 3126 Patrem,
892 3087 1136 3124 Bartholomaeum‚
1158 3089 1263 3125 Epilio-

221 3140 265 3157 um
281 3130 337 3158 Pen
351 3126 501 3196 auriwCfivn
515 3150 524 3165 ,
543 3131 686 3157 Marinum
704 3126 871 3158 Mumcolum
889 3125 986 3156 Curiae
1006 3129 1105 3155 Summi
1128 3126 1264 3167 Pontificis

226 3166 331 3196 flaresca
344 3167 401 3196 lum
451 3168 527 3196 ivem
543 3165 826 3205 Neapolitanensem,
845 3164 1013 3203 Magistrum
1035 3163 1214 3203 Augustinum
1231 3167 1263 3194 de

199 3207 292 3234 Laute
317 3205 429 3244 Legum
452 3203 617 3235 D06lorem
633 3203 816 3235 Advocatum
837 3201 1069 3233 Consistorialem
1089 3201 1195 3234 Civem
1214 3203 1262 3233 Pi-

199 3242 359 3272 sannensem
369 3265 378 3279 ,
396 3242 616 3273 Ambaffiatores
631 3243 712 3280 ipsius
727 3242 849 3272 Domini
868 3245 967 3271 Summi
981 3239 1137 3281 Pontificis,
1156 3243 1184 3271 in
1200 3241 1260 3273 Re-

199 3289 291 3320 gnum
307 3279 394 3318 Regis
411 3281 540 3319 Angue,
559 3292 641 3319 penes
654 3280 833 3311 Praesentiam
858 3280 963 3318 Regis,
979 3289 1031 3317 pro
1052 3280 1132 3310 certis
1153 3279 1260 3317 Nego-

200 3320 245 3350 tiis
265 3317 387 3356 ejusdem
417 3318 540 3348 Domini
563 3322 662 3349 Summi
684 3318 822 3360 Pontificis
841 3318 1054 3355 prosequendis,
1087 3327 1154 3347 cum
1179 3318 1260 3357 Qua—

199 3358 326 3396 draginta
341 3355 469 3386 Personis
485 3358 514 3386 in
529 3356 674 3388 Comitiva
687 3357 748 3394 sua,
765 3368 796 3387 ac
812 3356 1006 3395 Qiadraginta
1021 3354 1107 3394 Equis
1123 3356 1190 3394 suis,
1209 3367 1259 3387 ve-

200 3394 324 3431 niendo,
342 3393 452 3424 ibidem
476 3396 632 3433 morando,
652 3396 684 3425 &
705 3395 806 3425 exinde
823 3400 856 3425 ad
879 3395 988 3432 propria
1007 3394 1170 3433 redeundo,
1188 3405 1258 3426 nec—

199 3443 260 3466 non
275 3433 345 3468 Res,
363 3431 457 3470 Bona,
476 3434 509 3464 &
526 3433 662 3464 Hemesia
676 3433 722 3464 sua
735 3443 942 3472 quaecumque,

235 3471 415 3502 Dumtamen
425 3493 435 3509 ,
450 3470 509 3504 &a
526 3479 557 3501 ut
576 3476 604 3502 in
614 3471 745 3512 fimilibus
760 3472 791 3501 de
808 3472 948 3501 conduclu
964 3474 1078 3501 Literis.

233 3509 325 3542 Teste
337 3508 422 3547 Rege
435 3509 509 3547 apud
525 3509 799 3552 Wstmonasterium,
815 3511 911 3548 primo
925 3510 970 3541 die
979 3509 1066 3549 Junii.

833 3588 886 3616 Per
904 3584 986 3624 ipfiam
1003 3588 1107 3624 Regem.

336 3713 527 3759 Confirmatio
551 3709 742 3759 Treugarnm
759 3723 813 3756 per
836 3714 944 3758 Regem
976 3710 1110 3754 Castellae.

200 3798 379 3863 Johannes,
399 3799 457 3829 Dei
473 3797 569 3838 gratia,
586 3799 647 3826 Rex
663 3794 784 3836 Castellae
801 3795 840 3830 ἀι
856 3798 999 3833 Legionis,
1016 3795 1253 3828 univerfis&fin-

198 3859 209 3868 .
234 3874 238 3879 ,
254 3837 339 3874 gulis,
357 3838 502 3873 praesentes
511 3835 786 3875 Literasinspetsturis
800 3835 834 3865 &
846 3834 994 3872 audituris,
1012 3833 1137 3866 Salutem
1147 3836 1176 3865 in
1185 3835 1252 3866 Do—

199 3882 280 3905 mino
295 3874 499 3912 sempiternam.

232 3911 381 3941 Noveriris
396 3913 461 3943 Nos
477 3913 585 3944 Lireras
596 3911 738 3951 Johannis
751 3910 886 3948 Roderici,
904 3909 1110 3941 Archidiaconi
1126 3912 1162 3944 de
1170 3912 1250 3943 Gor-

193 3948 299 3986 donio,
316 3949 423 3980 Dilecti
438 3951 584 3981 Secretarii
605 3950 711 3988 nostri,
739 3948 952 3980 Ambaffiatoris
971 3949 1027 3979 five
1046 3949 1178 3989 Nuncii,
1195 3960 1248 3991 pro

196 3986 314 4025 Nobis,
328 3996 362 4017 ex
376 3987 470 4019 nostra
484 3998 577 4027 parte,
596 3989 741 4027 destinati,
758 3986 860 4020 vidiffe
874 3987 907 4018 &
922 3986 1072 4026 recepisse,

654 99 1470 154 CONVENTIONES,
1525 97 1916 144 LITERAE‚

1346 190 1362 206 ¹*
1381 188 1513 227 Quarum
1526 185 1628 218 Tenor
1641 186 1699 217 talis
1715 185 1774 225 est,

2373 219 2377 225 s
2391 182 2468 215 Am.
2482 180 2534 226 D„

2418 229 2505 261 1414„
2519 229 2538 258 .-

1347 264 1498 295 Noveririt
1512 264 1631 295 universi
1645 265 1678 296 &
1693 263 1810 303 singuli,
1826 261 1977 303 praesentes
1992 259 2104 292 Literas
2118 261 2268 299 inspecturi
2281 261 2315 293 &
2328 271 2376 292 au-
2392 264 2455 289 Hm.
2471 270 2500 296 5.
2523 279 2526 298 3

1309 303 1409 342 diruti,
1437 302 1516 341 quod
1535 305 1595 339 ego
1617 301 1762 341 Johannes
1783 301 1904 332 Roderici
1920 323 1930 339 ,
1957 298 2017 336 &a
2041 306 2072 330 ut
2085 299 2174 340 stapra
2189 303 2220 331 in
2240 301 2376 331 Tradatu
2391 299 2407 314 ³*
2426 300 2479 327 IX.
2531 301 2540 309 ’“

1312 346 1383 372 Dat.
1402 342 1445 370 28.
1460 340 1614 380 Januarii,
1631 347 1696 371 tunc
1702 339 1742 381 fic
1752 363 1762 379 ,

1351 417 1468 457 Qiibus
1503 417 1598 447 uidem
1616 416 1716 447 Literis
1731 426 1780 455 per
1801 415 1869 447 Nos
1887 415 1950 447 visis
1972 415 2006 446 &
2021 417 2158 455 receptis,
2174 415 2262 455 Nos,
2279 417 2378 448 omnia

1313 458 1345 487 &
1366 458 1404 486 siri
1427 456 1468 486 ula
1493 456 1570 494 aeta,
1588 455 1656 485 inita
1666 477 1675 493 ,
1692 455 1726 486 &
1740 455 1915 486 concordata
1931 464 1979 492 per
1993 454 2103 484 dietum
2117 453 2277 492 Johannem
2291 456 2379 485 Rode-

1313 499 1377 533 rici,
1398 494 1586 525 tecretarium
1604 492 1750 532 nostrum,
1770 494 1887 523 nomine
1902 493 2017 530 nostro,
2036 499 2118 532 prout
2133 494 2163 523 in
2181 493 2260 524 dicitis
2277 494 2378 526 Literis

1314 533 1367 564 suis
1385 534 1569 564 continentur
1585 554 1596 570 ,
1622 530 1831 569 Laudavimus,
1854 531 2101 571 Approbavimus,
2124 532 2158 562 ὃς
2184 530 2378 563 Confirmavi-

1317 582 1395 609 mus,
1422 573 1474 609 &,
1492 571 1611 601 Tcnore
1628 569 1832 608 Praesentium,
1856 570 2032 608 Laudamus,
2051 569 2268 610 Approbamus,
2286 572 2319 602 &
2342 580 2380 610 eir

1316 611 1411 641 nostra
1423 618 1498 640 certa
1513 609 1626 639 scientia
1638 607 1867 646 Confirmamus,

1357 649 1484 679 Necnon
1501 647 1716 684 promittimus,
1735 647 1763 676 in
1777 645 1855 676 bona
1869 645 1923 676 fide
1937 646 1970 676 &
1983 646 2084 677 Verbo
2093 646 2205 686 Regio,
2224 647 2303 684 quod
2312 646 2381 678 Nos

1316 687 1517 725 Tenebimus,
1535 687 1567 717 ὃ(
1583 684 1826 722 observabimus,
1842 694 1876 714 ac
1898 693 1945 722 per
1965 684 2099 716 Subditos
2119 687 2151 717 &
2172 685 2307 716 Vass'allos
2326 696 2379 716 rio-

1315 726 1402 765 stros,
1420 734 1559 764 quantum
1573 724 1603 753 in
1619 724 1700 753 nobis
1716 722 1757 753 est
1768 745 1778 760 ,
1793 723 1902 752 Teneri
1923 723 1956 752 &
1977 721 2129 754 Observari
2149 725 2284 754 faciemus
2305 733 2378 762 prae-

1315 765 1402 796 dietas
1418 765 1563 804 Treugas,
1581 772 1613 792 ac
1628 763 1727 793 omnia
1741 762 1793 792 alia
1807 761 1840 792 ὃς
1856 760 1962 804 singula
1981 762 2010 790 in
2022 761 2105 792 diffis
2123 762 2235 794 Litteris
2249 764 2378 803 Treuga-

1317 814 1381 834 rum
1395 812 1546 839 contenta,
1566 800 1643 831 bona
1658 800 1731 838 fide,
1749 801 1783 831 &
1799 799 1855 829 sine
1867 799 1956 836 aliqua
1971 798 2160 837 Deceptione.

1354 843 1387 873 In
1408 843 1486 877 cuius
1502 842 1540 871 rei
1559 839 1778 870 Testimonium
1795 837 2070 881 praesentes-nostras
2091 837 2222 869 Parentes
2241 840 2378 880 Litteras,

1318 880 1414 911 nostra
1431 880 1507 910 Bulla
1524 877 1664 909 Plumbea
1680 877 1858 915 impendenti
1873 884 2012 913 munitas,
2030 886 2063 906 ac
2085 878 2220 915 nomine,
2237 878 2381 910 Sereniffi-

1320 928 1377 949 mae
1393 919 1554 955 Dominae,
1571 920 1678 954 Reginae
1698 915 1819 955 Castellae
1836 914 1874 949 ὠ·
1892 917 2037 952 Legionis,
2057 913 2174 953 Matris,
2190 916 2223 946 &
2236 914 2379 948 Dominae

1316 957 1438 994 nostrae,
1456 966 1589 993 necnon,
1605 955 1781 985 lllustrissimi
1796 954 1952 991 Principis,
1970 953 2107 982 Fernandi
2114 955 2193 990 Regis
2202 955 2379 994 Arragoniae,

1317 996 1461 1026 Avunculi
1476 993 1566 1025 nostri
1581 993 1731 1031 cariffimi,
1749 993 1908 1032 gerentium
1923 992 1956 1022 ad
1973 992 2090 1030 praesens
2107 992 2194 1021 nostri
2209 1002 2242 1022 ac
2258 992 2379 1032 Regno-

1318 1044 1382 1064 rum
1405 1035 1438 1066 &
1461 1033 1672 1063 Dominiorum
1692 1031 1856 1061 nostrorum
1875 1030 2028 1068 Tutelam,
2047 1030 2208 1069 Regimen,
2227 1030 2379 1062 Guberna-

1316 1074 1426 1104 tionem
1437 1095 1446 1110 ,
1462 1072 1495 1102 δε
1511 1069 1794 1101 Administrationem
1803 1093 1813 1108 ,
1831 1070 1993 1108 roboratas,
2013 1071 2046 1101 &
2060 1070 2186 1107 ipiorum
2201 1069 2380 1101 Aquritate

1316 1113 1447 1144 duximus
1459 1109 1664 1140 concedendas.

1354 1150 1422 1180 Dat.
1437 1148 1631 1178 salamantica
1647 1146 1693 1177 die
1707 1145 1801 1186 prima
1824 1144 1934 1176 Mensis
1951 1145 2047 1184 Junii.,
2065 1146 2154 1177 Anno
2173 1147 2189 1176 a
2217 1146 2379 1179 Nativitate

1316 1188 1441 1219 Domini
1456 1187 1631 1224 Millelimo,
1650 1184 1956 1224 Quadringentesimo,
1975 1184 2089 1222 Quarto
2104 1185 2230 1216 decimo.
2248 1206 2250 1208 v

1638 1268 1671 1296 Yo
1687 1265 1717 1295 Ia
1735 1270 1836 1302 Reyna.

1797 1351 1858 1378 Rex
1875 1346 1991 1377 Frndus.

1417 1428 1461 1457 De
1480 1426 1620 1457 Mandata
1635 1428 1811 1456 Dominarum
1828 1428 1906 1463 Regis
1924 1423 1962 1459 c&
1981 1426 2088 1461 Regina
2107 1426 2254 1462 Tutorum,
2270 1422 2330 1459 &c.

1884 1502 2106 1542 JonANNIS
2124 1499 2357 1531 Ronnntcr.

1382 1635 1545 1679 Commiffio
1574 1640 1662 1684 chIs
1683 1635 1809 1681 Castellae
1830 1635 1874 1669 ad
1895 1634 2126 1683 Prorogandum
2150 1636 2295 1681 Treugas.

2394 346 2404 364 i
2412 345 2456 373 34.

1314 1721 1507 1789 JOhannes,
1533 1721 1590 1752 Dei
1608 1721 1727 1761 Gratia,
1748 1724 1809 1752 Rex
1827 1720 1950 1761 Castellae
1968 1719 2006 1756 ό·
2030 1723 2173 1764 Legi021is,
2190 1719 2322 1752 univerfis
2340 1721 2374 1752 &
2395 1716 2471 1747 Ann-
2482 1715 2523 1748 D·

1312 1798 1454 1829 Domino.

1347 1837 1495 1868 Nox-eritis
1508 1837 1588 1877 quod
1604 1837 1690 1876 Nos,

1347 1875 1533 1906 Confidentes
1547 1876 1581 1906 ad
1601 1878 1716 1914 plenum

1375 1760 1502 1798 finanus,
1526 1760 1560 1790 ad
1584 1771 1653 1799 quos
1674 1760 1820 1799 praesentes
1845 1761 1962 1791 Litterae
1983 1769 2178 1799 pervenerint,
2197 1760 2322 1792 Salutem
2343 1762 2373 1791 in

2409 1764 2498 1796 1414.

2389 1798 2442 1824 An.
2461 1806 2487 1823 2.

2390 1837 2425 1861 H.
2450 1843 2478 1869 5.

1738 1875 1775 1906 de
1789 1875 1934 1914 fideiitate,
1949 1856 2217 1914 circumspectione,
2236 1875 2270 1907 ει
2284 1875 2371 1907 1ndu-
2386 1875 2425 1898 Ex
2439 1875 2497 1900 Au-

1310 1912 1391 1952 stria,
1411 1913 1596 1945 Diledtorum
1609 1917 1642 1946 ὃς
1658 1915 1680 1945 F
1682 1915 1798 1945 idelium
1811 1914 1975 1945 nostrorum
1985 1937 1995 1952 ,
2013 1913 2133 1944 Nobilis
2145 1914 2284 1944 Fernandi
2293 1917 2372 1945 Petri
2385 1917 2451 1947 mgr·
2481 1940 2485 1945 .

1309 1952 1342 1981 de
1357 1952 1453 1983 Arala
1477 1952 1578 1983 Militis
1604 1952 1781 1992 Gundiffltlvi
1800 1956 1931 1991 Moroac,
1949 1952 2090 1991 Johanm‘s
2109 1951 2210 1993 Velafii
2234 1953 2267 1983 de
2292 1952 2373 1991 Caele

1308 1990 1354 2020 lar
1364 2014 1373 2029 ,
1393 1991 1503 2031 Legum
1515 1991 1699 2030 Doctorum,
1719 1991 1879 2031 nostraeque
1895 1991 2056 2022 Audientiae
2069 1990 2261 2030 Auditorum,

1347 2028 1424 2069 Ipsos
1441 2030 1532 2069 Tres,
1550 2039 1598 2061 aut
1621 2029 1706 2061 Duos
1727 2030 1871 2068 ipsorum,
1894 2029 2048 2068 Fecimus,
2072 2029 2301 2069 Constitat'imus‚
2325 2028 2374 2062 seu

1309 2068 1393 2098 etiam
1409 2068 1635 2108 Deputavimus,
1661 2079 1712 2107 ac,
1731 2068 1849 2099 Tenore
1869 2067 2069 2106 Praesentium,
2087 2068 2233 2106 Facimus,
2252 2069 2375 2102 Consti-

1310 2108 1436 2146 tuimus,
1459 2107 1505 2139 seu
1523 2108 1610 2138 etiam
1634 2107 1813 2148 Deputamus
1835 2106 1948 2138 nostros
1969 2107 2128 2145 solempnes
2149 2107 2374 2139 Ambaffiatores

1308 2146 1342 2177 δε
1358 2145 1393 2175 N
1395 2147 1497 2176 uncios
1510 2146 1655 2185 speciales,

1345 2182 1394 2215 Ad
1408 2184 1645 2215 conveniendum
1660 2194 1729 2215 cum
1744 2184 2012 2223 Ambassiatoribus,
2030 2183 2203 2216 Sereniffirni
2217 2184 2375 2225 Principi53

1306 2224 1420 2252 Henrici
1438 2226 1515 2262 Regis
1533 2223 1646 2261 Angliae
1656 2247 1666 2261 ,
1684 2223 1894 2263 Consanguinei
1909 2223 1997 2254 nostri
2013 2223 2167 2262 carissimi,
2235 2249 2243 2258 ,

1343 2261 1392 2292 Ad
1408 2261 1605 2293 TraCtandum
1621 2272 1690 2293 cum
1703 2261 1826 2300 eisdem,
1844 2261 2058 2300 &Iniendum,
2076 2261 2270 2302 Faciendum,
2289 2262 2374 2295 Con—⁴

1306 2299 1488 2339 cedendum,
1505 2302 1539 2332 ὃς
1562 2299 1764 2339 Capiendum,
1784 2302 1902 2331 nomine
1922 2299 2040 2339 nostr0,
2064 2300 2097 2331 &
2137 2311 2189 2338 pro
2205 2302 2320 2340 Nobis,
2337 2312 2372 2333 ac

1306 2337 1433 2382 Regnis,
1450 2338 1564 2377 Patriis,
1579 2339 1696 2377 Terris,
1714 2339 1895 2378 Territoriis,
1915 2338 2079 2377 Dominus,
2097 2324 2233 2378 gumias,
2251 2341 2286 2372 &
2303 2340 2371 2372 Vas-

1303 2377 1372 2407 sallis
1390 2377 1512 2417 nostris,
1527 2378 1668 2416 Bonisque
1685 2379 1718 2410 &
1742 2377 1862 2417 Rebus,
1879 2378 1980 2409 nostris
2009 2378 2044 2410 &
2058 2378 2110 2409 suis
2129 2378 2370 2417 quibuscumque,

1303 2416 1415 2484 RQms’.
1430 2416 1542 2456 firmas,
1558 2417 1592 2448 &
1610 2417 1710 2457 legales
1725 2416 1875 2455 Treugas‚
1893 2416 2084 2456 Sufrentiam,
2101 2416 2156 2449 five
2173 2416 2296 2448 Guerra:
2309 2417 2371 2448 Ab·

1329 2464 1465 2486 inentiam

1338 2493 1394 2524 Seu
1411 2479 1540 2534 Treiigas
1549 2519 1559 2533 ,
1575 2494 1683 2526 dudum
1697 2496 1770 2526 inter
1783 2496 1844 2525 Not
1858 2495 1892 2526 &
1906 2493 2016 2524 dietum
2029 2491 2242 2525 Sereniffimum
2257 2493 2370 2525 Princi-

1301 2540 1385 2571 pem,
1403 2536 1498 2570 Regem
1514 2533 1645 2573 Anglie,
1664 2533 1917 2573 Consanguineum
1932 2531 2061 2562 nostrum
2076 2531 2262 2571 cariffimum,
2281 2533 2369 2564 factas

1303 2571 1335 2602 &
1353 2572 1464 2610 'uratas,
1483 2572 1519 2602 de
1533 2573 1660 2610 praesenti
1674 2573 1820 2610 durantes,
1838 2570 2071 2611 prorogandum,

1357 2619 1375 2638 n
1393 2610 1426 2640 ὃς
1441 2620 1492 2650 per
1509 2619 1618 2641 tantum
1634 2619 1747 2647 tempus
1759 2610 1903 2641 duraturas
1922 2618 2008 2646 prout
2025 2608 2107 2638 dietis
2119 2607 2228 2639 Tribus
2245 2609 2368 2640 Ambas-

1301 2647 1447 2722 ssssffribus
1464 2647 1584 2686 nostris,
1601 2649 1648 2680 vel
1672 2649 1798 2686 ipsorum
1813 2647 1955 2685 Duobus,
1974 2646 2095 2685 placebit
2109 2647 2142 2678 &
2160 2648 2302 2679 videbitur
2318 2658 2367 2679 ex-

1358 2695 1397 2716 ire

1337 2708 1418 2754 Cun’i
1439 2724 1663 2762 quibuscumque
1684 2722 1926 2762 Conditionibus,
1950 2722 2233 2764 Modificationibus,
2258 2725 2367 2757 Decla-

1301 2763 1472 2804 rationibus,
1493 2762 1710 2801 Additionibus,
1729 2763 1773 2794 vel
1795 2763 2022 2794 Remotionibus
2042 2762 2214 2802 necessariis,
2234 2763 2364 2803 utilibus,

1299 2802 1346 2830 {eu
1361 2801 1446 2831 etiam
1462 2802 1648 2840 opportunis,

1341 2837 1473 2869 Necnon
1497 2838 1530 2869 ad
1559 2838 1717 2877 Dandum,
1740 2838 1983 2878 Nominandum,
2001 2840 2035 2871 &
2057 2839 2315 2879 Constituendum,
2331 2841 2361 2871 in

1302 2876 1412 2915 Regnis
1427 2878 1460 2908 &
1478 2876 1625 2908 Dominiis
1648 2877 1766 2915 nostris,
1784 2886 1878 2908 certos
1895 2877 2028 2916 Judices,
2046 2879 2102 2909 {ive
2123 2877 2362 2917 Conservarores,

1301 2923 1345 2946 tot
1361 2916 1393 2947 &
1411 2915 1494 2954 tales,
1511 2926 1543 2946 ac
1558 2918 1585 2946 iri
1602 2916 1652 2946 illis
1671 2916 1760 2953 locis,
1779 2917 1807 2946 in
1830 2917 1931 2954 quibus
1947 2916 2030 2950 dietis
2045 2916 2153 2946 Tribus
2171 2916 2362 2948 Ambaffiato-

1300 2955 1375 2983 ribus
1390 2954 1507 2992 nostris,
1525 2955 1568 2986 vel
1585 2956 1710 2993 iptorum
1726 2954 1868 2993 Duobus,
1886 2954 2026 2985 videbitur
2039 2955 2182 2993 expedire,
2201 2965 2254 2993 pro
2276 2954 2362 2986 stabi-

1299 2993 1333 3030 li,
1351 2991 1451 3031 firmfi,
1477 2993 1510 3024 &
1531 2992 1605 3023 fideli
1627 2992 1851 3025 Conservatione
1871 2991 2229 3033 dictarumTreugarum,
2254 3004 2289 3025 ac
2307 3004 2362 3032 pro

1298 3030 1394 3061 debita
1409 3030 1628 3062 Reformatione
1643 3032 1676 3063 &
1691 3031 1739 3062 Re
1788 3032 1881 3061 atione
1892 3031 2026 3060 omnium
2040 3031 2073 3061 ὃς
2090 3031 2266 3069 singulorum
2279 3043 2360 3072 quae,

1299 3077 1399 3101 contra
1414 3069 1562 3107 praeditstas
1582 3070 1710 3109 Treugas
1742 3080 1777 3100 eu
1802 3069 1922 3107 ipsarum
1942 3068 2100 3109 essedium,
2115 3071 2360 3110 qualitercumque

1295 3109 1453 3145 attemptari
1470 3109 1620 3147 contigerit
1636 3109 1666 3138 iri
1681 3107 1825 3145 futurum,

1334 3146 1380 3177 Ac
1396 3146 1554 3184 hujusmodi
1568 3147 1712 3185 Treugas,
1727 3146 1922 3184 Tolerandas,
1942 3145 1997 3177 sive
2011 3145 2186 3179 Guerrarum
2203 3147 2359 3179 Abstinen-

1296 3186 1360 3222 tias,
1381 3183 1598 3220 Ordinationes,
1618 3185 1652 3214 &
1670 3183 1886 3215 Conventiones
1899 3184 2109 3224 quascumque,
2126 3197 2176 3224 per
2195 3187 2290 3218 ἀίἃοε
2303 3197 2361 3218 rio-

1297 3222 1367 3253 stros
1382 3222 1457 3253 Tres
1479 3221 1711 3261 AmbaffiaroreS,
1726 3223 1772 3254 vel
1792 3222 1914 3260 ipsorum
1937 3223 2035 3263 Duos,
2053 3224 2172 3264 fiendas,
2190 3225 2356 3256 conceden-

1294 3262 1341 3291 das
1357 3261 1375 3279 ²¹*
1391 3261 1423 3291 &
1437 3261 1597 3298 capiendas,
1614 3261 1741 3291 Personis
1754 3263 1787 3292 ὃς
1801 3262 1889 3292 Locis
1903 3263 2145 3301 quibuscumque,
2165 3265 2353 3302 ubicumque,
2370 3267 2388 3288 ⁴*
2410 3270 2463 3299 lx,

1295 3301 1328 3330 &
1352 3298 1592 3343 quandocumque
1617 3300 1741 3337 expediri
1758 3299 1916 3339 videbitur,
1940 3300 2159 3339 Insinuandum,
2183 3301 2352 3332 Notifican-
2371 3317 2432 3344 ¹35·

1293 3338 1382 3374 dum,
1400 3336 1675 3376 Praeconizandum,
1692 3337 1842 3378 Insinuari,
1861 3339 2035 3379 Notificari,
2049 3350 2084 3371 ac
2101 3338 2292 3370 Praeconizari
2311 3340 2353 3371 fa-

1293 3375 1428 3407 ciendum
1444 3375 1477 3405 &
1492 3376 1700 3414 mandandum,

1330 3414 1367 3444 Et
1383 3414 1480 3457 omnia
1499 3414 1550 3445 alia
1566 3415 1598 3446 &
1614 3415 1720 3452 singula
1738 3416 1928 3455 Faciendum,
1946 3416 2130 3454 Gerendum,
2143 3414 2351 3456 Exercendum,

1293 3453 1327 3483 &
1340 3451 1570 3495 Expediendum,
1591 3463 1654 3491 quae
1670 3455 1699 3483 iri
1716 3454 1865 3485 praemissis
1879 3456 1924 3485 vel
1939 3456 2013 3485 circa
2033 3464 2064 3484 ea
2079 3453 2228 3484 necessaria
2248 3454 2353 3486 fuerint

1293 3492 1338 3522 seu
1359 3491 1422 3521 alias
1440 3492 1661 3527 quomodolibet
1683 3501 1844 3530 opportuna
1862 3516 1872 3532 ,
1895 3494 1979 3522 eriam
2001 3492 2020 3522 fi
2044 3491 2215 3522 Mandatum
2237 3492 2351 3529 exigant

1287 3531 1387 3599 smagis
1409 3528 1539 3569 speciale,
1560 3530 1593 3560 δε
1614 3530 1716 3561 altioris
1735 3540 1843 3569 naturae
1865 3531 1968 3562 fuerint
1981 3539 2068 3569 quam
2091 3529 2222 3568 Capitula
2241 3532 2350 3569 expres-

1299 3576 1358 3605 ata,

1330 3607 1376 3637 Ac
1397 3606 1509 3636 ulterius
1528 3606 1743 3646 Promittimus,
1761 3607 1842 3638 bona
1860 3606 1915 3637 fide
1929 3607 1963 3637 &
1979 3607 2008 3636 in
2021 3606 2121 3636 Verbo
2135 3605 2245 3645 Regio,
2267 3608 2349 3646 qu'od

1289 3645 1379 3675 dfflias
1391 3643 1518 3683 Treugas
1537 3645 1569 3681 (ii
1585 3656 1628 3675 eas
1642 3646 1783 3682 concedi,
1805 3646 1838 3675 &
1855 3645 1938 3682 capi,
1957 3652 2005 3674 aut
2023 3645 2166 3683 prorogari
2188 3646 2345 3686 contingat)

1290 3683 1371 3720 super
1387 3683 1522 3713 omnibus
1536 3684 1569 3713 ὅ(
1584 3684 1693 3722 singulis
1709 3683 1864 3724 Capitulis,
1880 3683 1908 3712 iri
1925 3682 2039 3712 Litteris
2057 3682 2220 3713 earumdem
2240 3685 2349 3724 expres-

1288 3722 1365 3757 satis,
1383 3719 1500 3751 fideliter
1517 3722 1551 3752 δε
1572 3722 1771 3753 inviolabiliter
1786 3720 2028 3757 observabimus,
2047 3730 2080 3751 ac
2097 3731 2146 3758 per
2163 3721 2299 3754 Subditos
2313 3725 2348 3755 ἃς
2372 3740 2374 3742 v

1289 3758 1424 3790 Vaffallos
1440 3759 1569 3798 nostros,
1586 3765 1725 3799 quantum
1739 3761 1768 3790 in
1783 3759 1868 3789 nobis
1880 3758 1938 3795 est,
1955 3757 2106 3789 observari
2119 3759 2271 3801 faciemus,

1325 3798 1371 3828 Ac
1386 3806 1434 3834 pei·
1448 3797 1556 3828 nostras
1571 3797 1703 3829 Parentes
1718 3798 1853 3834 Litteras,
1871 3796 1972 3827 nostro
1992 3796 2092 3835 Sigillo
2109 3798 2260 3839 Sigillatas,
2275 3811 2348 3841 quo-

1285 3838 1354 3867 tiens
1369 3844 1441 3871 opus
1452 3836 1520 3873 erit,
1538 3838 1635 3866 omnia
1650 3837 1684 3868 &
1698 3835 1810 3874 Singula
1822 3835 2068 3874 Approbabimus,
2087 3836 2294 3879 Laudabimus,
2311 3841 2347 3872 &

1287 3873 1533 3905 Confirmabimus
1544 3875 1659 3911 quando
1673 3874 1808 3904 fuerimus
1823 3873 1953 3911 requisiti.

1320 3911 1353 3942 In
1369 3911 1448 3948 cujus
1468 3913 1507 3940 rei
1528 3912 1742 3943 Testimonium
1761 3911 1908 3949 praesentes
1930 3911 2038 3943 nostras
2061 3912 2190 3945 Parentes
2209 3915 2346 3954 Litteras,

1283 3949 1362 3981 Bulla
1376 3948 1472 3980 nostra
1493 3949 1634 3980 Plumbea
1656 3950 1820 3987 inpendenti
1841 3951 1978 3987 munitas,
1996 3961 2029 3980 ac
2052 3953 2185 3991 nomine,
2203 3953 2345 3985 Sereniffi-

1283 3998 1341 4019 mae
1365 3987 1519 4026 Dominae,
1543 3990 1650 4026 Regina
1669 3987 1794 4027 castella
1808 3986 1847 4024 ὠ·
1869 3990 2014 4028 Legionis,
2035 3989 2136 4022 Matris
2150 4001 2182 4023 ac
2203 3991 2345 4022 Dominae

2289 4043 2344 4065 no-
