2562 4274
728 159 1144 201 ETACTA
1221 158 1688 201 PUBLICA.

2272 160 2319 214 83

12 253 90 285 Anu.
104 249 148 282 D.
163 250 186 281 ri
202 248 348 286 vestrum,
373 249 404 279 in
427 245 596 279 executione
615 243 848 283 Praemifforum,
870 252 982 283 pareant:
1004 245 1037 275 &
1061 243 1223 282 intendant,
1262 255 1316 282 que
1332 244 1425 275 nostra
1439 251 1598 281 captarum,
1617 244 1670 281 jam
1686 244 1805 282 ultimo,
1825 242 1860 274 ad
1883 250 1991 274 tantum
2017 249 2142 282 tempus,
2161 250 2245 279 prout
2263 244 2305 272 in·
2326 239 2453 273 Ann.D;

35 298 122 331 1414·

15 335 77 361 Hm.
92 337 122 364 5.

163 297 250 328 prout
262 288 354 319 decet.

197 327 232 358 In
247 328 342 364 cujus,
360 324 420 354 &c.

234 363 323 396 Teste
337 361 419 400 Rege
433 359 507 401 apud
523 357 798 400 Wstmonallerium,
814 359 889 390 xxvi.
902 358 948 389 die
959 358 1045 398 Junii.

159 518 217 550 Pro
240 507 421 558 quibusdam
442 506 479 541 de
500 511 620 551 Scoti'a,
648 518 733 553 penes
751 505 935 553 presentiam
959 509 1045 554 Regis
1067 510 1212 539 venturis.

13 604 90 637 Ann.
106 601 148 633 D.

34 650 121 681 1414.

14 686 67 712 An.
82 691 108 708 2.

14 725 49 750 H.
67 727 94 755 5.

16 764 83 787 Scor.
101 766 133 795 π..Δ

17 800 51 824 Η.
72 804 98 831 5.

16 844 54 862 m.
71 832 113 860 18.

18 872 38 891 ²*
60 872 113 900 IX.

24 911 86 946 146.

46 3729 61 3744 ⁸
83 3727 136 3755 IX.

45 3774 122 3833 liii-13.
136 3801 177 3832 D.

66 3850 153 3880 1414.

45 3883 98 3907 An.
119 3890 144 3906 2.

47 3921 82 3945 H.
102 3927 128 3953 5.

67 3955 131 3984 lbid.

155 1479 265 1536 ,ΚΕ

101 1626 108 1632 ’
154 1664 160 1670 ,
178 1641 228 1662 mae
244 1630 323 1661 Felde
336 1630 447 1661 Decani
461 1625 691 1664 Herefordenfis,
709 1627 741 1657 ὃ(

227 595 308 634 EX,
325 603 373 632 per
385 594 491 626 Literas
504 594 561 627 suas
571 593 715 630 Patentes‚
733 593 817 630 usque
829 592 959 623 Primum
975 588 1063 622 Diem
1079 591 1197 631 Augusti
1207 615 1217 630 ,

245 634 378 674 proximo
392 633 536 669 futurum,
553 632 709 668 duraturas,
728 630 843 669 suscepit
858 632 888 660 in
903 631 1115 661 Proteo-ionem
1129 632 1216 669 suam,

163 682 196 703 ac
210 669 315 704 salvum
329 672 361 702 &
373 671 501 706 securum
515 670 702 700 ConduRum
717 669 814 707 suum,
832 679 945 699 necnon
959 669 1058 698 salvam
1079 667 1216 699 Cardiam

165 710 399 749 suamspeciales,
418 708 564 739 Robertum
583 706 722 737 Maxwell
734 707 770 737 de
793 707 889 738 Scotia
906 708 1029 737 Militem
1042 730 1051 744 ,
1070 707 1102 736 δι’
1122 707 1216 745 Magi-

167 749 255 780 strum
266 747 411 779 Robertum
424 747 457 776 de
476 750 576 786 Lanyn
592 746 776 784 Praepositum
791 742 922 776 Ecclesiae
935 746 1030 777 Sancti
1048 745 1165 776 Andreae
1185 747 1215 775 in

167 788 277 824 Scotia,
291 788 320 816 in
336 786 473 824 Regnum
495 785 582 824 Regis
595 785 720 824 Angliae,
739 794 787 823 per
802 784 975 814 Dominium
995 784 1027 813 &
1046 782 1218 814 Potestatem

165 826 227 864 sua,
244 834 300 855 tam
314 834 363 862 per
376 824 513 859 Terram,
531 824 616 863 quam
631 833 681 861 per
695 822 793 861 Mare,
810 832 878 852 cum
892 826 905 839 '⁶
921 821 1098 851 Hominibm
1112 822 1218 852 &Ser-

168 865 309 895 vientibus
328 863 396 900 suis,
420 871 478 893 tam
500 861 667 902 Equitibus,
685 862 773 898 quam
796 859 956 896 peditibus,
981 867 1036 888 tam
1062 869 1110 896 per
1131 859 1218 889 Villas

169 902 321 940 Firmatas,
337 902 421 940 quarn
438 896 520 938 alibi,
539 900 622 939 usque
638 897 673 930 ad
694 898 863 929 Numerum
884 897 1013 934 Triginta
1035 895 1219 929 Personarum

165 943 196 972 in
209 940 353 971 Comitiva
369 940 429 977 sua,
448 948 532 977 penes
543 938 692 970 Personam
710 935 811 975 Regi÷‚
830 937 911 965 certis
932 933 967 965 de
982 934 1086 973 caufis,
1104 938 1220 967 venien-

165 980 205 1011 do
217 1001 227 1018 ,
246 979 350 1013 ibidem
369 977 524 1016 morando,
543 979 576 1009 δε
589 977 689 1007 exinde
704 974 739 1004 ad
754 976 866 1016 propria
878 973 1041 1012 redeundo,
1057 985 1090 1005 ac
1106 976 1220 1015 Equos,

169 1018 249 1055 Res,
268 1016 418 1052 Hernefia,
436 1017 468 1046 &
484 1015 562 1046 Bona
576 1015 621 1044 sua
632 1022 839 1052 quaecumque,

205 1055 323 1086 Proviso
336 1055 444 1091 semper
457 1053 536 1093 quod
555 1052 641 1083 iidem
653 1074 662 1090 ,
681 1050 843 1089 Robertus,
859 1049 919 1086 ὠς.
939 1058 970 1080 ut
988 1053 1017 1080 in
1034 1052 1166 1082 similibus
1185 1052 1217 1084 de

169 1094 307 1130 Condublu
328 1095 441 1130 Literis-
586 1127 588 1129 ‚

207 1130 297 1164 Teste
312 1131 393 1170 Rege
407 1128 481 1168 apud
498 1126 754 1170 Wstmonasterium
765 1151 774 1167 ,
793 1128 888 1159 xxviii.
903 1127 949 1157 die
959 1127 1047 1166 Junii.

848 1207 901 1235 Per
918 1204 999 1244 ipfiem
1017 1207 1121 1243 Regem.

172 1345 223 1380 De
245 1342 431 1385 Trafz‘ando,
460 1352 530 1374 cum
555 1336 819 1382 Ambaffiatoribus
845 1340 932 1384 Regis
957 1334 1081 1382 castelle
1098 1364 1109 1381 ,
1138 1340 1229 1386 fitper

446 1387 565 1424 Litibus
587 1392 675 1421 motis
697 1387 749 1420 vel
767 1386 930 1419 movendis.

273 1478 320 1517 X,
338 1477 500 1514 Omnibus,
517 1470 551 1505 ad
566 1484 654 1514 quOS,
670 1472 730 1506 &c.
748 1471 881 1505 Salutem.

295 1518 392 1547 Sciatis
408 1515 486 1554 quod
500 1513 583 1550 Nos,

217 1555 266 1586 De
283 1555 439 1592 Fidelitate,
457 1551 719 1589 Circumspeetione
732 1574 741 1589 ,
766 1551 799 1581 &
820 1549 970 1588 Industria,
988 1549 1178 1592 dilefi’mrum,
1198 1554 1233 1586 ὃς

180 1594 303 1625 fidelium
325 1592 503 1628 nostrorum,
520 1590 644 1629 Joannis
663 1589 767 1618 Blount
786 1588 903 1627 Militis,
924 1589 1145 1630 Magistrorum,
1163 1593 1234 1622 Tho..

757 1625 897 1664 Johannis
914 1630 1018 1658 Bordin
1032 1630 1231 1662 Archidiaconi

179 1670 382 1708 Moduffenfis,
409 1670 439 1699 in
461 1667 584 1698 Eccleiia
603 1665 815 1704 Burdegalensi,
833 1667 948 1704 Legum
974 1667 1156 1708 Do&orum,
1175 1670 1234 1710 ple-

177 1709 240 1740 nius
252 1708 440 1746 confidentes,
459 1739 462 1742 ,

211 1747 287 1787 Ipsos
300 1747 389 1784 Tres,
404 1745 449 1776 vel
467 1744 550 1775 Duos
563 1753 679 1781 eorum,
698 1740 844 1780 Fecimus,
860 1740 1080 1784 Ordinavimus,
1099 1745 1132 1777 &
1149 1745 1232 1777 Con-

177 1784 332 1824 stituimus,
351 1795 383 1815 ac
399 1785 543 1821 Facimus,
562 1781 749 1820 ordinamus,
766 1782 799 1812 ὃς
821 1780 1028 1814 Constituimus
1043 1794 1091 1821 per
1108 1784 1235 1817 Praesen-

176 1833 217 1856 tes
253 1824 361 1855 nostros
377 1823 591 1853 Ambaffiatores
605 1821 637 1851 ὃ(
653 1819 687 1850 N
691 1820 788 1850 uncios
805 1818 946 1858 speciales,

172 1876 174 1878 ’
214 1848 374 1894 flantes&
396 1860 595 1892 Concedentes
618 1858 720 1888 eildem
743 1858 967 1897 Austoritatem,
992 1859 1182 1899 Potestatem,
1199 1872 1232 1893 ac

175 1900 350 1933 Mandatum
371 1899 508 1939 speciale,
534 1898 566 1927 ad
589 1896 848 1934 Conveniendum,
872 1896 1028 1936 Standum,
1056 1898 1233 1931 Communi-

173 1939 317 1976 candum,
334 1937 544 1973 Tradiandum,
563 1935 844 1973 Appuntstumdum,
860 1935 892 1964 δε
903 1934 1147 1967 Concordandum
1164 1949 1234 1969 cum

176 1976 447 2014 Ambaffiatoribus,
467 1972 691 2011 Commisiariis,
710 1973 858 2010 Deputatis
870 1996 878 2009 ,
897 1974 941 2004 seu
959 1974 991 2004 N
996 1976 1097 2013 unciis,
1115 1976 1236 2007 Serenis-

175 2016 239 2047 simi
263 2015 422 2053 Principis,
447 2017 525 2050 Regis
544 2011 665 2051 Castellae
688 2010 725 2044 ὄψ’
752 2014 892 2049 Legionis,
915 2011 1123 2053 Consanguinei
1144 2015 1234 2046 nostri

175 2052 329 2124 ffiriffimi,
344 2052 530 2120 ἱὲυΗὶἱ-εἰςηςεῑη
545 2059 577 2080 ex
599 2059 675 2089 parte
697 2049 741 2079 sua
758 2050 928 2080 Potestatem
953 2051 1136 2092 habentibus,
1154 2053 1234 2093 super

217 2102 306 2124 aterus
319 2102 348 2122 in
363 2101 389 2121 ra
402 2101 441 2121 cri
463 2099 494 2119 tis

212 2131 250 2161 Et
271 2129 421 2168 specialiter
444 2101 479 2159 {d
500 2112 701 2165 'Audiendum
729 2123 988 2167 cognoscendum,
1012 2127 1235 2170 Decidendum,

175 2169 212 2202 &
232 2169 286 2200 fine
299 2167 397 2199 debito
410 2166 657 2204 Terminandum,
676 2166 823 2196 summarie
839 2165 871 2197 &
884 2166 919 2197 de
934 2168 1034 2206 plano,
1050 2169 1107 2199 sine
1123 2169 1234 2207 strepitu

177 2208 213 2238 &
234 2207 320 2246 figura
339 2206 463 2245 judicii,
481 2204 535 2236 una
558 2214 626 2234 cum
647 2203 913 2245 Ambaffiatoiibus,
934 2205 1154 2246 Commiffiriis,
1175 2208 1236 2238 De—

198 2247 296 2285 utatis,
315 2245 360 2275 seu
374 2243 497 2275 Nunciis
510 2241 703 2283 Consanguinei
720 2242 801 2283 nostri
809 2242 951 2282 praedidi,
968 2254 1070 2275 omnes
1092 2246 1124 2276 δε
1144 2247 1231 2285 singu-

188 2294 217 2315 as
231 2283 308 2315 Lites
319 2283 365 2314 seu
379 2281 496 2320 Causas,
511 2292 599 2312 motas
614 2281 656 2312 vel
672 2282 840 2320 movendas,
861 2292 908 2317 per
924 2282 1111 2321 quascumque
1137 2285 1235 2316 Perso-

180 2332 245 2360 nas,
264 2331 320 2353 tam
339 2318 507 2360 Regnorum
533 2321 566 2352 &
585 2320 788 2349 Dominiorum
811 2319 989 2359 nostrorum,
1007 2323 1092 2359 quam
1116 2322 1237 2361 Regno-

179 2370 245 2392 rum
266 2362 298 2392 ὅ(
322 2359 528 2390 Dominiorum
548 2358 628 2398 nostri
647 2357 839 2426 Corfisanguinei
860 2359 1027 2399 supradicti,
1051 2361 1085 2392 de
1106 2362 1138 2392 &c
1157 2356 1236 2400 super

181 2400 314 2429 omnibus
333 2399 365 2429 ὃς
387 2398 496 2436 singulis
519 2396 668 2434 Roberiis,
714 2398 810 2434 medis,
828 2397 971 2435 Marchis,
990 2398 1237 2439 Contramarchis,

180 2437 228 2469 seu
242 2437 299 2468 aliis
314 2435 501 2474 Captionibus
515 2435 755 2474 quibuscumque,
773 2435 852 2466 fadis
865 2436 919 2466 live
936 2437 1093 2474 perpetratis
1107 2440 1238 2478 perquas-

185 2485 310 2513 cumque
334 2475 482 2513 Personas,
501 2473 632 2505 Subditos
652 2474 684 2504 &
705 2471 839 2504 Vaffiillos
857 2476 995 2512 utriusque
1016 2476 1185 2515 Regnorum
1204 2479 1236 2509 ὅ(

184 2513 391 2545 Dominiorum
416 2514 614 2550 praedielorurn
634 2536 643 2551 ,
689 2521 766 2542 raeter
789 2513 822 2543 &
843 2522 943 2543 contra
968 2514 1094 2544 formam
1114 2514 1239 2555 Treuga-

185 2562 265 2591 rum,
282 2553 354 2582 inter
369 2550 468 2590 Regna
485 2551 596 2590 Angliae
611 2552 643 2582 ὃ(
659 2521 789 2581 ἇᾱίὶεῆπ
801 2551 833 2581 ὃ(
856 2551 990 2590 Legionis
1005 2553 1068 2584 alias
1090 2553 1219 2584 initarum
1229 2578 1239 2593 ,

184 2592 254 2621 citra
268 2599 377 2630 tempus
390 2600 447 2628 quo
465 2598 576 2628 regnare
599 2590 720 2635 incepit,
739 2590 854 2620 celebris
875 2590 1089 2629 recordationis,
1109 2595 1240 2623 Henrt'cur
1282 2590 1300 2620 P

185 2638 266 2668 nuper
283 2631 342 2658 Rex
355 2627 476 2668 Castellae
491 2627 528 2664 ώ-
548 2631 691 2665 Leg10n15,
709 2627 806 2664 Pater,
829 2627 1037 2667 Conlanguinei
1059 2630 1147 2660 nostri
1169 2641 1239 2668 pra:-

184 2668 273 2706 dieti,
291 2670 369 2704 Regis
381 2665 502 2735 welhe
516 2664 553 2701 ὠ
570 2669 694 2704 Legionis
709 2666 853 2704 Moderni,
871 2670 955 2704 ulque
968 2668 1001 2697 ad
1014 2669 1089 2698 diem
1106 2669 1237 2700 Purifica-

184 2707 271 2737 tionis
284 2706 371 2736 beatae
424 2706 488 2735 ariae
502 2705 603 2736 ultimo
624 2705 794 2741 praeteritum
817 2704 949 2735 inclusive
966 2717 975 2743 3
993 2705 1026 2736 ln
1051 2717 1105 2745 qua
1127 2708 1240 2745 quidem

183 2744 231 2775 die
246 2744 369 2780 Treugae
384 2743 544 2781 praedidiae,
564 2745 634 2773 inter
648 2744 705 2772 Nos
718 2744 749 2773 δε
765 2742 992 2783 Censauguineum
1008 2745 1123 2784 nostrum
1139 2747 1240 2786 praedi-

183 2782 265 2813 itum
280 2782 446 2820 jampridem
460 2783 536 2812 initae
550 2782 582 2812 ὃ(
598 2781 732 2818 firmatae,
750 2781 829 2811 suum
846 2783 957 2811 initium
974 2783 1145 2822 habuerunt,

222 2821 268 2852 Ac
284 2821 367 2850 etiam
382 2820 458 2851 de&
471 2821 548 2859 super
563 2820 802 2858 quibuscumque,
818 2820 929 2850 forsitan
943 2820 1240 2864 haetenusAttempta-

189 2860 223 2891 tis
241 2858 391 2894 hincinde,
411 2867 509 2888 contra
522 2858 650 2895 Treugas
663 2858 821 2896 hujusmodi
832 2861 888 2896 jam
904 2860 1067 2898 praesentes,

225 2897 356 2928 Necnon
376 2896 547 2927 Sententiam
563 2896 618 2926 sive
638 2896 809 2933 Sententias,
826 2897 854 2926 in
871 2897 982 2928 Litibus
1002 2899 1058 2929 five
1078 2898 1174 2931 Caufis
1189 2901 1242 2932 hu-

184 2935 323 2974 jusmodi,
340 2936 522 2966 concorditer
535 2934 755 2972 proferendum,

222 2973 400 3013 Ulteriusque
413 2973 585 3004 Faciendum
595 2995 604 3010 ,
622 2971 837 3011 Exercendum,
856 2973 888 3004 &
905 2973 1119 3013 Expediendum
1133 2987 1196 3016 quae
1211 2979 1241 3008 in

188 3010 334 3049 praemiffis
349 3012 393 3042 vel
408 3013 481 3042 circa
496 3022 528 3042 ea
542 3010 689 3041 necessaria
711 3011 810 3041 fuerint
832 3011 876 3041 seu
892 3013 1109 3050 quomodolibet
1123 3025 1241 3054 oportu-

189 3059 225 3081 na
259 3049 340 3079 etiam
355 3050 374 3080 sl
389 3049 559 3083 Mandatum
573 3050 608 3080 de
622 3050 646 3080 se
664 3050 749 3088 magis
765 3050 873 3087 exigant
888 3051 1018 3090 speciale,

227 3071 441 3125 Promittentes,
461 3089 489 3117 in
510 3089 598 3118 verbo
620 3089 713 3126 regie,
732 3098 783 3117 nos
806 3089 933 3126 Ratum,
959 3089 1099 3129 Gratum,
1125 3091 1157 3124 ὃ(
1180 3092 1241 3123 Fir-

190 3135 298 3169 mum,
321 3132 374 3163 pro
389 3134 548 3192 {mpetum
572 3126 714 3157 babituros
737 3127 872 3165 quicquid
899 3138 946 3164 per
974 3128 1189 3161 Anibaffiatores
1208 3134 1242 3164 ὃς

191 3164 328 3195 Nuncios
348 3173 386 3192 no
414 3173 458 3192 ros
474 3165 637 3201 praedic‘tos,
656 3165 699 3194 vel
719 3164 800 3194 Duos
823 3175 937 3202 eorum,
956 3168 1011 3197 una
1033 3178 1100 3197 cum
1125 3170 1241 3200 Ambas-

190 3203 348 3239 stateribus,
373 3199 593 3240 Commiss‘ariis,
620 3202 783 3241 Depuratis,
802 3203 847 3233 seu
871 3204 996 3234 Nunciis
1018 3206 1181 3245 antedit‘tis,
1202 3210 1242 3239 A-

190 3241 287 3278 ἀοι-η,
305 3238 447 3276 Gestu'm,
472 3237 674 3278 Conventum,
700 3238 916 3272 Concordatum
927 3265 935 3280 ,
963 3243 1151 3283 Promissutn,
1184 3247 1243 3277 Fir-

191 3287 316 3316 matutn‚
336 3278 381 3307 vel
396 3277 627 3315 Appuntstuatum
643 3278 726 3309 fuerit
741 3280 767 3308 in
783 3279 946 3319 Praemiffis,
966 3284 998 3312 ὃς
1021 3283 1144 3320 quolibet
1166 3285 1244 3316 Prae—

191 3317 355 3352 missorum,
370 3316 497 3354 &illud,
515 3315 695 3346 effe&u³liter
717 3317 750 3347 ὃς
773 3318 849 3349 bona
871 3319 940 3357 fide,
960 3321 1014 3350 sine
1034 3322 1121 3359 aliqua
1142 3323 1244 3362 decep-

190 3357 286 3423 tionei,
302 3362 436 3399 quantum
450 3354 484 3384 ad
505 3353 575 3383 Nos
588 3355 703 3391 attinet,
720 3355 837 3386 facimus
856 3357 1024 3388 Executioni
1059 3360 1162 3391 debitae
1181 3362 1245 3393 De-

190 3404 256 3425 man
277 3403 324 3424 ari.

227 3432 259 3463 In
276 3432 353 3468 cujus
366 3432 405 3461 rei
420 3429 633 3461 Testimonium
648 3430 695 3460 has
711 3431 817 3462 Literas
831 3432 936 3464 nostras
949 3433 1025 3473 fieri,
1041 3435 1073 3466 &
1088 3436 1189 3477 Magni
1203 3440 1245 3470 Si-

190 3471 248 3512 gilli
261 3468 349 3499 nostri
366 3470 525 3500 munimine
538 3468 657 3498 fecimus
672 3469 806 3499 roborari.

230 3508 297 3540 Dat.
311 3512 342 3538 in
357 3506 468 3538 Palatio
486 3510 563 3545 Regis
581 3506 819 3547 Wstmonasterii,
836 3508 959 3540 secundo
973 3510 1018 3540 die
1029 3509 1107 3550 Julii.

827 3586 880 3615 Per
896 3584 977 3625 ipficm
994 3590 1098 3625 Regem.

193 3709 220 3737 ’ἓ
231 3713 281 3745 De
289 3709 459 3744 Trafflando
469 3737 480 3754 ,
504 3723 573 3744 cum
593 3708 700 3756 eifilem
710 3738 719 3752 ‚
729 3710 819 3756 [ἦρεν
830 3710 1034 3758 Prorogat'ione
1042 3716 1243 3762 Treugarum.

194 3794 317 3852 REX
336 3795 498 3833 Omnibus,
511 3796 545 3826 ad
560 3806 649 3835 qum,
667 3797 728 3827 &c-
753 3795 884 3827 Salutem.

283 3835 385 3864 *Sciatis
397 3835 475 3874 quod
494 3834 577 3871 Nos,

231 3868 279 3900 De
293 3869 449 3910 Fidelitate,
472 3872 531 3907 &4
557 3880 588 3902 ut
601 3872 686 3911 supra
700 3871 780 3913 ‘usque
801 3872 854 3910 ibi,
871 3872 904 3902 ad
925 3872 1184 3914 Conveniendum,
1204 3874 1242 3911 ῤ’

193 3916 257 3938 tunc
269 3907 308 3948 fic
322 3931 332 3946 ,
356 3908 658 3949 Communicandum,
683 3911 897 3949 Trafflndum,
923 3914 955 3942 &
983 3912 1242 3951 Appunt‘handum

192 3956 260 3991 cum
276 3945 541 3990 Ambaffiatoribus,
557 3948 779 3986 Commiss‘iriis,
794 3949 938 3988 Deputatis
971 3950 1016 3981 seu
1035 3951 1069 3982 N
1072 3954 1159 3982 unciis
1194 3954 1242 3984 Se-

192 3984 324 4028 renJffimi
338 3985 491 4023 Principis,
507 3987 714 4027 Regisssastellae
727 3986 763 4022 (ἂν
774 3990 913 4026 Legionis,
931 3972 1139 4029 &onlanguinei
1155 3975 1241 4021 riostri

189 4022 524 4094 carialsim½<111elsslc³sulp1er
538 4025 740 4065 Prorogatione
755 4025 951 4066 Tieugarum,
969 4027 1039 4059 inter
1054 4029 1114 4058 Nos
1128 4028 1242 4069 Regna-

268 4072 331 4092 vme.
391 4084 397 4091 .
441 4084 448 4091 .
501 4084 508 4092 .

1260 291 1299 312 ter
1315 283 1405 313 dictos
1420 281 1653 319 Ambaffiatores,
1671 282 1900 320 Commiffarios,
1920 280 2093 321 Deputatos‘‚
2112 280 2156 311 seu
2172 280 2206 310 N
2210 282 2307 310 uncios
2342 288 2426 319 1414.

1258 322 1403 350 ambarum
1417 319 1541 351 Partium
1550 341 1560 356 ,
1578 320 1680 356 poterit
1694 320 1876 357 concordari,

1296 360 1341 389 Ac
1357 360 1440 388 etiarn
1454 358 1488 388 ad
1502 357 1611 387 insimul
1634 357 1893 398 Appundmandum
1913 358 1944 387 &
1965 356 2210 387 Ooncordandum
2232 354 2310 394 super

1259 399 1339 427 certis
1352 397 1397 426 die
1412 398 1444 426 &
1463 397 1546 426 Loco
1556 417 1566 432 ,
1581 395 1614 425 ad
1631 406 1694 432 quae
1707 396 1861 426 solempnes
1870 394 2083 425 Ambaffiatores
2095 395 2249 424 cowenire
2258 404 2310 431 po-

1260 443 1369 472 terunt,
1385 434 1418 464 ad
1435 434 1628 464 Trassiandum
1653 433 1762 463 ulterius
1785 443 1851 463 cum
1872 433 2119 464 Ambassiatoribus
2142 432 2228 462 Partis
2242 433 2311 461 alte-

1259 474 1328 510 rius,
1348 482 1403 502 tarn
1418 472 1495 511 super
1509 470 1635 507 Treugis
1650 471 1857 509 Longioribus,
1872 472 1955 509 quam
1964 471 2041 509 super
2052 471 2212 510 Alligantia,
2232 469 2312 499 Ami-

1257 511 1333 540 citiae
1350 510 1486 545 Foedere‚
1503 514 1536 539 ac
1556 508 1629 538 Pace
1650 509 1740 546 finali,
1763 510 1870 539 meliori
1892 509 1981 539 modo
2002 519 2060 548 quo
2081 509 2138 539 fieri
2161 516 2293 547 poterunt

1261 549 1412 585 Capiendis
1426 558 1457 578 ac
1473 549 1557 578 etiarn
1572 546 1788 577 Contrahendis.

1297 586 1479 654 §rJltssriusqtiie
1493 585 1682 623 Faciendum,
1700 583 1932 622 Excercendum,
1949 582 2009 618 &a
2024 591 2055 614 ut
2068 584 2155 623 supra.

1330 634 1346 655 e
1372 635 1387 655 e
1404 634 1434 655 ut
1461 634 1536 662 upra.

2321 325 2384 348 Hm.
2400 328 2429 355 5.

1913 662 1966 690 Per
1984 661 2064 699 ipsum
2083 663 2184 697 Regem.

1459 791 1509 822 De
1535 791 1673 822 Licentia
1694 784 1888 822 Traducendi
1912 788 2093 833 Peregrinos.

1265 871 1403 931 REX,
1424 873 1585 910 Omnibus,
1602 874 1636 904 ad
1653 884 1744 912 quos,
1761 874 1821 904 &e
1846 873 1980 904 Salutem.
2335 870 2410 901 Ann.
2424 868 2466 902 D«

1327 951 1331 955 ι
1356 913 1454 942 Sciatis
1471 912 1548 950 quod
1565 912 1764 943 Conceffimus
1782 913 1815 943 δε
1836 912 1995 942 Licentiam
2020 904 2175 945 Dedimus,
2199 906 2317 939 Dileeto
2344 918 2441 947 ‚1414.

1263 950 1362 988 nobis,
1381 950 1511 988 Johanni
1524 950 1625 990 Ruffell
1640 950 1676 981 de
1702 951 1807 989 Fowy,
1824 949 1964 989 Magistro
1979 948 2034 978 live
2055 947 2206 978 Possessbri
2228 948 2317 984 cujus·
2332 950 2381 976 Aa.
2403 958 2431 976 2.

1264 987 1330 1017 dam
1352 989 1444 1019 Navis
1465 999 1574 1019 vocatae
1596 989 1621 1019 la
1636 989 1732 1028 james
1747 988 1782 1018 de
1796 988 1905 1027 Fowy,
1923 986 2001 1027 quod
2025 987 2080 1025 ipse
2103 986 2317 1024 Quiquaginta
2332 989 2359 1012 H
2388 995 2416 1021 5.

1264 1024 1428 1066 Peregrinos
1444 1028 1472 1057 in
1491 1027 1571 1058 Navi
1584 1027 1718 1066 praedie‘ia
1732 1028 1871 1067 recipere,
1887 1027 1920 1056 &
1939 1035 1988 1055 eos
2009 1024 2100 1054 versus
2120 1023 2322 1091 Sandiumkla·
2372 1022 2439 1051 lbid.

1266 1068 1376 1096 cobutn
1392 1065 1531 1103 Galiciae,
1549 1066 1582 1096 ad
1598 1076 1665 1096 vota
1679 1065 1724 1096 sua
1741 1066 1846 1095 ibidem
1864 1063 2046 1102 perficienda,
2065 1064 2096 1093 δε
2111 1062 2210 1092 abinde
2225 1063 2251 1090 in
2294 1072 2322 1092 e-
2342 1071 2379 1091 m.
2390 1070 2435 1097 ²3-

1289 1113 1356 1133 num
1378 1104 1506 1134 nostrum
1519 1103 1631 1142 Angliae
1645 1107 1792 1141 reducere,
1810 1103 1893 1142 possit
1915 1102 2001 1132 libere
2023 1102 2055 1131 &
2077 1102 2213 1139 impune,
2230 1100 2327 1139 aliqui-

1291 1153 1319 1171 us
1333 1141 1582 1180 Ordinationibus,
1602 1143 1630 1172 in
1646 1143 1816 1172 contrarium
1832 1141 1927 1179 factis,
1945 1150 2004 1170 non
2019 1139 2208 1176 obstanzibus,

1309 1179 1486 1210 Dumtamen
1503 1179 1645 1218 Peregrini
1662 1180 1700 1210 illi
1720 1180 1755 1209 de
1771 1180 1908 1210 Amicitia
1923 1180 1954 1209 ὅτ.
1971 1177 2143 1208 Obedientia
2156 1177 2255 1206 nostris
2271 1177 2328 1207 exi-

1269 1216 1359 1255 stant,
1376 1218 1407 1247 &
1424 1217 1503 1254 quod
1527 1218 1637 1248 Aurum
1652 1218 1697 1248 vel
1714 1219 1886 1257 Argentum,
1902 1219 1930 1246 in
1947 1216 2036 1246 Massa
2050 1216 2094 1246 seu
2119 1216 2254 1253 Moneta,
2274 1225 2326 1245 co-

1270 1256 1330 1285 lore
1344 1256 1482 1292 praesentis
1496 1256 1633 1286 Licentiae
1640 1256 1760 1294 nostrae,
1777 1265 1876 1286 contra
1891 1256 1996 1285 Statura
2009 1256 2042 1285 ὃς
2055 1254 2253 1285 Ordinationes
2269 1252 2331 1284 Re—

1272 1294 1321 1332 gni
1335 1292 1441 1331 nostri,
1458 1294 1552 1323 secum
1567 1303 1626 1323 non
1641 1294 1765 1324 deferant
1781 1295 1882 1332 quovis
1899 1293 1998 1323 modo.

1312 1331 1346 1362 In
1366 1333 1462 1368 cujus,
1480 1332 1541 1362 &c.

1348 1369 1436 1400 Teste
1450 1369 1533 1409 Rege
1549 1369 1622 1407 apud
1638 1368 1894 1410 Wistmonasterium
1903 1389 1913 1407 ,
1933 1369 2018 1399 tertio
2032 1368 2077 1399 die
2088 1367 2163 1406 Julii.

1461 1495 1520 1526 Pro
1542 1489 1702 1526 Fratribus
1726 1496 1889 1527 Minorum
1912 1490 1947 1523 de
1970 1490 2129 1539 Llamaysi.

1278 1580 1362 1636 RE
1371 1578 1608 1650 'nzfifflssss'sszz
1619 1579 1759 1657 Ἧὲἓὲἓῗ
1778 1577 1996 1648 {wigii-¹.
2010 1615 2039 1643 in
2065 1612 2198 1652 christo,
2223 1615 2335 1644 prm..
2354 1586 2474 1662 Age-¹³2

1276 1656 1388 1688 Ordinis
1405 1661 1534 1688 Fratrum
1551 1660 1690 1687 Minorum
1708 1657 1822 1695 qualiter
1844 1655 1959 1684 Domus
1981 1652 2110 1683 Fratrum
2133 1651 2284 1682 Minorum
2300 1652 2334 1682 de
2349 1669 2400 1693 Aa.
2417 1637 2455 1693 24,-

1277 1695 1433 1737 Llamaysi,
1464 1697 1534 1726 infra
1556 1695 1675 1725 Insulam
1694 1695 1823 1727 nostram
1842 1691 2022 1731 d'Anglesey,
2039 1692 2066 1720 in
2085 1690 2275 1720 Northwallia
2295 1691 2334 1727 (in
2354 1708 2388 1730 H.
2409 1712 2435 1738 5,

1276 1744 1330 1772 qua
1351 1736 1465 1773 quidem
1489 1734 1593 1764 Domo
1608 1734 1750 1764 Divinum
1770 1733 1921 1763 Servitium
1935 1754 1945 1769 ,
1963 1731 1999 1760 ab
2019 1730 2135 1766 antiquo
2155 1729 2272 1759 honeste
2296 1730 2336 1759 fa-
2351 1745 2408 1769 PM,
2430 1749 2457 1769 2,

1278 1774 1359 1803 etum
1377 1773 1429 1803 fuit
1449 1775 1482 1804 δε
1505 1773 1643 1807 usitatum)
1663 1782 1708 1812 per
1732 1771 1930 1801 Rebellionem
1945 1768 2130 1798 Wallenlium
2152 1767 2185 1797 &
2208 1767 2336 1807 occafione
2350 1784 2384 1808 H·
2400 1788 2428 1814 5·

1276 1811 1470 1849 Guerrarum,
1487 1811 1592 1840 ibidem
1605 1811 1664 1848 jam
1679 1811 1755 1840 tarde
1771 1810 1904 1840 sac'iarum
1929 1807 1962 1837 &
1982 1807 2223 1845 continuatarum,
2243 1807 2334 1835 totali·
2351 1825 2374 1855 p·
2397 1828 2422 1845 Ζ.

1277 1858 1318 1880 ter
1330 1850 1465 1888 desolata,
1483 1850 1516 1879 &
1529 1848 1707 1889 Obsequium
1720 1848 1862 1880 Divinum
1877 1848 1905 1877 in
1920 1845 2016 1876 eadem
2037 1844 2209 1875 diminutum
2224 1846 2256 1876 &
2269 1844 2334 1874 sub·
2352 1865 2388 1884 m·
2408 1863 2454 1890 29„

1276 1889 1414 1927 uastum,
1433 1887 1570 1925 existunt,
1651 1888 1654 1891 '
1813 1903 1816 1906 ·

1315 1927 1398 1966 Nos,
2176 1955 2179 1958 ,

1316 1963 1531 1996 Conliderantes
1550 1965 1630 2006 quod
1646 1961 1763 1996 Domus
1777 1963 1910 2003 praedicta
1924 1962 1959 1993 de
1980 1960 2156 1992 Fundatione
2169 1960 2337 1998 Progenito-

1279 2011 1342 2035 rum
1365 2004 1545 2041 nostrorum,
1564 2004 1710 2043 quondam
1730 2003 1846 2042 Regum
1868 2002 1996 2040 Angliae,
2015 2002 2046 2031 ὃς
2063 2001 2162 2029 nostro
2184 1998 2337 2041 Patronatu

1278 2042 1385 2078 existit,
1404 2044 1437 2073 ὃς
1453 2043 1576 2074 similiter
1591 2043 1669 2081 quod
1686 2044 1714 2072 in
1733 2043 1830 2073 eadem
1849 2041 1953 2071 Domo
1967 2040 2079 2075 Corpus
2092 2046 2148 2067 tam
2169 2036 2245 2066 Filiae
2260 2040 2337 2074 Regit

1278 2080 1420 2119 Johannis
1446 2080 1634 2119 progenitoris
1655 2080 1742 2111 nostri
1756 2103 1765 2118 ‚
1793 2081 1880 2119 quam
1906 2078 1965 2108 Filii
1989 2079 2065 2114 Regis
2088 2078 2202 2112 Daciae,
2223 2086 2337 2105 necnon

1270 2119 1410 2159 'Corpora
1423 2122 1533 2150 Domini
1551 2119 1584 2149 de
1605 2117 1736 2160 Clyffi2rt,
1755 2120 1788 2150 &
1811 2119 1931 2148 aliorum
1954 2115 2171 2151 Dominorum,
2189 2113 2336 2152 Militum,

1279 2160 1312 2189 &
1330 2159 1566 2197 Armigerorum,
1589 2169 1637 2198 qut
1654 2159 1683 2187 in
1707 2157 1827 2187 Guerris
1847 2155 1977 2191 Walliae,
1995 2153 2166 2190 temporibus
2185 2151 2337 2183 Illustrium

1278 2196 1499 2235 progenitorum
1514 2196 1695 2234 nostrorum,
1713 2197 1798 2226 occili
1812 2196 1920 2225 fuerant
1930 2216 1939 2230 ,
1953 2192 2065 2229 Sepulta
2079 2190 2215 2228 existunt,

1317 2235 1362 2265 Ac
1379 2235 1503 2265 volentes
1516 2235 1632 2272 proinde
1647 2235 1800 2265 Servitium
1823 2233 1966 2264 Divinum
1987 2232 2013 2260 in
2032 2229 2141 2271 praefata
2156 2228 2259 2259 Domo
2278 2238 2338 2260 ma-

1278 2274 1403 2304 nuteneri
1420 2274 1571 2305 &ibidem
1585 2273 1621 2304 de
1635 2281 1739 2303 caetero
1750 2271 1926 2307 continuari,

1323 2311 1537 2350 Conceffimus,
1562 2321 1615 2348 pro
1639 2311 1752 2347 Nobis,
1769 2310 1802 2340 &
1824 2308 1993 2339 Haeredibus
2016 2305 2133 2342 nostris,
2151 2314 2287 2343 quantum
2308 2306 2339 2335 in

1279 2351 1361 2380 nobis
1376 2350 1434 2385 est,
1453 2351 1532 2387 quod
1552 2351 1582 2378 in
1603 2349 1699 2379 eadem
1721 2348 1825 2378 Domo
1847 2347 1898 2377 lint
1919 2347 2125 2382 imperpetuum
2140 2343 2220 2373 Octo
2234 2344 2341 2374 Fratres

1281 2386 1387 2419 ibidem
1411 2387 1518 2418 Divina
1540 2387 1657 2417 Servitia
1681 2386 1861 2423 celebraturi,
1880 2386 1912 2414 &
1936 2383 2052 2419 Deum,
2072 2392 2125 2420 pro
2145 2383 2242 2412 salubri
2265 2382 2343 2413 Statu

1281 2427 1378 2457 nostro
1415 2436 1448 2456 ac
1465 2425 1670 2456 carissimorum
1686 2425 1812 2455 Fratrum
1834 2422 2015 2459 nostrorum,
2033 2422 2066 2452 &
2086 2422 2203 2450 aliorum
2224 2420 2260 2450 de
2272 2421 2341 2452 San-

1280 2466 1365 2505 guine
1382 2449 1415 2496 ἐς
1432 2464 1572 2503 Progenie
1593 2462 1713 2501 nostris,
1731 2464 1764 2493 &
1782 2472 1833 2500 pro
1851 2460 2009 2492 Animabus
2025 2459 2125 2490 nostris
2143 2459 2213 2489 cum
2232 2460 2267 2489 ab
2288 2460 2341 2490 hac

1283 2505 1364 2534 Luce
1379 2504 1603 2542 migraverimuS,
1621 2502 1794 2532 &similiter
1813 2509 1865 2538 pro
1885 2499 2037 2528 Animabus
2054 2498 2072 2516 ³*
2090 2497 2174 2527 Patris
2189 2498 2223 2529 &
2241 2496 2342 2528 Matris

1282 2542 1446 2572 nostrorum
1468 2542 1501 2572 δε
1515 2540 1733 2578 Progenitorum
1750 2539 1929 2575 nostrorum,
1947 2538 1980 2568 ὅ(
2002 2545 2100 2566 eorum
2121 2536 2168 2573 qui
2190 2537 2218 2565 in
2239 2535 2343 2566 Domo

1303 2580 1435 2617 raediffir,
1463 2588 1493 2609 ut
1515 2579 1683 2616 praedidum
1705 2577 1763 2616 est,
1782 2577 1843 2607 sunt
1864 2576 1975 2615 sepulti,
1991 2575 2023 2605 &
2045 2575 2181 2604 omnium
2203 2573 2342 2604 Fidelium

1283 2620 1495 2650 Defunctorum
1503 2640 1512 2655 ,
1531 2619 1669 2647 exoraturi
1685 2618 1893 2656 imperpetuum
1903 2637 1913 2653 ,

1319 2656 1460 2696 Qiorum'
1472 2654 1585 2694 quidem
1600 2655 1682 2685 Οξὶο
1699 2655 1827 2684 Fratrum
1843 2653 1973 2683 volumus
1985 2650 2065 2689 quod
2078 2649 2149 2680 Duo
2163 2649 2215 2680 sint
2228 2650 2263 2682 de
2275 2649 2341 2681 Na-

1282 2698 1361 2728 tione
1376 2695 1508 2725 Wallenli
1518 2718 1527 2732 ‚
1545 2696 1651 2724 ratione
1666 2692 1768 2723 vietus
1791 2693 1827 2722 sui
1844 2692 1877 2722 ὃς
1889 2691 2008 2722 aliorum
2020 2713 2030 2727 ,
2056 2689 2090 2720 ad
2104 2688 2340 2720 Sustentationern

1284 2737 1360 2804 suaIm
1375 2732 1612 2776 necessariorum,
1629 2731 1877 2770 adquirendorum.

1335 2783 1353 2803 n
1374 2781 1453 2810 cujus

1359 2809 1448 2842 Teste

2361 2502 2375 2518 ⁶
2398 2501 2453 2531 IX.

2364 2540 2425 2576 148,

1461 2772 1551 2849 ‚Raecgce
1560 2810 1634 2850 apud
1649 2808 1909 2851 Wstmonasterium
1917 2830 1928 2846 ‚
1943 2807 2026 2838 tertio
2035 2806 2082 2837 die
2092 2804 2169 2845 julii.

1718 2889 1772 2916 Per
1790 2889 1882 2916 Breve
1900 2885 1931 2914 de
1950 2885 2069 2913 Privato
2088 2881 2187 2921 Sigillo.

1345 3023 1394 3054 De
1417 3024 1562 3067 Navigiis
1584 3017 1766 3062 arestandis,
1785 3029 1840 3064 pro
1866 3016 2002 3059 Trarfitu
2024 3012 2291 3057 Ambaffiatorum.

1289 3105 1373 3163 RE
1382 3103 1428 3145 X,
1447 3104 1666 3136 Constabulario
1683 3102 1776 3134 Castri
1799 3102 1838 3133 sui
1862 3099 2033 3138 Dovorriae‚
2053 3100 2085 3130 &
2104 3098 2227 3130 Custodi
2247 3100 2342 3137 Quin·
2359 3113 2426 3144 Arm
2449 3112 2494 3145 D.

1366 3155 1421 3183 que
1433 3144 1573 3175 Portuum
1587 3143 1720 3181 suorum,
1740 3141 1786 3173 vel
1809 3143 1865 3179 ejus
1888 3139 2108 3171 Locumtenenti
2126 3139 2247 3176 ibidem,
2265 3139 2340 3168 Salu-
2379 3137 2466 3192 141‘4·
2484 3137 2493 3147 '

1287 3191 1354 3213 tem.
2359 3195 2400 3218 An
2427 3202 2441 3218 Ζ

1322 3222 1400 3260 Quia
1416 3220 1619 3251 Ordinavimus
1631 3219 1664 3249 &
1682 3215 1983 3257 Affignavimuscertos
1992 3214 2206 3245 Ambasfiatores
2221 3214 2341 3253 nostros,
2361 3234 2388 3256 H
2412 3239 2429 3264 5
2447 3212 2454 3219 ⁶

1295 3266 1388 3290 verius
1403 3260 1499 3290 Partes
1511 3258 1738 3294 Transmartnas,
1756 3267 1808 3297 pro
1824 3256 1906 3285 certis
1920 3254 2054 3292 Negotiis
2067 3252 2167 3283 nostris
2185 3254 2251 3282 inibi
2267 3263 2345 3291 pera-
2362 3250 2446 3304 esau)
2463 3271 2491 3294 2-

1293 3300 1408 3337 gendis,
1427 3300 1454 3327 in
1476 3297 1565 3327 Portu
1582 3295 1663 3326 Villae
1685 3294 1791 3326 nostrae
1809 3293 1845 3324 de
1857 3292 2048 3332 Wynchelse,
2064 3292 2091 3320 in
2107 3293 2238 3331 proximo
2252 3293 2345 3323 tranfi-
2361 3310 2394 3333 H.
2411 3288 2447 3340 ’.ι’
2482 3288 2490 3295 ’

1287 3347 1363 3368 turos
1420 3359 1422 3362 ψ

1325 3357 1415 3405 Vobis
1432 3372 1601 3404 Mandamus
1617 3370 1697 3410 quod
1711 3367 1851 3410 Navigia,
1869 3377 1969 3401 vocata
1984 3367 2144 3405 Paffagers,
2162 3367 2195 3398 &
2217 3366 2266 3399 alia
2290 3369 2346 3400 Va·
2361 3353 2396 3372 Μ’
2415 3343 2457 3371 ¹8'

1287 3414 1330 3451 sa,
1348 3424 1399 3451 pro
1420 3412 1553 3442 Transitu
1574 3411 1772 3449 praedictorum
1793 3408 2046 3445 Ambassiatorum,
2063 3413 2095 3436 ac
2112 3407 2344 3445 Quingentorum

1288 3452 1434 3490 Equorum
1452 3452 1481 3480 in
1496 3451 1642 3480 Comitiva
1655 3449 1716 3486 sua,
1736 3450 1763 3478 in
1777 3446 1910 3477 Portibus
1933 3446 2073 3484 Quinque
2090 3444 2229 3476 Portuum
2245 3447 2344 3485 praedi-

1290 3492 1404 3521 {terum
1418 3488 1574 3526 existentia,
1592 3497 1649 3517 tarn
1674 3488 1744 3517 infra
1767 3487 1938 3522 Libertates,
1957 3486 2040 3523 quam
2061 3492 2148 3522 extra,
2164 3483 2285 3521 arestari,
2308 3484 2342 3514 ὃ(

1286 3528 1400 3559 Roherto
1417 3525 1550 3566 Paffimer
1560 3549 1568 3564 ,
1587 3525 1724 3555 Servienti
1739 3524 1836 3553 nostro
1848 3524 1881 3553 ad
1897 3524 1999 3560 Arma,
2018 3523 2062 3552 seu
2078 3523 2135 3552 aliis
2148 3521 2273 3552 Perlonis
2287 3521 2343 3551 suf-

1288 3566 1461 3602 ficientibus,
1485 3564 1627 3596 deliberari
1653 3563 1772 3600 faciatis,
1791 3563 1825 3592 ad
1846 3572 1877 3592 ea
1892 3584 1900 3598 ,
1926 3561 2017 3590 versus
2041 3560 2150 3590 dicrum
2173 3560 2288 3589 Portum
2305 3559 2344 3590 de

1289 3605 1483 3644 Wynchelse,
1508 3612 1541 3633 ex
1563 3601 1639 3632 causa
1665 3600 1816 3639 praedicla,
1841 3608 1909 3630 cum
1936 3599 2017 3628 omni
2041 3599 2179 3628 celeritate
2203 3597 2342 3636 posfibili,

1289 3641 1522 3674 Conducendum
1536 3640 1568 3670 &
1587 3640 1681 3670 venire
1698 3639 1855 3670 faciendum
1865 3661 1874 3674 ,

1323 3680 1360 3711 Et
1377 3682 1450 3718 hoc,
1469 3680 1536 3709 sicut
1550 3677 1769 3716 Expeditionem
1786 3676 1982 3716 Negotiorutn
1998 3674 2197 3714 praediCtorum
2212 3672 2342 3714 diligitis,

1287 3720 1442 3750 nullatenus
1456 3718 1604 3753 omittatis3
1623 3717 1656 3746 ita
1674 3716 1770 3754 quod,
1790 3717 1818 3745 in
1835 3714 1916 3745 vestri
1933 3713 2108 3750 Defecium,
2123 3712 2220 3742 eadem
2235 3711 2341 3750 Nego-

1292 3759 1327 3789 tia
1346 3757 1431 3793 ¹quod
1445 3756 1523 3791 abiit)
1540 3755 1690 3791 aliqualiter
1704 3764 1763 3783 non
1779 3754 1961 3784 retardentur.

1322 3793 1411 3826 Teste
1427 3793 1509 3833 Rege
1520 3793 1592 3832 apud
1609 3792 1853 3833 Westmonasterum
1863 3814 1872 3831 ,
1892 3791 2004 3828 Qarto
2019 3788 2063 3818 die
2075 3788 2150 3827 julii.

1524 3861 1526 3864 ‚
1685 3869 1740 3898 Per
1753 3868 1836 3907 ipfiem
1850 3869 1945 3904 Regem
1963 3863 2000 3900 ὠ·
2017 3861 2167 3894 Concilium.

1322 3947 1458 3992 Confimile
1484 3951 1576 3981 Breve
1600 3948 1726 3986 dirigitur
1751 3947 1955 3977 Locumtenenti
1986 3939 2064 3972 Villa
2087 3944 2166 3981 Regis
2192 3941 2257 3973 Cale
2267 3948 2288 3974 ιι·
2310 3947 2340 3975 in

1284 3990 1370 4020 Portu
1389 3988 1468 4021 Villae
1486 3988 1601 4030 Caltjfii,
1611 3988 1666 4028 [ἰώ
1683 3986 1773 4017 eadem
1793 3987 1883 4014 Data.

1773 4059 1838 4090 L2
2298 4059 2343 4089 De
