2562 4274
17 258 93 290 Ann.
104 255 144 287 D.

37 305 121 335 1419.

17 340 79 364 Hm.
94 342 122 372 ς.

17 487 68 511 An.
85 492 111 518 7.

18 526 52 548 H.
71 530 96 554 ς’.
155 553 157 556 ¹

18 564 57 587 Ex
66 557 129 585 Bibl.

19 598 125 625 Cot.Ti-

21 636 99 663 herim

19 677 47 702 Β,
64 675 89 699 6.
98 671 149 709 fol.

23 720 65 748 35.
82 715 111 738 Β.

25 2886 40 2902 ⁴
56 2885 110 2911 IX.

23 2933 90 2959 739·

23 2963 99 2992 Ann.
116 2959 158 2992 D.

47 3007 131 3038 1419.

24 3042 76 3066 An.
91 3047 118 3072 7.

23 3119 82 3142 Par.

23 3157 113 3181 Norm.
131 3161 158 3188 7.

24 3195 59 3218 H.
69 3200 95 3226 5.
104 3198 125 3226 ρ.
134 3200 141 3217 i
150 3215 156 3221 ,

23 3239 61 3258 m.
80 3231 127 3269 63.

800 164 908 205 ΕΤ
994 162 1250 204 ACTA
1333 148 1799 206 PUBLICA.

216 347 274 378 Pro
295 343 382 376 Duce
406 341 556 374 Clarentiae
576 339 620 374 ad
643 337 848 371 Vrafflana'um
872 350 941 372 cum
967 339 1177 385 Commiffiiriis

347 387 496 432 francia,
513 389 604 435 sitper
628 390 821 433 Reparatione
842 390 1042 434 Treugarum.

242 478 358 506 Emicus
370 498 380 513 ,
408 474 464 506 Dei
483 473 570 514 gratia
585 495 595 511 ,
615 476 675 504 Rex
696 474 834 511 Francia»,
857 470 897 508 &a
915 477 1047 505 Dominus
1064 472 1223 512 Hiberniae,

259 514 410 582 omnibug,
427 513 460 544 ad
480 522 550 551 quos
569 511 714 550 praesentes
733 511 836 542 Literae
855 513 1051 551 pervenerint,
1069 513 1204 544 Salutem.

205 554 301 585 Sciatis
343 563 379 582 uo

202 592 282 624 cnm
303 563 458 628 niiperssad
479 588 634 618 Honorem
656 586 730 625 Dei,
750 588 783 618 &
807 587 961 620 Christiani
984 589 1131 628 Sanguinis
1149 588 1223 620 effa-

166 631 274 662 fionem
298 629 475 665 evitandam,
499 626 646 657 Inierimus
661 648 671 664 ,
697 627 847 657 fecerimus
863 651 872 664 ,
895 628 928 658 &
952 628 1223 658 concordaverimus

165 670 292 707 Treugas
303 668 337 698 &
352 667 527 698 Guerrarum
545 665 752 702 Abstinentias,
771 665 820 696 sub
835 666 916 695 certis
932 665 1029 697 Modo
1049 667 1080 696 &
1102 666 1222 705 Forma,

168 718 235 739 cum
247 702 452 745 ‘Confimguineo
474 702 511 738 ὠ
530 703 705 743 Adverfizrio
720 703 805 742 nostro
817 707 956 742 Franciae,
977 714 1062 742 prout
1076 714 1110 734 ex
1125 716 1222 736 earum

167 746 331 777 Tenoribus
345 744 445 774 claritis
459 743 568 781 liquere
578 745 680 780 poterit
696 744 726 772 in
740 743 900 780 lavemini,

204 784 275 815 Nos

205 805 292 852 Pacis²
306 821 351 851 seu
371 820 550 858 Treugarum
570 819 705 857 Foedera,
722 828 858 856 quantum
879 820 907 848 in
922 819 1005 848 nobis
1018 819 1075 858 est,
1092 821 1224 852 inviolata

167 861 314 893 &illibata
328 860 467 890 observari
484 859 643 896 cupientes,
662 867 695 887 ac
710 857 862 896 quicquid,
881 858 910 887 in
926 860 1098 888 contrarium
1115 860 1223 890 Afiturn

167 899 208 930 est
221 907 266 929 aut
279 899 332 929 fuit
349 898 422 928 ultro
437 898 584 934 citroque,
601 896 692 926 debita
704 905 772 926 cum
788 895 926 926 celeritate
940 895 1102 934 reformari,

202 937 252 968 De
274 936 436 973 Fidelitate,
455 934 736 973 Circumspetstione,
762 934 794 964 &
817 933 956 964 industris.
975 934 1106 966 cariffimi
1126 935 1225 967 Fratris

166 976 271 1014 nostri,
291 975 396 1004 Thomae
411 977 494 1004 Ducis
511 972 658 1003 Clarentiae
675 972 781 1009 plenius
797 971 987 1010 confidentes,

206 1015 254 1045 Ad
275 1013 518 1044 Conveniendum
539 1021 606 1041 cum
632 1010 895 1048 Ambaffiatoribus‚
920 1010 1143 1050 Commiffariis,
1164 1012 1225 1043 De-

168 1054 285 1092 putatis,
312 1051 561 1086 procuratoribus,
587 1049 644 1079 sive
670 1048 797 1079 Nunciis
820 1049 926 1086 praefati
949 1049 1141 1089 Consanguinei
1161 1051 1224 1091 five

166 1090 335 1130 Adversarii
351 1089 432 1130 nrstri
442 1111 451 1127 ,
469 1088 656 1119 sufficientem
672 1088 700 1117 in
715 1088 767 1118 hac
782 1096 856 1126 parte
872 1087 1045 1119 potestatem
1067 1090 1224 1121 exhibenti-

164 1131 235 1168 bus,
253 1131 282 1159 in
297 1138 469 1167 quocunque
485 1127 568 1157 Loco
584 1126 618 1157 ad
632 1127 688 1156 hoc
704 1135 770 1163 apto
786 1128 818 1156 &
833 1136 984 1164 congruo,

207 1167 445 1204 Audiendumque
466 1165 724 1202 Ambaffiatorum,
745 1164 1034 1203 Commissariorum,
1054 1166 1228 1198 Procurato-

165 1217 244 1244 rum,
263 1206 320 1236 {ive
340 1204 528 1236 Nunciorum
551 1203 711 1242 hujusmodi
733 1202 916 1234 Voluntatem
938 1204 1018 1234 de&
1035 1203 1114 1241 super
1129 1207 1226 1235 omni-

165 1245 262 1275 bus&
279 1243 404 1281 singulis,
423 1243 598 1280 praefatarum
617 1243 797 1281 Treugarum
818 1242 862 1272 seu
880 1241 1123 1272 Abstinentiarum
1145 1243 1232 1274 debr:

164 1291 222 1313 tam
240 1284 272 1314 ὅ(
286 1281 398 1312 fidelem
415 1282 630 1312 Observantiatn
646 1280 903 1317 concernentibus,

202 1321 332 1352 Necnon
357 1321 390 1351 ad
411 1320 605 1351 Tractandum
630 1321 662 1350 &
680 1318 966 1349 Communicandum
983 1328 1050 1348 ctim
1066 1319 1168 1350 eisdem
1190 1320 1225 1350 de

169 1360 202 1390 &
219 1359 298 1396 super
314 1360 447 1389 omnibus
460 1359 493 1389 ὃς
508 1358 617 1397 singulis
627 1381 635 1395 ,
645 1358 857 1387 Liberatioiiem
873 1356 1112 1388 Incarcemtorum
1127 1361 1226 1389 utrius-

167 1408 223 1435 que
244 1399 368 1428 Patrium
392 1397 588 1435 prcedic'tarum
605 1419 614 1434 ,
648 1406 680 1425 ac
704 1394 924 1432 Reparationem
952 1395 1198 1433 Attemptatorum
1218 1420 1228 1436 ,

166 1438 241 1466 circa
265 1437 387 1474 praefatas
409 1436 537 1473 Treugas
559 1437 592 1467 ὃς
614 1434 822 1471 Abstinentias,
840 1434 1083 1472 qualitercumque
1107 1445 1227 1466 concer-

167 1477 297 1506 nentibus

204 1513 242 1543 Et
257 1498 499 1550 Attemptatorum
514 1510 675 1546 huiusmodi
688 1510 927 1547 correctionem,
947 1509 1149 1549 Punitionem,
1169 1512 1228 1542 Re-

165 1553 356 1589 parationem,
375 1553 408 1582 &
421 1551 669 1581 Reformationem
685 1549 873 1585 Faciendum,
889 1549 921 1578 &
935 1558 977 1578 eas
992 1549 1051 1579 fieri
1068 1549 1227 1581 Petendum

165 1591 200 1621 δε
215 1589 449 1627 Requirendiim,
468 1590 501 1620 ὃς
517 1599 583 1619 cum
597 1587 712 1618 Effestu
726 1587 942 1625 Obtinendum,
1187 1610 1197 1620 ,

206 1628 251 1658 Ac
264 1628 403 1665 utriusque
419 1627 506 1659 Partis
520 1626 672 1664 Qierelss,
694 1625 766 1656 ultro
781 1627 909 1663 citroque
934 1626 1087 1664 propositas
1106 1628 1138 1657 &
1163 1638 1230 1665 pro-

167 1667 332 1705 ponendas,
349 1676 416 1696 cum
446 1666 495 1695 suis
518 1665 742 1703 emergentibus,
762 1664 998 1701 dependentibus,
1017 1667 1050 1696 ὃς
1077 1669 1230 1706 connexis,

168 1705 370 1742 Audiendum,
389 1706 421 1736 ὃς
447 1704 690 1739 Exaniiiiandum,
711 1713 744 1733 ac
765 1703 835 1734 Fine
857 1703 968 1733 Debito
980 1703 1228 1742 Terminandum,

167 1744 333 1781 summarie,
354 1743 532 1780 simpliciter,
549 1742 582 1773 δε
605 1742 641 1772 de
665 1742 765 1780 plano,
784 1741 840 1772 fine
863 1741 977 1779 strepitu
1004 1744 1037 1774 ὃς
1054 1742 1139 1781 figura
1153 1744 1230 1782 judi-

168 1784 224 1821 cii,
243 1782 371 1821 legalibus
389 1782 548 1818 Terminis,
567 1781 586 1810 fi
601 1781 638 1810 eis
654 1780 782 1816 expedire
797 1780 951 1817 videbitur,
968 1790 1028 1810 non
1047 1781 1170 1821 servatis,
1184 1791 1229 1812 aut

167 1822 249 1858 alias,
264 1822 300 1888 {ise
314 1820 458 1851 Consensu
472 1819 613 1857 Partium,
632 1817 744 1849 resciffis
760 1827 806 1849 aut
823 1818 1006 1857 abbreviatis,
1026 1819 1149 1857 inspec‘rfi
1172 1821 1230 1851 sola

170 1860 248 1890 Facti
291 1860 401 1895 eritate,

209 1897 339 1927 Necnon
359 1897 392 1926 ad
414 1895 663 1933 Concedendum,
688 1894 866 1933 Perendum,
889 1897 922 1927 &
944 1895 1145 1927 Obtinendum
1169 1898 1231 1934 qui-

171 1936 336 1974 buscunque
357 1935 486 1966 Personis
507 1934 581 1965 Salvi
604 1932 777 1965 conductus
801 1934 924 1972 Literas,
951 1943 1087 1973 quatenus
1109 1936 1231 1974 Negotii

171 1974 301 2012 Natura,
321 1974 452 2012 qualitas,
472 1974 506 2003 ὃς
520 1972 660 2009 expeditio
675 1974 757 2011 exigit
769 1975 799 2004 ὃ(
817 1974 949 2010 requirit,

209 2012 377 2050 Caeteraque
388 2013 483 2042 omnia
498 2013 531 2042 ὃς
546 2011 650 2047 lingula
675 2011 864 2049 Faciendum,
882 2011 1097 2048 Exercendum,
1117 2013 1149 2042 ὃς
1174 2012 1231 2042 Ex-

169 2051 358 2090 pediendum,
378 2060 442 2088 quae
460 2051 488 2079 in
509 2048 658 2079 Praemiffis
680 2049 714 2079 δε
737 2050 812 2080 circa
832 2059 865 2080 ea
886 2049 1038 2080 necessaria
1062 2050 1164 2082 fuerint
1185 2060 1231 2082 aut

170 2089 390 2129 quomodolibet
402 2096 540 2127 oportuna
549 2110 559 2125 ,

205 2129 295 2166 Ipsum
318 2130 419 2158 Ducem
443 2126 573 2157 nostrum
596 2136 698 2157 verum
720 2127 753 2157 &
777 2126 934 2166 legitimum
965 2127 1203 2159 Ambaffiatorem
1220 2153 1230 2166 ,

172 2165 425 2203 Commissarium,
446 2165 637 2202 Depuratum,
657 2165 892 2203 Procuratorem,
910 2165 1109 2205 Negotiorum
1126 2167 1233 2197 Gesto-

170 2215 251 2242 rem,
270 2206 302 2237 &
318 2204 471 2235 Nuncium
486 2204 633 2241 specialem
657 2203 805 2242 Facimus,
821 2203 973 2243 Creamus,
990 2204 1179 2244 Ordinamus,
1198 2207 1232 2237 &

172 2242 379 2273 Constituimus
396 2253 444 2280 per
461 2242 610 2272 Praesentes
620 2265 629 2278 ,

207 2281 424 2318 Promittentes,
444 2282 472 2310 in
487 2280 585 2312 Verbo
601 2280 717 2318 Regio,
738 2280 807 2311 Nos
817 2280 943 2319 Ratum,
959 2280 1101 2319 Gratum,
1121 2282 1154 2312 &
1171 2283 1234 2313 Fir-

169 2330 252 2349 mum
274 2321 413 2358 perpetuo
439 2320 582 2349 habituros
606 2318 741 2356 quicquid
764 2329 813 2355 per
839 2321 963 2350 eundem
994 2320 1233 2352 Ambaffiatorem

170 2358 301 2426 uolgum
316 2358 427 2389 Adtum
443 2358 498 2388 sive
513 2356 638 2387 Gestum
654 2357 737 2388 fuerit
754 2358 785 2388 in
799 2357 950 2389 Praemiffis
960 2381 969 2397 ,
987 2359 1031 2390 seu
1043 2360 1139 2398 aliquo
1155 2359 1234 2390 Prae·

173 2406 213 2430 mi
240 2407 333 2427 Ofum·

205 2434 239 2465 In
258 2437 335 2474 cujus
350 2434 407 2466 Rei
424 2433 641 2465 Testimonium
656 2433 704 2464 has
721 2433 828 2466 Literas
843 2434 950 2466 nostras
966 2435 1023 2466 fieri
1041 2436 1159 2467 fecimus
1180 2437 1234 2467 Pa-

169 2481 269 2505 tentes.

206 2511 297 2542 Teste
309 2510 416 2549 meipso
432 2510 505 2547 apud
522 2510 645 2550 Castrum

497 2550 500 2554 Ι
517 2550 522 2554 ¹
660 2509 776 2579 nktglrum
791 2512 823 2541 de
837 2512 1030 2554 Vernonfieper
1049 2516 1136 2554 Sayne
1157 2514 1234 2545 vic-e-

169 2549 242 2581 fimo
255 2551 355 2589 quinto
369 2550 415 2580 die
432 2549 550 2588 Aprilis,
568 2551 658 2580 Anno
957 2553 960 2556 ’

704 2551 767 2589 egni
781 2550 870 2581 nostri
886 2552 1024 2592 beptimo.

698 2632 752 2659 Per
767 2629 852 2669 ilvfizm
867 2633 970 2669 Regem.

821 2715 1074 2748 STnRoizoN.

175 2858 200 2884 ff<
229 2861 286 2890 Pro
309 2858 424 2890 comite
446 2859 580 2894 Sarum,
595 2857 688 2902 fitper
703 2859 855 2890 comitatu
877 2857 913 2890 de
930 2856 1038 2890 Perche
1057 2861 1084 2890 ei
1102 2858 1232 2903 conceffi).

179 2941 296 2998 REX
314 2942 480 2980 Omnibus,
497 2941 531 2972 ad
550 2951 638 2980 quos,
656 2943 716 2973 &c.
736 2942 872 2972 Salutem.

275 2980 371 3011 Sciatis
392 2981 473 3019 quod
496 2980 581 3019 Nos,
599 2979 738 3019 Congrua
762 2981 982 3011 consideratione
1002 2980 1146 3018 pensantes
1161 2992 1234 3011 cun-

176 3016 292 3049 &orum
307 3018 398 3051 Αᾶυε
409 3021 442 3050 &
459 3019 564 3056 Gesta,
579 3020 628 3057 qui
643 3020 726 3049 nobis
741 3018 910 3050 laudabiliter
926 3019 1047 3050 serviunt
1057 3042 1066 3056 ,
1081 3020 1234 3051 defiderare

175 3055 326 3099 debeamus
342 3057 411 3094 ipsos
426 3057 597 3088 Honoribus
613 3057 762 3096 eXtollere,
780 3058 812 3088 ὃς
824 3058 903 3096 juxta
920 3056 1026 3087 Merita
1051 3068 1104 3095 pro
1128 3053 1234 3089 v⁴iribus

175 3104 341 3132 praemiare,

213 3132 302 3164 Cert'e
324 3133 414 3171 magis
436 3132 542 3164 avidius
564 3133 643 3173 illos,
661 3144 732 3172 quos
756 3144 810 3172 pro
825 3133 1037 3172 Recuperandis
1050 3132 1164 3172 Juribus
1181 3145 1235 3164 no-

176 3169 234 3201 stris
249 3171 315 3201 alios
330 3171 490 3209 praecellere
505 3172 707 3210 conspicimus,
725 3173 759 3203 &
776 3182 883 3210 quanto
898 3174 984 3211 magis
1000 3172 1190 3209 Obsequiosos
1204 3174 1234 3203 in

174 3210 229 3240 hac
248 3219 323 3247 parte
336 3209 433 3240 Nobis
451 3210 477 3239 se
490 3210 637 3248 exhibent,
656 3219 735 3241 tanto
751 3212 790 3241 eis
801 3212 952 3250 majoribus
965 3211 1085 3249 Gratiis,
1095 3211 1234 3249 Praemiis,

175 3250 209 3280 &
224 3248 393 3279 Honoribus
405 3249 516 3278 uberius
531 3258 732 3288 praerogemus.

213 3286 431 3317 Considerantes
444 3288 479 3317 ita
502 3296 536 3316 ue
551 3294 626 3325 grata
643 3288 677 3318 &
694 3287 817 3317 maxime
830 3287 974 3317 laudabilia
987 3287 1148 3326 Obsequia,
1162 3287 1234 3319 No-

175 3326 216 3355 bis
232 3335 281 3363 per
297 3324 468 3355 cariffimum
513 3325 732 3363 onsangiiineum
745 3324 874 3355 nostrum
889 3325 1017 3355 Tlosmam
1035 3330 1163 3356 Comitem
1184 3330 1234 3356 Sa-

174 3375 234 3394 rum
249 3372 312 3394 ante
329 3365 391 3394 haec
407 3373 535 3401 tempora
551 3364 741 3401 multipliciter
756 3363 895 3402 impensa,
913 3365 946 3395 &
972 3365 1120 3402 praesertim
1137 3367 1165 3395 in
1178 3366 1234 3395 Ac-

175 3403 316 3441 quirendis
331 3401 445 3441 Juribus
459 3400 559 3431 nostris
574 3402 643 3431 infra
657 3401 804 3432 Ducatum
826 3401 954 3432 nostrum
975 3402 1183 3442 Normanniae,
1201 3405 1234 3435 &e

175 3442 241 3472 alibi
256 3441 326 3472 infra
341 3440 521 3472 Comitatum
537 3440 573 3470 de
589 3440 714 3477 Perche,

215 3479 406 3518 Volentesque
432 3478 564 3516 proinde,
581 3487 666 3516 prout
689 3478 790 3516 Regiae
816 3480 953 3509 convenit
972 3478 1127 3519 Dignitati,
1145 3480 1233 3518 ipsum

176 3527 230 3556 pro
245 3517 356 3549 Meritis
373 3519 423 3548 suis
438 3519 467 3546 in
482 3518 534 3547 hac
553 3526 630 3555 parte
644 3516 787 3555 condigne
798 3518 958 3555 praemiare,

214 3556 264 3587 De
278 3556 378 3589 Gratia
393 3554 488 3586 nostra
499 3555 609 3593 speciali
624 3554 754 3585 Dedimus
769 3555 802 3585 &
818 3554 986 3595 Conceffimus
1006 3556 1089 3586 eidem
1116 3555 1235 3595 Consan-

194 3598 267 3624 uinea
283 3595 370 3636 nqstro
386 3603 480 3626 totum
497 3594 676 3624 Comitatum
691 3593 726 3623 de
743 3593 869 3629 Perche,
886 3594 915 3623 in
931 3603 1067 3633 quantum
1091 3596 1119 3624 in
1139 3595 1236 3624 omni-

174 3605 231 3662 {us
245 3634 270 3663 se
283 3634 408 3664 exrendit
425 3643 482 3664 tarn
495 3634 525 3664 in
539 3631 640 3671 Capite
655 3642 742 3671 quam
759 3633 788 3661 in
804 3631 945 3662 Membris
958 3634 991 3664 &
1014 3633 1116 3664 Feodis
1135 3632 1237 3663 Nobi-

180 3670 251 3700 libus
265 3672 503 3710 quibuscumque,

217 3709 379 3740 nabendum
393 3712 426 3742 ὃς
440 3710 591 3741 Tenendum
602 3708 722 3750 prefato
744 3707 941 3748 Conshnguineo
958 3708 1062 3749 nostr0,
1081 3710 1114 3740 &
1136 3709 1237 3741 Haere-

181 3744 262 3778 dibus
278 3749 330 3778 suis
347 3748 498 3788 Masculis,
513 3749 550 3779 de
566 3747 700 3787 Corpore
713 3748 762 3778 suo
777 3748 942 3778 exeuntibus
952 3770 962 3784 ,

217 3783 296 3814 Cum
321 3788 496 3818 omnimodis
520 3787 620 3818 Feodis
641 3786 771 3817 Militum
785 3809 796 3824 ,
828 3784 1073 3816 Advocationibus
1100 3785 1239 3816 Ecclesia-

178 3831 263 3861 rum,
280 3823 483 3864 Abbatiarum,
501 3824 698 3862 Prioratuum,
716 3824 924 3863 Hospitalium‚
942 3823 1153 3863 Cantariarum,
1179 3823 1236 3855 Ca-

179 3861 314 3898 pellarum
329 3886 340 3899 .,
364 3863 398 3894 &
423 3864 540 3895 aliorum
565 3864 774 3895 Beneficiorum
801 3872 1050 3901 quorumcumque
1064 3886 1073 3899 ,
1099 3863 1213 3893 Wardis
1229 3885 1239 3901 ,

182 3898 354 3938 Maritagiis,
379 3900 546 3941 Homagiis‚
570 3903 713 3941 Releviis,
736 3901 874 3938 EscaetiS,
899 3900 1108 3941 Forisfaeturis,
1127 3901 1239 3932 Rever-

180 3937 321 3975 fionibus,
333 3937 454 3974 Justiciis
468 3941 542 3978 altis,
560 3941 675 3979 mediis,
694 3943 728 3972 δε
745 3940 840 3977 baffis,
858 3948 892 3969 ac
906 3939 963 3969 aliis
978 3938 1078 3970 Feodis
1090 3962 1100 3978 ,
1120 3939 1239 3970 Nobili-

179 3977 297 4014 tatibus,
321 3975 526 4016 Dignitatibus,
547 3978 808 4017 JurisdiCtionibus,
826 3978 1022 4015 Pertinentiis,
1037 3978 1070 4008 δε
1094 3978 1240 4008 Commo-

178 4013 310 4044 ditatibus
332 4015 574 4055 quibuscumque,
592 4018 626 4047 ad
650 4016 829 4048 Comitatum
850 4017 1023 4054 praedhstum
1037 4016 1082 4047 seu
1104 4016 1240 4048 Membra

176 4053 299 4091 ejusdem
313 4053 463 4092 aliqualiter
474 4055 675 4092 pertinentibus
691 4057 735 4086 seu
753 4056 958 4094 spectantibus,

2248 180 2323 208 111

1302 246 1357 276 Per
1375 247 1556 285 Homagium
1571 272 1580 285 ,
1609 248 1707 278 Nobis
1725 250 1758 280 δε
1774 249 1943 281 Haeredibus
1961 250 2062 280 nostris
2080 249 2260 289 faciendum,
2284 262 2318 283 ac
2337 248 2411 279 Ann-
2427 248 2468 280 D·

1263 285 1408 316 reddendo
1427 297 1517 316 unum
1537 286 1673 316 Gladium
1693 286 1875 327 Vaginatum,
1894 289 1965 326 apud
1985 288 2118 319 Castrum
2136 290 2265 320 nostrum
2283 291 2318 321 de
2363 295 2450 326 1419.

1264 321 1362 361 Caen,
1380 324 1414 354 ad
1435 324 1548 354 Festum
1567 325 1663 354 Sancti
1682 325 1818 364 Georgii,
1835 327 1947 363 {iugulis
1968 327 2071 364 Annis,
2088 329 2318 366 imperpetuumg
2337 329 2399 354 Heu.
2417 335 2446 361 5·

1301 360 1419 391 Proviso
1438 362 1545 401 semper
1570 362 1646 400 quod
1671 363 1746 394 idem
1767 363 1978 432 Coagsanguineus
2000 365 2085 404 noster
2111 365 2255 396 Homines
2281 368 2316 397 ad

1265 398 1352 443 Arma
1376 401 1409 431 &
1429 401 1448 431 S
1484 401 1604 438 ittarios,
1629 401 1663 430 ad
1686 401 1805 440 Equitan
1828 413 1876 433 uin
1903 403 2064 434 Nobiscum
2090 404 2123 434 &
2147 404 2317 435 Haeredibus

1264 437 1365 467 nostris
1373 461 1381 476 ,
1399 440 1444 469 seu
1487 447 1692 470 ocumtenerite
1713 440 1810 469 nostro
1834 440 2041 479 Not-manniae,
2057 441 2171 473 durante
2192 443 2318 480 praesenti

1264 474 1388 515 Guerra,
1406 479 1478 514 juxta
1495 478 1688 515 Qiantitatem
1705 477 1813 508 Valoris
1827 480 1923 509 Anii-ui
1940 478 2104 510 Comitatus
2121 481 2264 519 praedisti,
2281 481 2316 512 ad

1263 513 1368 554 Cubstus
1384 516 1444 545 suos
1462 517 1605 554 proprios,
1622 517 1748 545 invenire
1763 525 1901 553 teneatur,

1299 552 1337 583 Et
1347 577 1356 590 ,
1376 553 1454 584 finita
1469 554 1580 584 Guerra
1594 554 1752 592 hujusmodi
1763 577 1772 593 ,
1791 555 1924 593 Servitia,
1943 557 1971 585 iii
1984 556 2036 586 hac
2051 565 2128 594 parte
2143 558 2224 588 nobis
2239 557 2319 588 debi-

1262 598 1288 622 ta
1305 591 1418 627 impleat
1432 593 1464 622 ὅ(
1478 592 1611 630 perficiat.
2057 612 2061 617 «

1340 629 1372 659 ln
1390 632 1486 668 cujuS,
1503 633 1564 662 &c.

1265 667 1388 735 ATcljste
1403 668 1486 707 Rege
1502 668 1576 706 apud
1593 668 1715 708 Castrum
1727 666 1809 708 fiium
1827 668 1858 698 de
1873 671 1979 699 Vernon
1986 669 2066 708 fitper
2081 673 2167 711 Sayne
2186 671 2261 703 xxvi.
2278 671 2325 703 die

1293 716 1335 744 pri
1347 717 1376 736 is.

1925 785 1978 813 Per
1993 783 2075 822 ipfiem
2088 786 2192 820 Regem.

1316 911 1373 941 Pro
1389 907 1487 941 eodem
1509 912 1640 952 Comite,
1662 912 1889 942 Locumteneme
1907 911 2096 942 Normmmi'ae
2111 906 2274 951 constituto.

1267 992 1380 1047 REX
1396 994 1557 1033 Omnibus,
1574 994 1607 1024 ad
1623 1004 1714 1033 quos,
1732 995 1792 1025 &c.
1813 994 1947 1026 Salutem.
2340 996 2415 1027 Ann.
2430 994 2473 1028 D.

1357 1034 1455 1064 Sciatis
1474 1037 1551 1072 quod
1566 1033 1650 1071 Nos,
2364 1043 2449 1074 1419.

1304 1068 1351 1113 De
1367 1071 1507 1102 Fideiitate
1521 1073 1554 1103 &
1569 1070 1835 1109 circumspectione
1850 1070 1967 1110 provida
1977 1097 1985 1110 ,
2001 1072 2133 1104 carissimi
2145 1072 2322 1112 Consangui-
2341 1078 2392 1102 Aa.
2410 1084 2436 1110 7.

1266 1115 1313 1136 nei
1330 1109 1435 1147 nostri,
1451 1111 1557 1140 Thomae
1574 1113 1681 1139 Comitis
1696 1114 1792 1140 Sarum
1807 1111 1914 1148 plenius
1929 1111 2121 1149 considentes,
2341 1116 2376 1141 H.
2395 1122 2424 1149 5.

1305 1147 1530 1186 Constituimus,
1548 1148 1769 1187 Oi'dinavimtis‚
1785 1149 1994 1187 Deputavimus
2005 1173 2014 1187 ,
2031 1151 2063 1181 ὃ(
2078 1150 2260 1181 Praesecimus
2278 1150 2319 1187 ip·
2339 1153 2404 1179 laid.

1267 1183 1327 1215 sum
1342 1185 1591 1226 Consanguineum
1607 1186 1737 1216 nostrum
1758 1188 2018 1219 Locumtenentem
2042 1189 2170 1218 nostrum
2196 1188 2326 1218 Genera·
2343 1189 2438 1226 m.65.

1268 1222 1323 1252 lem
1340 1223 1471 1255 Ducatcis
1486 1225 1573 1255 nostri
1592 1224 1625 1254 N
1629 1226 1798 1263 ormanniae,
1816 1237 1849 1257 ac
1863 1228 1995 1256 omnium
2010 1227 2043 1257 ὃς
2060 1228 2224 1266 singularum
2244 1225 2326 1256 Mar-

1269 1261 1404 1293 chearum
1418 1264 1558 1301 eiusdem,
1573 1272 1606 1292 ex
1622 1262 1667 1292 illa
1681 1273 1755 1300 parte
1770 1265 1862 1302 Aquae
1874 1266 1910 1294 de
1924 1264 2030 1304 Sayne,
2049 1266 2104 1303 qua⁴
2118 1266 2231 1296 situatur
2252 1264 2325 1296 Villa

1269 1300 1362 1331 nostra
1379 1302 1415 1331 de
1429 1302 1546 1332 Vernon
1561 1300 1641 1338 super
1657 1301 1761 1339 Sayiie,
2117 1333 2125 1340 .

1308 1340 1415 1370 Dantes
1431 1342 1463 1371 ὃς
1481 1340 1680 1370 Concedentes
1696 1341 1779 1369 eidem
1795 1340 1989 1380 Confimguineo
2012 1342 2096 1380 nostro
2117 1342 2244 1379 plenam,
2263 1340 2327 1371 Te-

1271 1389 1342 1408 notc
1358 1378 1536 1409 Praesentiutn
1548 1401 1557 1416 ,
1576 1378 1746 1408 potestatem
1763 1379 1796 1409 &
1818 1379 2027 1410 Auc‘iciritatem
2051 1382 2146 1410 omnia
2167 1381 2199 1410 ὃ(
2220 1379 2328 1416 singula

1272 1418 1423 1455 Faciendi,
1442 1417 1634 1454 Excerceiidi,
1655 1416 1837 1455 Exequendi,
1853 1417 1885 1446 &
1910 1417 2084 1455 Expediendi
2107 1430 2170 1456 quae
2184 1418 2216 1448 ad
2232 1418 2328 1456 hujus-

1272 1456 1353 1487 modi
1370 1456 1484 1486 Locum
1503 1456 1630 1486 nostrum
1646 1465 1788 1486 tenentem
1803 1456 1896 1486 debite
1911 1457 2050 1494 pertinent
2063 1457 2107 1487 seu
2123 1458 2259 1495 pertinere
2280 1456 2332 1486 de·-

1273 1497 1356 1526 bent-

1313 1519 1480 1564 l‘vlandantes
1504 1533 1612 1570 insuper
1633 1532 1765 1563 univerfis
1784 1533 1817 1562 ὃς
1842 1532 1952 1569 singulis
1975 1532 2124 1570 Ducibus,
2151 1531 2331 1570 Comitibus,

1272 1573 1427 1603 Batonibus
1471 1571 1631 1609 Militibus,
1654 1571 1813 1608 Capitaneis
1834 1571 2022 1609 Castrorum,
2049 1571 2273 1608 fortalitiorum,
2298 1572 2332 1602 &

1273 1612 1409 1641 Villurum
1425 1595 1611 1647 firmatarum,
1630 1608 1773 1640 Gentibus
1788 1610 1942 1640 Armorum
1957 1611 1988 1641 ὃ(
2005 1610 2040 1640 de
2051 1610 2203 1648 Tradiatu,
2221 1619 2253 1639 ac
2270 1619 2333 1638 om-

1274 1651 1355 1681 nibus
1372 1649 1427 1679 aliis
1444 1649 1539 1688 Ligeis
1554 1649 1587 1678 &
1604 1648 1726 1678 Subditis
1742 1648 1841 1678 nostris
1859 1648 2099 1687 quibuscumque,
2121 1658 2203 1685 prout
2228 1647 2261 1676 ad
2283 1657 2332 1677 eo-

1274 1699 1339 1719 rum
1366 1697 1578 1726 quemcumque
1603 1687 1801 1725 pertinuerint,
1822 1688 1899 1724 quod
1921 1685 2039 1726 praefhto
2065 1687 2261 1727 Consanguineo
2279 1696 2332 1716 no-

1274 1728 1332 1758 st10
1346 1751 1355 1765 ,
1380 1736 1513 1764 tanquam
1545 1725 1767 1756 Locumtenenti
1788 1725 1885 1756 nostro
1911 1726 2095 1764 hujusmodi,
2121 1736 2151 1755 in
2172 1726 2306 1756 omnibus
2322 1747 2332 1762 ,

1274 1775 1358 1804 proiit
1374 1765 1472 1803 decet,
1490 1764 1650 1802 intendant,
1671 1773 1800 1802 pareant,
1819 1765 1850 1794 ὃς
1868 1764 2001 1794 obediant
2018 1768 2145 1807 quotiens
2169 1774 2217 1802 per
2240 1763 2331 1802 ipsum
2350 1765 2370 1785 *
2387 1767 2438 1795 IX.

1274 1806 1318 1835 seu
1333 1805 1351 1823 *i*
1368 1804 1526 1841 Depumtos
1538 1803 1600 1833 suos
1614 1813 1647 1833 ex
1663 1812 1738 1842 parte
1754 1802 1846 1833 nostra
1862 1803 1963 1833 fuerint
1979 1815 2007 1832 re
2019 1805 2110 1840 piniti.
2351 1815 2417 1840 740.

1312 1843 1344 1872 In
1360 1844 1453 1881 cujus,
1469 1843 1520 1872 &c
1551 1841 1683 1878 quamdiu
1700 1840 1772 1878 Regi
1791 1841 1921 1879 plaetorit
1938 1842 2080 1872 duraturas

1311 1881 1401 1911 Teste
1412 1880 1494 1920 Rege
1511 1880 1586 1919 apud
1602 1880 1723 1920 Castrum
1732 1879 1814 1919 ficum
1826 1879 1858 1909 de
1877 1883 1981 1910 Vcrmn
1990 1879 2071 1919 fitper
2088 1883 2172 1918 Sayne
2195 1879 2270 1911 xxvi.
2287 1877 2332 1908 die

1276 1920 1390 1958 Aprilis.

1910 1997 1963 2025 Per
1977 1994 2060 2034 ipfitm
2072 1997 2174 2033 Regrm.

1501 2121 1547 2153 De
1569 2119 1739 2153 Traflando
1763 2131 1831 2153 cum
1857 2121 1970 2166 Regina
1994 2120 2111 2154 Siciliae.

1340 2208 1400 2239 EX
1418 2208 1578 2247 Omnibus,
1595 2209 1628 2239 ad
1644 2219 1729 2248 quos,
1748 2210 1808 2240 &c.
1824 2209 1958 2240 Salutem.
2357 2210 2432 2241 Ann.
2441 2211 2481 2242 D.

1378 2248 1476 2278 Sciatis
1492 2248 1570 2286 quod
1585 2248 1653 2278 Nos
1663 2272 1672 2284 ,
2379 2259 2465 2290 1419.

1316 2286 1364 2316 De
1382 2286 1527 2316 Fidelitate
1541 2288 1574 2318 ὃ(
1596 2285 1859 2323 Οίτςυῐῃΐρεξὶίοηε
1880 2286 2015 2325 providi,
2031 2285 2212 2317 Diletstorum
2234 2287 2266 2317 ὃ(
2288 2285 2336 2316 Fi-
2355 2292 2406 2316 An.
2423 2299 2448 2323 7.

1277 2325 1382 2356 delium
1396 2324 1579 2361 nostrorum,
1597 2324 1715 2354 Rolandt'
1730 2324 1863 2366 Leyntale
1879 2325 1997 2364 Militis,
2016 2326 2049 2355 &
2073 2325 2206 2365 Magistri
2229 2325 2335 2355 Thomae
2357 2332 2390 2354 H.
2412 2337 2439 2363 5.

1278 2363 1358 2393 Felde
1374 2363 1488 2399 Legum
1504 2363 1643 2393 Doctoris
1653 2388 1661 2399 ,
1680 2363 1789 2399 plenius
1805 2361 1994 2402 confidentes,
2354 2366 2417 2394 lbid.

1316 2401 1408 2439 Ipsos,
1428 2401 1578 2441 Rolandum
1594 2403 1629 2432 &
1642 2401 1789 2439 Thomam,

1317 2441 1364 2471 Ad
1378 2441 1505 2479 Trcugas
1521 2441 1564 2470 scu
1579 2440 1756 2470 Guerrarum
1775 2439 1977 2478 Abstinentias,
1997 2451 2049 2478 pro
2061 2440 2160 2470 Nobis
2177 2441 2209 2470 &
2224 2440 2337 2471 Nomi-

1278 2489 1314 2509 ne
1339 2479 1456 2516 nostro,
1485 2489 1517 2508 ac
1544 2478 1686 2517 Subditis,
1712 2479 1822 2517 Ligeis,
1846 2476 1985 2516 Vaffallis,
2005 2478 2137 2516 Regnis,
2153 2480 2268 2518 Terris,
2287 2479 2339 2509 Pa·

1277 2518 1352 2556 triis,
1370 2519 1402 2548 &
1421 2517 1563 2546 Dominiis
1579 2518 1695 2555 nostris,
1712 2527 1779 2547 cum
1796 2517 2006 2547 Praeclarislitna
2025 2518 2153 2547 Domina
2169 2517 2272 2547 roland
2287 2520 2339 2547 Re-

1274 2560 1339 2595 gina
1351 2555 1508 2595 Jerusielem
1520 2555 1557 2589 dv
1571 2555 1684 2593 Siciliae,
1704 2566 1736 2586 ac
1752 2555 1896 2585 Ladon-ico
1914 2555 1980 2585 Filio
1987 2556 2053 2596 fixo,
2073 2566 2210 2586 eorumve
2231 2558 2258 2585 in
2282 2557 2335 2586 hac
2374 2577 2377 2578 ν

1276 2605 1354 2633 parte
1375 2594 1645 2632 Ambaffiatoribus,
1665 2593 1889 2632 Commiffariis,
1909 2594 2059 2632 Deputatis
2071 2618 2080 2632 ,
2093 2595 2338 2634 Procuratoribus,

1277 2635 1323 2664 seu
1338 2632 1465 2663 Nunciis
1476 2655 1485 2670 ,
1502 2633 1689 2663 sufficientem
1707 2634 1736 2662 in
1754 2633 1806 2662 hac
1829 2643 1905 2670 parte
1924 2633 2095 2664 Potestatem
2122 2633 2339 2671 exhibentibus,

1279 2683 1331 2710 pro
1355 2672 1408 2710 Se,
1426 2672 1541 2709 Terris,
1566 2671 1680 2709 Patriis,
1705 2672 1737 2701 &
1762 2671 1911 2702 Dominiis
1932 2673 2000 2710 suis,
2030 2672 2194 2701 melioribus
2222 2670 2339 2709 Modis,

1279 2711 1352 2748 Via,
1369 2712 1401 2741 &
1425 2709 1547 2748 Forma,
1565 2710 1666 2748 quibus
1688 2719 1740 2749 pro
1766 2709 1939 2741 Commodo
1962 2712 1996 2742 &
2016 2709 2140 2740 Honore
2160 2709 2261 2740 nostris
2279 2710 2340 2740 fore

1277 2750 1398 2781 viderint
1412 2748 1571 2779 faciendum
1581 2771 1590 2784 ,

1313 2787 1393 2818 Cum
1416 2787 1550 2817 omnibus
1575 2789 1609 2819 &c
1625 2786 1739 2825 singulis
1761 2786 1895 2818 Clausulis
1915 2787 1949 2818 &
1975 2786 2126 2824 Articulis,
2146 2786 2176 2816 in
2190 2786 2243 2818 hac
2264 2795 2340 2825 parte

1276 2827 1374 2858 debitis
1388 2827 1421 2857 δε
1439 2826 1574 2864 requisitis
1585 2848 1594 2864 ,

1313 2864 1473 2895 Ineunclum
1484 2889 1493 2901 ,
1514 2863 1704 2902 Faciendum,
1720 2865 1754 2896 &
1769 2863 2032 2901 Concordandum,

1317 2904 1361 2934 Ac
1380 2903 1414 2933 ad
1440 2902 1683 2933 Conveniendum
1706 2912 1774 2932 cum
1800 2902 2052 2933 Anibaffiatoribus
2067 2925 2077 2940 ,
2111 2901 2339 2940 Commislhtiis,

1277 2941 1449 2980 Deputatis,
1475 2941 1708 2971 Procuratoribus
1725 2964 1733 2978 ,
1756 2940 1802 2970 seu
1827 2940 1952 2970 Nunciis
1975 2940 2158 2978 praefatorum
2180 2939 2282 2970 roland
2303 2941 2336 2970 &

1277 2981 1434 3018 Lodowici,
1453 2979 1624 3010 Potestatem
1639 2979 1821 3016 habentibus,
1841 2980 1869 3008 in
1885 2979 2008 3017 quodam
2026 2979 2110 3008 Loco
2125 2988 2222 3016 certo,
2237 2987 2338 3009 mutuo

1279 3019 1413 3050 consensu
1429 3019 1554 3048 Partium
1569 3018 1766 3055 praedictarum
1784 3017 1818 3047 ad
1834 3017 1891 3048 hoc
1909 3017 2059 3056 eligendo,

1316 3057 1557 3094 Audiendumque
1578 3055 1835 3093 Ambaffiatorum,
1861 3056 2148 3093 Commiffariorum,
2167 3054 2338 3085 Procurato—

1278 3106 1361 3132 rum,
1378 3095 1434 3125 sive
1455 3094 1642 3125 Nunciorum
1661 3093 1820 3132 hujusmodi
1842 3093 2025 3125 Voluntatem
2047 3095 2082 3125 de
2096 3094 2128 3124 &
2143 3093 2222 3130 super
2240 3094 2336 3123 omni-

1277 3136 1330 3165 bus
1342 3135 1375 3165 &
1393 3134 1516 3171 singulis,
1532 3133 1713 3170 Treugarum
1728 3132 1774 3162 seu
1799 3132 1977 3163 Guerrarum
2000 3133 2256 3168 Abstinentiarum,
2274 3132 2337 3163 alias

1277 3174 1406 3240 inirargm
1422 3173 1455 3203 &
1470 3180 1630 3210 captarum,
1648 3171 1774 3201 debitam
1789 3172 1823 3203 δε
1837 3170 1949 3201 fidelem
1974 3170 2190 3202 observantiam
2216 3180 2338 3201 concer-

1279 3222 1355 3242 nenti
1379 3221 1409 3240 us

1316 3233 1443 3279 Necno’n
1455 3247 1489 3278 ad
1503 3247 1700 3278 Tractandum
1717 3248 1750 3279 &
1768 3246 2052 3278 Communicandum
2062 3270 2071 3285 ,
2087 3257 2154 3277 cum
2170 3246 2289 3283 eisdem,
2302 3247 2338 3278 de

1277 3289 1309 3320 &
1321 3288 1400 3326 super
1417 3287 1550 3317 omnibus
1565 3287 1597 3317 δε
1613 3286 1739 3325 singulis,
1755 3285 1966 3317 Liberationem
1983 3286 2222 3316 Incarceratorum
2239 3286 2338 3316 utrius-

1278 3337 1334 3364 que
1357 3326 1482 3356 Partium
1508 3325 1708 3363 praedietarum
1724 3349 1733 3362 ,
1766 3334 1799 3355 ac
1825 3324 2043 3363 Reparationem
2072 3326 2312 3361 Attemptatorum
2328 3346 2338 3362 ,

1278 3367 1351 3396 circa
1367 3364 1491 3403 praefatas
1503 3364 1632 3400 Treugas
1646 3364 1678 3394 δε
1693 3362 1871 3393 Guerrarum
1886 3363 2091 3400 Abstinentias,
2107 3363 2209 3393 ultimo
2228 3371 2337 3400 captas,

1278 3405 1519 3441 qualitercumque
1546 3402 1784 3432 concernentibus
1800 3424 1809 3439 ,
1844 3402 1876 3432 &
1905 3402 2148 3440 Attemptatorum
2178 3401 2337 3439 hujusmodi

1279 3442 1501 3472 Correetionem
1517 3441 1692 3478 punitionem
1702 3462 1711 3477 ,
1727 3438 1966 3479 Reparationem,
1979 3442 2012 3471 &
2027 3440 2275 3480 Reformationeni
2284 3439 2338 3468 Fa-

1279 3481 1431 3517 ciendum,
1450 3480 1482 3510 δε
1496 3489 1539 3509 eas
1549 3478 1609 3508 fieri
1631 3478 1809 3516 Petendum,
1831 3477 2062 3517 Requirendum,
2079 3479 2112 3509 &
2135 3489 2203 3509 cum
2230 3476 2338 3507 effectu

1279 3520 1479 3557 Optinendum
1490 3540 1499 3554 ,

1317 3558 1362 3588 Ac
1378 3556 1517 3593 utriusque
1532 3555 1621 3585 Partis
1635 3554 1790 3592 Qierelas,
1808 3554 1883 3585 ultro
1899 3555 2026 3593 citroque
2047 3555 2197 3593 propositas
2217 3554 2249 3583 &
2272 3563 2339 3590 pro-

1279 3596 1423 3634 ponendas
1435 3617 1443 3631 ,
1457 3603 1525 3623 cum
1542 3594 1591 3623 suis
1609 3592 1842 3632 Emergentibus,
1862 3592 2069 3632 Incidentibus,
2086 3591 2338 3630 Dependentibus‚

1279 3636 1312 3665 &
1326 3633 1488 3669 Connexis,
1509 3631 1689 3661 Audiendum
1710 3632 1742 3662 ὃς
1759 3631 2006 3670 Examinandum,
2023 3642 2056 3662 ac
2071 3632 2141 3661 Fine
2156 3631 2252 3673 debito
2263 3629 2340 3659 Ter-

1279 3671 1463 3708 minandum,
1480 3670 1645 3706 summarie,
1666 3670 1846 3708 simpliciter,
1864 3671 1898 3701 δε
1911 3670 1946 3701 de
1970 3671 2071 3708 plano,
2092 3670 2147 3699 sine
2170 3668 2282 3705 strepitu
2305 3668 2340 3698 &

1279 3709 1497 3750 figuraJudicii,
1517 3708 1666 3748 Legalibus
1677 3707 1840 3746 Terminis,
1860 3709 1878 3738 fi
1895 3710 1932 3739 eis
1954 3709 2082 3747 expedire
2104 3707 2339 3749 videbitur,.n0n

1279 3750 1408 3785 servatis,
1426 3757 1472 3777 aut
1483 3747 1561 3785 alias,
1577 3747 1613 3776 de
1634 3746 1781 3777 Consensu
1801 3746 1942 3786 Partium,
1959 3746 2071 3776 rescissis
2087 3755 2132 3775 aut
2155 3745 2340 3784 abbreviatis,

1280 3788 1327 3820 ins
1357 3786 1403 3816 &a
1419 3786 1475 3816 sola
1486 3785 1564 3815 Facti
1578 3786 1710 3823 veritate,

1321 3797 1451 3856 fficcnon
1469 3825 1504 3855 ad
1527 3824 1775 3861 Concedendum,
1797 3822 1975 3859 Petendum,
2002 3822 2036 3853 &
2057 3820 2256 3858 Optinendum
2277 3821 2341 3859 qui-

1281 3864 1458 3901 buscumque
1481 3862 1609 3893 Personis
1627 3863 1690 3893 salvi
1710 3860 1881 3892 Conductus
1904 3860 2009 3889 Literas
2025 3882 2033 3897 ,
2068 3868 2203 3896 quatenus
2219 3859 2344 3899 Negotii

1283 3902 1412 3940 Natura,
1429 3902 1561 3940 qualitas,
1580 3902 1613 3932 &
1626 3901 1765 3938 expeditio
1780 3900 1864 3936 exigit
1879 3899 1912 3928 δε
1926 3899 2053 3936 requirit,

1317 3940 1484 3978 Caereraque
1499 3940 1598 3970 omnia
1611 3940 1643 3970 &
1656 3939 1760 3977 lingula
1774 3936 1947 3967 Faciendum
1957 3959 1966 3973 ,
1983 3935 2218 3976 Excercendum,
2233 3938 2266 3968 δε
2281 3934 2341 3966 Ex-

1282 3979 1451 4017 pediendum
1483 3987 1546 4016 quae
1574 3979 1603 4007 in
1631 3976 1780 4007 Praemissis
1800 3976 1833 4006 ὃ(
1856 3976 1930 4004 circa
1952 3984 1983 4004 ea
2002 3974 2150 4005 necessaria
2169 3975 2270 4006 fuerint
2293 3982 2342 4007 aut

1283 4017 1499 4056 quomodolibet
1510 4025 1650 4053 oportuna
1659 4037 1669 4053 ,

1325 4055 1401 4093 Ipsos
1412 4079 1422 4092 ,
1439 4053 1590 4084 Rolandum
1616 4054 1648 4084 ὃς
1670 4051 1813 4089 Thomam,
1834 4050 1946 4081 nostros
1964 4060 2046 4083 veros
2060 4051 2093 4083 δε
2109 4050 2343 4118 legitimosbarzim-

2313 4097 2342 4119 2-
