2562 4274
229 87 282 123 60
696 74 1942 134 CONVENTloNES,L1TERAE‚

79 171 148 205 Anii
167 171 209 201 Π.
257 168 281 197 P
293 176 317 199 R
328 177 340 198 1
352 176 378 198 M
389 177 410 198 υ
422 176 450 198 Μ
478 169 561 208 igitur
583 177 600 197 c
610 177 630 198 o
643 175 667 198 Ν
679 177 692 198 s
703 175 727 197 *r
739 176 760 198 A
772 177 794 198 T
803 191 812 206 ,
830 166 1018 198 Invistiffime
1033 168 1168 205 Regum,
1185 165 1281 197 vestro

106 212 191 249 1418.
224 207 313 238 Sacro
330 206 477 243 Cuimini,
497 217 550 236 nec
567 206 694 236 Mundus
712 208 837 244 ignorat,
856 207 990 244 qualiter,
1009 208 1142 243 proximo
1156 205 1284 236 Vacante

80 254 142 279 Hm.
161 261 179 286 5
225 246 428 276 Romanorum
456 244 578 283 imperio
593 268 602 282 ,
619 245 768 281 praedietus
784 248 914 274 Dominus
931 245 1016 286 noster
1035 248 1103 275 Dux
1115 268 1124 281 .,
1143 254 1196 275 una
1213 254 1282 275 cum

227 284 360 314 Domino
380 283 582 323 Archivpiscopo
606 284 761 321 Treverenfi
783 283 955 314 Coeiec’tore
977 283 1026 313 suo
1043 309 1051 320 ,
1071 282 1286 314 Sereniisimum

1320 164 1391 196 stros
1413 168 1548 206 evenire,
1573 169 1607 200 &
1633 166 1795 199 immediate
1818 167 1931 199 acceffit
1956 169 2175 206 praenominatos
2197 169 2385 201 Coeleitores
2411 166 2486 198 Ann.
2495 167 2537 200 D.

1322 204 1403 242 suOS,
1423 205 1456 235 &
1479 206 1567 236 taliter
1592 217 1676 246 penes
1700 207 1770 246 ipsos
1794 206 1821 237 se
1848 207 1970 246 habuit,
1995 208 2076 246 qued
2101 209 2204 248 singula
2228 209 2387 248 praescripta
2427 206 2512 243 1418·

1322 251 1511 280 pervenerunt
1528 244 1563 274 ad
1578 254 1725 284 optatum,
1744 247 1805 277 &c.
2403 248 2468 273 Hon-
2487 255 2514 282 5.

1361 280 1497 320 Insuper,
1527 282 1738 314 CoNsTim'·
1764 283 1868 322 quod,
1900 284 2052 323 postquam
2083 285 2214 322 praesatus
2241 286 2388 317 Dominus

73 1382 89 1398 ⁸
104 1382 156 1410 IX.

72 1422 138 1455 607.

226 322 406 359 Principem,
426 321 592 351 Dominum
608 320 819 361 Sigismundum,
838 325 897 352 ὕες.
917 322 1073 360 Hungariae
1090 322 1201 360 Regem
1216 346 1226 359 ,
1245 322 1285 352 ob

226 361 303 398 spem
327 361 428 390 futurae
442 383 451 397 ,
476 360 583 390 nedum
605 360 719 397 Imperii
735 385 744 398 ,
762 361 808 391 sed
821 362 904 390 etiarn
921 362 1005 390 totius
1022 361 1110 391 Orbis
1126 364 1159 390 ἃ
1179 360 1286 397 Reipu-

227 400 327 435 bhcae,
348 398 570 428 Reformationis
585 422 593 438 ‚
609 401 698 436 pure,
717 399 894 438 simpliciter,
913 401 946 430 &
960 399 1062 437 absque
1074 401 1157 429 omni
1171 409 1286 429 munere

228 439 261 467 &
277 438 375 467 illicito
395 436 499 474 Facio,
514 439 582 467 mira
596 439 675 475 ipzius
688 438 763 468 fama
781 437 849 476 (quii
864 448 929 468 aevo
946 437 1016 475 istO,
1039 447 1094 475 prae
1110 437 1286 468 multisGer-

227 476 348 505 manniae
372 474 550 512 Principibus
566 500 574 513 ,
600 477 782 508 eii-tollebatur
794 479 826 507 ἅ
842 476 965 515 undique
980 476 1235 514 praeconizabatur)
1256 477 1284 505 in

227 513 429 544 Rouuuorum
446 513 559 553 Regem
573 515 667 552 elegit.

262 551 320 582 Co
332 561 353 581 N
365 561 472 582 sTAT
489 576 498 590 ,
526 554 648 584 similiter
665 578 674 590 ,
700 554 817 592 quali·er
838 553 883 583 alii
906 552 1052 583 Elestores
1074 552 1186 590 Imperii
1203 552 1286 590 (cum

225 590 276 621 sin·-
301 600 421 621 nriiero
441 592 568 628 Septem)
592 592 734 622 Iiiiistiem
758 592 923 629 Principem
940 615 948 628 ,
973 590 1135 621 Dominum
1151 590 1285 629 Jodocum

224 629 410 659 Marchionem
438 633 478 659 M
490 634 578 660 ravis
595 654 604 669 ,
629 641 728 661 contra
751 631 898 669 praefatum
915 630 1079 660 Dominum
1092 629 1285 669 Sigifinunu'um

223 669 376 705 (quintum
393 670 419 697 in
434 671 471 697 eis
486 670 548 705 tuir)
569 670 692 708 Imperio
711 671 897 708 prefecerunt
909 693 915 700 ,
932 670 965 699 &
980 668 1076 706 quoi,
1096 670 1195 699 audito
1211 668 1283 706 isto,

224 709 355 736 Dominus
376 707 462 746 noster
482 711 549 737 Dux
564 732 574 746 ,
598 710 632 739 ad
656 708 840 738 resistendum
863 708 913 737 iii-{s
930 707 1148 738 CoeiCCioribus
1163 707 1230 745 iuis,
1250 709 1284 738 ὃς

222 755 274 782 per
290 755 337 775 eo:
353 746 454 776 inlecto
471 756 600 784 ςαόῆῑει·
617 751 648 778 cxi
668 747 824 785 Magnifice
840 747 866 776 se
882 746 1030 783 disposuit3
1049 747 1082 776 ὅ(
1098 756 1151 783 pro
1167 746 1283 784 praefato

223 786 341 814 Domino
361 783 527 824 Sigifiuundo
544 783 587 821 luo
607 789 675 823 Rege
692 809 701 824 ,
725 788 758 815 ad
780 785 1080 822 maniienendunique
1103 783 1283 815 Elefflonem

222 823 299 853 suam
315 846 324 861 ,
350 834 399 861 per
419 834 486 854 eum
500 848 509 862 ,
537 836 565 854 ut
588 826 762 861 pi·;eiiiittiitir
780 847 788 862 ,
815 824 919 853 ruitum
937 847 946 859 ,
970 823 1074 854 nedum
1090 822 1280 862 Principatus,

221 859 364 892 Dominis
379 885 388 900 ,
415 863 519 893 Terras
531 885 540 900 ,
569 863 600 893 ὃ(
623 864 727 893 ςιηέῒα
751 863 826 892 um
843 872 905 899 quie
922 861 1003 891 Deus
1018 861 1067 891 sibi
1081 862 1203 892 contulit
1238 862 1283 892 sed

221 902 306 930 etiam
328 899 403 930 suam
427 902 459 932 &
485 901 589 938 praefati
615 902 676 931 Filii
698 902 736 930 sui
758 900 907 930 Personam
931 900 962 933 (si
989 899 1184 941 Omnipotens
1202 884 1283 930 Deus

221 937 427 969 Mai‘chionem
449 939 618 978 praedic‘tum
639 950 654 969 e
678 940 774 969 medio
789 949 847 968 non
863 938 977 974 tulisset)
996 938 1143 980 dispendiis
1157 940 1190 969 &
1206 938 1284 969 Peri-

220 978 291 1008 culis
313 977 572 1014 ii-recuperabiiibus
595 978 708 1007 viriliter
729 980 761 1008 ἃ
783 977 927 1012 impavide
947 976 1090 1014 subiiiilit3
1110 976 1193 1014 seque
1213 986 1282 1008 cum

220 1015 326 1046 eodem
341 1018 410 1052 Rege
424 1015 585 1053 sigismundo
600 1025 698 1046 contra
711 1025 812 1046 omnes
827 1015 990 1054 Homines,
1008 1015 1096 1052 ipsum
1111 1017 1140 1045 in
1155 1015 1283 1056 Imperio

221 1053 370 1084 molestare
384 1063 534 1093 conante-5,
553 1053 722 1084 strietiffime
736 1054 888 1093 colligavit.

257 1091 316 1122 Co
329 1100 349 1121 N
361 1102 373 1122 s
385 1100 469 1122 TAT
498 1096 581 1123 eiiam
635 1093 690 1123 uod
721 1094 749 1122 in
770 1092 930 1131 hujusmodi
953 1091 1124 1132 Colligantia
1140 1116 1148 1131 ,
1170 1092 1284 1124 summ&

220 1139 338 1167 quoque
358 1130 501 1162 Fidelitate
514 1156 522 1169 ,
550 1133 583 1163 δε
643 1131 784 1162 bedienti'ii
799 1154 809 1170 ,
834 1131 955 1170 ejusdem
972 1131 1095 1161 Domini
1112 1135 1189 1170 Regis
1203 1135 1285 1170 Sigis-

218 1169 312 1198 mundi
324 1168 487 1200 constinter
500 1169 652 1207 permansit
667 1170 771 1208 sibique
794 1170 905 1201 servivit
923 1192 932 1208 ,
947 1170 1059 1200 adhaefit
1069 1193 1077 1208 ,
1093 1172 1126 1201 ὃς
1142 1172 1169 1200 in
1184 1173 1285 1209 quibus

218 1217 345 1246 unquam
370 1208 418 1238 sibi
443 1210 535 1246 potuit
554 1209 735 1246 complacere
759 1208 865 1239 studuit
887 1208 1077 1239 inconcusse:
1099 1208 1199 1248 Nam,
1239 1219 1282 1240 er-

217 1256 303 1284 cepto
317 1256 372 1284 ejus
389 1246 523 1278 Adventu
539 1247 576 1277 de
595 1247 667 1278 [talis.
682 1247 716 1278 ad
733 1247 928 1283 Alemaniam,
946 1247 1039 1278 statim
1055 1247 1131 1277 dedit
1149 1247 1198 1278 sibi
1246 1249 1281 1279 b-

216 1286 307 1315 viam:
328 1286 360 1316 &
385 1287 413 1315 in
429 1285 555 1317 Civitate
570 1285 786 1324 Argentinenii,
804 1296 874 1316 cum
891 1285 1028 1323 Navigiis
1041 1287 1074 1317 ὃς
1090 1287 1172 1325 ali‘as,
1191 1297 1280 1324 quan-

218 1330 280 1353 tum
302 1324 393 1362 potuit
416 1325 505 1362 ipsum
527 1324 705 1363 honorifice,
723 1335 792 1356 cum
809 1324 933 1355 Duobus
950 1325 1092 1356 Fratribus
1107 1325 1177 1363 suis,
1191 1326 1282 1357 susce-

218 1363 276 1400 pit,
296 1365 329 1394 &
353 1362 487 1400 Expeiisis
508 1362 659 1402 Ciaiitzquz
679 1364 730 1394 suis
744 1365 860 1402 propriis
876 1362 1004 1402 perduxit
1024 1364 1042 1382 ¹*
1063 1363 1148 1401 usque
1160 1363 1195 1394 ad
1215 1365 1281 1402 Spi-

220 1400 326 1431 rcnsem
350 1400 505 1433 Civitatem
522 1414 527 1432 :
553 1404 586 1434 &
600 1403 705 1433 ibidem
717 1403 774 1433 dies
789 1403 895 1440 aliquoi
910 1411 977 1432 cum
992 1401 1050 1439 ipso
1064 1402 1215 1438 permansit
1247 1404 1282 1434 «Sc

222 1449 289 1470 eum
309 1440 511 1479 consequenter
529 1441 564 1470 ad
584 1441 714 1480 Opidum
739 1440 932 1471 Coiiflucntiae
958 1441 1018 1477 (ubi
1038 1440 1185 1479 Principes
1214 1426 1281 1473 sile-

221 1480 316 1509 {tores
335 1488 529 1509 convenerant
544 1503 553 1518 ,
571 1481 603 1510 &
619 1480 662 1510 ali‘
676 1480 789 1510 uaindiu
802 1479 944 1516 steterant)
961 1479 1089 1510 sociavit:
1109 1480 1143 1511 ὃς
1158 1480 1233 1512 Hiec
1248 1483 1282 1514 &

219 1517 271 1547 alia
287 1518 352 1547 fecit
365 1517 443 1556 super
458 1518 509 1548 suis
525 1519 644 1556 propriis
660 1519 826 1556 sumptibus
839 1520 872 1548 δε
888 1517 1038 1556 Expenfis3
1058 1518 1096 1549 Et
1110 1519 1174 1550 haec
1193 1530 1281 1558 quan-

221 1564 259 1587 tae
280 1555 383 1586 fuerint
397 1579 407 1594 ‚
433 1566 600 1595 qiiantaeque
623 1557 674 1586 hiis
698 1558 725 1586 in
755 1556 923 1595 Itineribus,
948 1556 1043 1588 eundo
1059 1558 1092 1588 &
1105 1557 1281 1598 Navigando

220 1604 271 1633 per
285 1593 380 1632 Opida
395 1596 427 1625 &
445 1595 584 1626 Forialitia
596 1598 706 1625 Domini
720 1595 801 1635 nostri
818 1598 912 1632 Ducis,
930 1596 963 1627 ὃς
976 1597 1004 1628 in
1019 1596 1108 1626 Reno
1120 1619 1131 1635 ,
1157 1599 1190 1630 δε
1206 1605 1281 1628 extra

222 1633 341 1663 Renum
351 1656 360 1672 ,
379 1633 616 1672 supercreverint,
634 1635 727 1665 multis
741 1642 844 1666 notum
859 1634 911 1665 est.

258 1671 315 1703 Co
327 1680 346 1700 N
357 1681 369 1702 s
381 1679 403 1700 T
414 1681 434 1701 A
444 1681 467 1702 T
480 1695 490 1710 ,
516 1673 586 1702 ultra
603 1696 612 1709 ,
639 1673 791 1711 quomodo
813 1673 902 1710 ipsum
916 1675 1062 1703 Dominum
1076 1675 1172 1711 Regem
1188 1697 1198 1712 ,
1216 1684 1282 1713 per-

224 1709 353 1740 sonaliter
366 1710 400 1741 &
416 1720 484 1741 cum
500 1710 640 1742 Ducentis
661 1711 778 1743 Lanceis
792 1734 801 1749 ,
826 1713 985 1750 iterumque
1001 1712 1053 1742 suis
1067 1712 1233 1750 Sumptibus
1248 1714 1283 1744 ὃς

219 1749 344 1785 expensis
357 1771 368 1787 ,
387 1748 516 1787 sequutus
530 1750 571 1780 est
584 1760 636 1788 pro
659 1750 822 1788 recipiendo
840 1749 990 1781 Coronam
1005 1750 1127 1788 Regiam
1150 1752 1177 1780 in
1194 1752 1282 1791 Aquis

219 1788 319 1825 grani:
345 1797 431 1825 quam
454 1798 522 1818 cum
546 1788 610 1820 Rex
625 1789 732 1820 ibidem
746 1788 913 1828 accepisset,
933 1791 1036 1820 iterum
1053 1791 1185 1819 Dominus
1197 1790 1283 1832 noster

217 1828 303 1864 Dux,
321 1834 454 1864 tanquam
477 1826 565 1858 fidelis
587 1827 723 1866 Princeps
749 1828 819 1866 suis,
837 1828 936 1859 volens
950 1828 1005 1859 suae
1020 1827 1162 1866 Majestati
1177 1829 1204 1859 in
1215 1839 1282 1860 om-

219 1865 303 1894 nibus
323 1864 426 1894 servire
447 1866 480 1896 ὃς
502 1866 682 1903 complacere
697 1891 706 1905 ,
732 1865 932 1897 Constantiam
947 1867 973 1897 se
987 1866 1143 1905 transtulit;
1161 1867 1283 1899 ibidem-

217 1912 273 1940 que
295 1913 353 1932 non
379 1903 499 1934 modicis
531 1904 698 1942 Sumptibus
719 1904 770 1935 suis
791 1916 843 1943 pro
865 1907 910 1936 riis
926 1930 935 1943 ,
961 1907 993 1937 &
1014 1905 1138 1936 Servitiis
1151 1928 1161 1944 ,
1179 1907 1212 1938 &
1225 1907 1283 1938 aliis

218 1942 390 1977 quibussibet
413 1941 637 1981 Complacentiis
659 1943 813 1982 Regalibus
847 1955 861 1974 e
878 1945 998 1983 aptavit,
1017 1954 1071 1974 nec
1087 1953 1154 1974 eum
1171 1945 1282 1984 reliquit

217 1978 345 2018 Donec,
363 1979 477 2012 illustris
494 1985 562 2012 Dux
577 1982 729 2012 Fredericus
745 1982 868 2024 Austriae
883 2006 892 2021 ,
910 1983 982 2013 olim
1000 1985 1107 2021 Papam
1121 1981 1281 2021 Johannem

215 2021 296 2048 xxiii.
317 2029 395 2050 nunc
419 2030 488 2051 vero
510 2020 714 2051 Baithazarem
735 2023 810 2061 Cossa
827 2043 837 2061 ,
863 2021 899 2052 de
928 2021 1052 2053 Civitate
1067 2020 1283 2054 Constanciensi

217 2057 292 2088 clam
309 2057 430 2088 seduxit:

258 2096 462 2132 Quamobrem
485 2100 615 2128 Dominus
640 2101 700 2128 Rex
723 2098 847 2130 Gom-ras
863 2099 956 2129 movit
969 2099 1079 2138 eidem,
1099 2099 1133 2130 ὃ(
1150 2099 1282 2130 instanter

186 2139 188 2142 ’
217 2134 384 2173 supplicavit
407 2139 524 2166 Domino
545 2136 631 2176 nostro
651 2140 722 2167 Duri
744 2140 822 2175 quiid
837 2161 847 2176 ‚
873 2147 940 2168 cum
965 2136 1011 2168 suti
1028 2137 1178 2178 Potentia,
1194 2139 1278 2171 vellet

218 2173 268 2203 sibi
284 2183 382 2205 contra
392 2172 541 2214 prefatum
553 2178 654 2204 Ducem
668 2177 733 2206 dare
749 2176 932 2207 Succursum:

255 2212 302 2242 Ad
326 2214 404 2250 quod
426 2215 528 2244 iterum
547 2214 622 2244 idem
642 2217 774 2244 Dominus
794 2214 880 2254 noster
900 2214 934 2244 ad
959 2213 1144 2245 Voluntatem
1167 2217 1278 2247 Domini

216 2253 294 2288 Regis
311 2251 468 2290 Magnifice
493 2253 596 2290 aptavit
610 2265 620 2290 ς
646 2253 680 2283 &
694 2254 839 2291 propritim
855 2252 1002 2290 Campum
1019 2262 1119 2284 contra
1127 2253 1277 2294 pra-fatum

219 2290 321 2319 Ducem
350 2291 421 2327 (non
449 2290 578 2322 obstante
601 2291 681 2329 qubd
703 2291 837 2322 Sororem
858 2295 970 2322 Domini
993 2291 1075 2332 nostri
1094 2291 1226 2324 habuerat
1247 2295 1278 2324 in

217 2327 365 2365 Uxorem)
387 2329 550 2367 sumptuose
574 2330 664 2367 posuit
686 2331 719 2361 ὃ(
743 2331 848 2368 tenuit,
868 2340 900 2360 ac
915 2340 1017 2360 omnes
1030 2331 1149 2370 Terras,
1168 2331 1278 2363 Domi-

218 2367 279 2405 nis,
297 2366 568 2406 CivitatcS,Opida‚
585 2370 618 2400 &
629 2369 769 2399 Fortalitia
788 2369 832 2403 (ad
848 2379 911 2407 quae
928 2369 996 2399 ultra
1017 2369 1194 2414 Quingentae
1219 2371 1280 2402 Vil-

217 2403 253 2434 1ae
278 2405 396 2436 Rurales
421 2407 606 2443 pertinebant)
632 2417 694 2444 quae
709 2407 778 2437 idem
795 2410 862 2437 Dux
880 2409 908 2437 in
923 2408 1021 2438 Terris
1037 2407 1162 2447 hlsatiae,
1182 2409 1280 2441 Briset-

218 2443 335 2481 gaudia,
352 2446 385 2476 &
410 2444 559 2475 Sunkawia
582 2445 739 2482 possederat
754 2469 764 2484 ,
787 2446 866 2476 nullo
889 2446 1008 2483 dempto
1024 2469 1033 2484 ,
1054 2445 1146 2477 Manu
1163 2447 1229 2478 forti
1245 2450 1279 2480 ὅτ.

219 2490 290 2510 curn
310 2481 445 2512 Maximis
465 2483 629 2519 Sumptibus
645 2484 721 2521 (nam
737 2485 821 2515 omni
834 2484 880 2514 die
893 2484 963 2514 ultra
980 2484 1174 2524 Qadraginta
1190 2486 1280 2525 Mag-

220 2528 256 2549 na
281 2518 348 2549 Vasa
367 2520 437 2550 Vini
458 2522 593 2558 exposuit)
621 2524 653 2552 &
667 2523 732 2552 alias
745 2532 814 2553 cum
828 2522 941 2553 infinitis
957 2522 1092 2554 Periculis
1107 2524 1140 2555 &
1156 2524 1278 2556 Labori-

220 2557 290 2595 bus,
312 2557 425 2588 Ditioni
443 2557 543 2596 Regiae
556 2559 718 2600 subjugavit.

260 2595 375 2632 Quibus
390 2597 523 2636 peractis,
541 2598 572 2627 ὃ(
587 2598 720 2628 Doiuino
736 2598 835 2629 nostro
856 2599 947 2630 adhuc
964 2607 1082 2630 exeunte
1097 2600 1126 2630 in
1141 2599 1279 2642 Campis,

219 2633 296 2665 idem
309 2638 439 2664 Dominus
455 2638 513 2664 Rex
531 2635 595 2666 fecit
612 2636 810 2667 Concordiam
835 2647 903 2668 cum
919 2638 1021 2668 eodem
1037 2641 1111 2668 Duce
1130 2640 1255 2679 Anstriae
1264 2653 1274 2679 ,-

221 2674 256 2703 &
274 2672 375 2712 scripsit
399 2673 532 2704 Domino
556 2674 654 2704 nostro
676 2678 746 2704 Duci
767 2677 845 2714 quiid
861 2676 944 2706 vellet
961 2676 1102 2707 dimittere
1116 2677 1281 2718 Campum,

221 2712 256 2781 ἐς
278 2711 472 2780 Γεῃάἰῖρὲἒιεῑε
490 2712 525 2743 ad
536 2712 594 2744 hoc
611 2714 691 2751 quod
705 2724 771 2744 cum
788 2714 847 2752 ipso
866 2715 918 2745 iret
939 2715 972 2745 ad
990 2715 1092 2753 Regna
1108 2715 1280 2756 Aragonite,

246 2759 348 2780 ranciae
417 2761 444 2781 c.

258 2774 373 2828 Qibu’s
400 2788 544 2819 intellec‘tis
571 2789 718 2821 Dominus
749 2790 842 2821 noster
863 2791 966 2822 Iterato
990 2800 1096 2829 paratus
1117 2791 1224 2833 affuit,
1247 2794 1282 2826 δι·

221 2828 396 2896 ρηέίὲηῑανίῑ
411 2827 437 2858 se
450 2828 625 2866 personaliter
638 2831 667 2860 in
680 2828 852 2861 ,Constantia
867 2830 1033 2868 conspectui
1045 2830 1104 2861 suo.

288 2874 299 2896 t

261 2889 453 2934 Poi'rmodum
476 2915 511 2935 ue
529 2908 659 2936 Dominus
678 2909 752 2944 Rex,
772 2915 888 2945 propter
909 2906 947 2937 sui
962 2906 1132 2947 absentiam,
1150 2908 1282 2940 Locum—

220 2951 455 3012 tenentieig,bpro
502 2944 644 2975 esensione
658 2946 691 2976 ὃς
707 2945 966 2977 Μειηυῑεηεηῑίοῃε
987 2945 1054 2977 sacri
1067 2947 1212 2987 Concilii,
1226 2959 1281 2987 po·

223 2991 290 3012 nere
326 2992 342 3011 e
363 2992 378 3012 e
401 2991 445 3019 at,

259 3019 298 3051 Et
313 3020 422 3050 nullum
438 3021 509 3051 inter
526 3021 686 3060 Principes,
704 3023 752 3060 qui
777 3022 886 3053 ibidem
900 3022 1032 3062 aderant,
1048 3033 1162 3063 propter
1182 3034 1282 3063 graves

222 3059 257 3090 δε
284 3058 409 3098 Magnos
437 3059 570 3097 Sumptus
597 3061 630 3091 &
655 3059 813 3100 Expensas,
830 3063 863 3092 &
883 3072 1041 3093 accuratam
1060 3064 1094 3094 ὃς
1117 3064 1281 3103 pervigilem

223 3107 320 3128 curam
337 3119 347 3136 ,
370 3097 404 3128 ad
424 3098 588 3135 praedictam
608 3098 813 3129 Defensionem
832 3100 1015 3139 necessarias,
1033 3101 1136 3132 habere
1153 3111 1282 3143 poterat,

225 3137 274 3174 qui
296 3135 363 3166 illud
380 3145 452 3166 onus
472 3136 555 3167 vellet
574 3146 739 3176 acceptare,

266 3173 372 3204 Iterato
400 3174 478 3205 idem
505 3177 636 3204 Dominus
658 3179 718 3205 Rex
736 3175 849 3207 accessit
867 3180 1016 3207 Dominnm
1032 3177 1148 3218 nostrum
1162 3180 1284 3217 Ducem,

226 3211 408 3249 supplicando
435 3212 526 3243 eidem
537 3237 546 3251 ,
574 3213 704 3251 quatinus
719 3214 803 3245 Onus
820 3214 905 3253 illud,
923 3216 963 3245 ob
982 3215 1136 3247 Honorem
1151 3217 1229 3247 suum
1249 3219 1282 3248 &

227 3250 307 3281 Sacri
327 3249 459 3288 Imperii,
478 3252 512 3282 &
527 3253 611 3282 etiarn
630 3250 799 3282 Custodiam
811 3252 993 3283 Balthazaris
1007 3253 1098 3293 Coffb,
1117 3255 1187 3286 olim
1203 3257 1285 3294 Papae

227 3287 369 3327 Johannis
386 3292 457 3318 xxiii
485 3291 638 3328 nuncupati
659 3291 686 3319 in
704 3292 747 3321 sua
766 3290 954 3330 Obedientifi,
973 3293 1056 3323 vellet
1075 3293 1216 3330 suscipere.

253 3326 312 3369 Aa
337 3336 401 3364 quae
427 3328 524 3358 iterato
546 3338 670 3366 partuum
687 3328 714 3358 se
731 3329 872 3367 exhibuit,
891 3331 923 3361 ὃς
949 3340 1020 3360 onus
1039 3340 1097 3361 tam
1114 3331 1285 3362 conservan-

230 3363 260 3394 di
277 3389 286 3402 ,
313 3374 399 3401 quam
425 3365 600 3396 custodiendi
627 3366 734 3397 sacrum
762 3367 927 3398 Concilium
947 3391 956 3406 ,
983 3370 1016 3399 ὃ(
1036 3371 1120 3400 etiam
1136 3370 1282 3408 personam

251 3402 337 3433 raefati
355 3401 538 3433 Balthazaris
561 3404 635 3444 Coffa
650 3428 659 3443 ,
684 3406 825 3443 impavide
853 3405 968 3444 suscepit
992 3429 1002 3445 ‚
1028 3408 1061 3439 ὃ(
1088 3408 1139 3438 suis
1163 3410 1283 3446 propriis

251 3442 393 3479 umptibus
418 3443 451 3472 ὃς
479 3442 609 3479 Expensis
633 3443 693 3473 fere
719 3455 766 3482 per
797 3444 882 3475 Duos
909 3446 1009 3475 Annos
1025 3469 1035 3482 ‚
1059 3456 1128 3476 cum
1142 3446 1281 3484 adjutorio

227 3479 286 3510 Dei
303 3503 313 3517 ,
338 3488 397 3511 tam
420 3479 588 3512 laudabiliter
610 3482 721 3519 praefuit
744 3485 778 3514 &
796 3482 949 3514 custodivit
962 3508 972 3522 ,
998 3484 1078 3522 quocl
1093 3485 1122 3514 in
1140 3485 1235 3522 quieta
1247 3486 1280 3516 &

225 3518 343 3556 pacifici!
365 3519 560 3556 tranquillitate
577 3543 587 3558 ,
611 3520 696 3558 usque
720 3522 754 3551 ad
779 3521 900 3552 reditum
921 3521 1042 3559 ejusdem
1063 3525 1174 3553 Domini
1186 3526 1280 3562 Regis,

226 3557 394 3595 permansit3
413 3566 497 3594 prout
514 3557 576 3588 haec
595 3560 691 3589 omnia
707 3560 739 3589 &
758 3560 843 3590 multa
854 3584 863 3598 ,
882 3569 945 3597 quae
959 3564 1091 3590 Dominus
1108 3561 1193 3604 noster
1209 3566 1280 3592 Dux

225 3604 278 3632 pro
305 3597 414 3626 honore
429 3593 545 3634 praefati
565 3599 676 3625 Domini
699 3599 777 3635 Regis
795 3598 966 3629 laudabiliter
987 3601 1021 3630 ὃ(
1040 3601 1188 3638 magnifice
1203 3611 1281 3638 pere-

224 3635 283 3671 git,
304 3634 403 3664 vestrae
416 3634 569 3672 Majestatis
587 3634 788 3665 Arn'oaxatores
803 3637 836 3667 &
851 3635 959 3667 prelati
971 3637 1114 3676 viderunt,
1134 3639 1168 3669 δε
1181 3662 1190 3677 ,
1209 3640 1279 3670 sicut

226 3672 382 3710 speramuS,
401 3671 645 3703 Excellentiffimae
663 3672 764 3703 vestrae
782 3673 922 3710 Maiestati
935 3675 1014 3705 latius
1029 3677 1224 3713 exposuerunt.

265 3709 321 3740 Co
334 3720 354 3740 N
367 3720 378 3741 s
388 3720 411 3741 T
421 3720 441 3741 A
451 3719 473 3741 τ
502 3712 586 3741 etiam
613 3709 692 3749 quod
708 3732 718 3748 ,
738 3719 868 3749 tempore
889 3722 947 3749 quo
968 3716 1098 3744 Dominus
1118 3715 1203 3756 noster
1219 3718 1279 3745 Rex

225 3750 402 3778 Romanorum
429 3749 478 3780 suit
500 3750 528 3779 in
549 3749 654 3788 Regno
677 3748 772 3779 vestro
794 3749 903 3788 Angliae
924 3760 1009 3790 penes
1028 3752 1206 3790 Maiestatem
1230 3764 1280 3784 ve-

226 3785 310 3815 stram
327 3810 336 3825 ,
362 3788 395 3818 &
412 3787 516 3825 Ligam
529 3797 583 3818 una
598 3787 749 3818 vobiscum
766 3788 956 3825 concluserat3
973 3792 1089 3819 Domino
1101 3791 1188 3830 nostro
1207 3794 1280 3823 Duci

227 3821 354 3867 Copiam
382 3826 503 3863 praefitae
535 3826 610 3866 Ligae
634 3825 778 3857 transmisit
792 3848 802 3864 ,
824 3827 1005 3865 supplicando
1027 3828 1076 3858 sibi
1099 3829 1178 3867 quod
1204 3832 1280 3861 circa

227 3859 371 3899 Principes
397 3864 540 3894 Eleetores
562 3865 650 3894 taliter
672 3864 755 3894 vellet
776 3867 935 3902 co-opemri
950 3889 957 3902 ,
980 3866 1060 3902 quod
1076 3867 1109 3896 ad
1125 3867 1224 3907 Ligam
1238 3870 1282 3906 ip-

226 3898 284 3928 sam
309 3901 410 3932 vellent
434 3902 499 3932 dare
519 3902 685 3933 consensum
701 3925 711 3940 ‚
739 3903 879 3940 ipsamque
897 3904 1019 3940 ipsorum
1034 3904 1133 3941 Sigillis
1150 3907 1279 3944 sigillare:

225 3932 273 3966 Ad
297 3947 360 3975 quae
383 3940 479 3970 iterato
502 3939 648 3971 Dominus
671 3940 766 3972 noster
783 3950 908 3979 paratum
924 3942 950 3971 se
963 3942 1107 3980 exhibuit,
1126 3944 1232 3983 sperans
1247 3954 1282 3976 ex

222 3974 282 4006 hoc
305 3975 446 4014 Maiestati
467 3978 566 4010 vestrae
594 3988 726 4019 magnam
752 3978 942 4010 Assistentiam
968 3990 1067 4012 contra
1077 3980 1216 4014 Inimicos
1232 3993 1283 4016 ve-

1325 318 1391 349 Rex
1418 320 1596 358 personaliter
1618 332 1634 352 e
1657 321 1764 361 Regno
1785 321 1882 353 vestro
1902 321 2028 353 Revenit
2050 324 2252 364 Constantiam,
2272 326 2306 356 δε
2324 325 2385 355 Re-

1324 358 1432 388 cerium
1455 358 1534 389 suum
1549 383 1559 397 ,
1582 370 1669 398 quern
1689 370 1706 390 a
1729 359 1877 399 Majestate
1898 361 1990 392 vestis
2003 362 2118 401 habuit,
2137 363 2271 394 Domino
2286 363 2385 394 nostro

1324 395 1405 427 Duci
1426 398 1460 427 &
1475 398 1532 427 aliis
1557 397 1736 436 Principibus
1757 399 1863 429 ibidem
1879 400 2044 430 exeuntibus
2059 401 2236 441 exposuerat,
2251 403 2385 433 nomina-

1323 435 1377 465 tim
1393 434 1474 473 quod
1493 435 1550 473 ipse
1566 436 1707 475 Majestati
1722 436 1823 468 vestrae
1837 447 1937 469 contra
1952 438 2154 478 Francigenas,
2172 440 2234 471 &c.
2253 441 2335 472 vellet
2349 443 2383 473 &

1323 472 1453 504 Deberet
1469 473 1535 505 dare
1551 474 1739 513 Succursum,
1758 477 1792 507 &
1815 486 1847 506 ea
1861 487 1977 514 propter
1993 477 2161 515 supplicabat
2178 478 2312 510 Domino
2328 490 2382 511 no-

1325 511 1382 542 stro
1396 513 1430 543 &
1444 513 1500 542 aliis
1520 513 1540 532 ²*
1557 513 1756 552 Principibus,
1781 515 1862 552 quod
1882 516 1932 553 ipsi
1949 516 2052 547 vellent
2065 515 2218 548 accordare
2232 519 2383 557 quomodo
2401 519 2492 584 ἑοὲὶζ.

1323 551 1358 581 &
1373 550 1491 588 qualiter
1508 550 1552 581 illa
1570 552 1661 590 posset
1678 551 1846 589 adimplere:

1363 589 1477 625 Quibus
1490 590 1635 627 intellectis
1649 589 1726 621 idem
1740 593 1870 620 Dominus
1894 602 1926 621 no
1949 602 1997 631 er,
2014 603 2068 624 una
2084 604 2153 625 cum
2165 595 2271 626 eodem
2285 598 2380 625 Domi-

1322 638 1357 656 no
1372 630 1441 666 Rege
1455 629 1487 660 &
1503 628 1560 659 aliis
1569 629 1746 666 Principibus
1762 629 1795 660 ὃς
1812 629 1922 661 Comiti
1946 641 1994 667 us,
2012 631 2137 664 similiter
2153 634 2385 673 concordarunt,

1323 666 1403 703 quod
1422 676 1490 697 cum
1510 667 1617 699 Tribus
1639 667 1758 698 Milibus
1779 667 1954 699 Lancearum
1973 669 2128 702 Nobilium
2140 672 2297 712 Virorum,
2309 683 2385 712 prae-

1323 705 1394 736 fatus
1410 708 1541 736 Dominus
1554 708 1615 736 Rex
1633 706 1700 737 dare
1717 705 1834 736 deberet
1852 705 1991 744 Majestati
2011 708 2113 739 vestrae
2129 711 2300 742 Sucursum:

1361 742 1400 774 Et
1415 744 1467 774 fuit
1486 744 1565 776 datus
1582 745 1685 783 Ordo,
1704 753 1775 783 quot
1795 744 1918 774 Lanceas
1935 744 2051 782 quilibet
2066 747 2265 782 Dominorurn
2283 751 2386 782 habere

1323 781 1466 821 debebat,
1484 784 1518 815 &
1534 784 1582 814 ubi
1601 785 1634 816 &
1655 783 1770 822 quando
1789 784 1945 814 convenire
1963 783 2116 815 deberent:

1360 820 1421 851 Istis
1441 822 1634 863 praedispositis
1650 823 1683 854 ὅτ,
1704 822 1791 853 taliter
1811 822 1943 852 ordinatis
1955 844 1964 860 ‚
1980 825 2112 852 Dominus
2126 824 2211 864 noller
2230 827 2384 859 inmediate

1322 859 1461 891 transtulit
1488 860 1515 891 se
1541 860 1577 892 ad
1600 860 1778 892 Dominium
1802 860 1884 891 suum
1902 885 1912 898 ,
1930 861 1964 891 δε
1985 870 2137 892 numerum
2156 863 2385 905 Qiadringenta-

1322 907 1387 927 rum
1408 898 1604 930 Lancearurn.
1635 900 1685 930 fibi
1701 899 1868 937 assignatum
1915 908 2041 937 paratum
2058 900 2206 939 disposuit,
2225 901 2258 933 &
2275 905 2383 936 tamdiu

1322 936 1351 965 in
1369 937 1511 974 Apparatu
1527 938 1564 968 sic
1584 937 1676 978 stetit,
1695 938 1788 976 donec
1799 961 1810 976 ,
1827 922 1944 969 illusires
1960 936 2074 976 Duces,
2096 939 2243 979 Ernestus‚
2263 940 2385 972 Wilhel-

1321 985 1396 1012 mus,
1414 976 1448 1006 &
1473 978 1606 1007 Henricus
1630 977 1662 1006 de
1687 979 1833 1014 Bavaria,
1852 978 1886 1009 &
1903 975 2028 1007 Marchio
2042 978 2325 1020 Brundenburgenfi5,
2341 981 2384 1012 Α.-

1322 1014 1438 1044 vunculi
1467 1014 1589 1045 Domini
1605 1038 1615 1053 ,
1642 1014 1731 1046 nostri
1747 1014 1917 1046 nunciarunt
1933 1015 2027 1046 eidem
2045 1019 2161 1047 Domino
2177 1017 2263 1058 nostro
2274 1041 2284 1057 ,
2303 1021 2383 1057 quod

1322 1051 1372 1089 ipsi
1392 1052 1530 1084 hostiliter
1547 1053 1651 1085 vellent
1668 1053 1800 1084 invadere
1814 1057 1917 1084 Ducem
1932 1054 2104 1084 Ludovicum
2126 1056 2159 1085 de
2175 1059 2306 1087 Bavaria
2321 1057 2384 1089 Co-

1323 1091 1423 1121 mitem
1437 1091 1473 1122 de
1491 1091 1614 1136 Morcey
1632 1105 1642 1131 3
1670 1093 1703 1123 &
1721 1092 1920 1130 requisiverunt
1938 1092 2086 1130 praefatum
2102 1097 2248 1126 Dominum
2266 1096 2384 1137 nostrum

1323 1132 1440 1169 Ducem,
1460 1131 1540 1169 quod
1558 1132 1620 1170 ipiis
1637 1130 1671 1161 ad
1691 1131 1750 1162 hoc
1768 1130 1850 1162 vellet
1866 1130 1931 1161 dare
1946 1129 2138 1163 Succursum:

1357 1167 1418 1199 Istis
1443 1170 1541 1200 auditis
1557 1194 1567 1207 ,
1594 1173 1726 1200 Dominus
1746 1168 1831 1210 noster
1857 1172 1948 1205 Dux,
1975 1170 2079 1201 timens
2097 1180 2147 1208 per
2171 1171 2229 1204 hoc
2250 1173 2384 1212 impediri

1321 1206 1490 1238 Succursum
1508 1231 1518 1246 ,
1545 1218 1633 1247 quem
1654 1211 1713 1238 Rex
1734 1207 1875 1246 Maiestati
1898 1207 1998 1238 vestrae
2018 1208 2109 1240 facere
2128 1209 2264 1250 debebat,
2279 1213 2384 1251 scripsit

1323 1244 1397 1284 Regi
1413 1246 1531 1284 praefato
1546 1257 1556 1284 ,-
1587 1247 1682 1279 eidem
1696 1247 1840 1278 humiliter
1860 1247 1892 1277 &
1909 1246 2008 1277 seriose
2025 1246 2213 1288 Suplicando,
2232 1251 2312 1288 quod
2328 1253 2385 1290 ipsc

1322 1284 1411 1315 taliter
1433 1285 1594 1325 dignaretur
1615 1285 1642 1317 se
1661 1287 1689 1316 in
1709 1286 1800 1316 Facto
1816 1287 2013 1324 interponere,
2032 1285 2112 1324 quod
2123 1288 2229 1326 praefati
2245 1291 2333 1319 Duces
2349 1292 2384 1322 &

1323 1322 1451 1353 Marchio
1468 1324 1628 1356 desisterent
1645 1326 1682 1356 ab
1699 1324 1839 1362 Inceptis:

1360 1361 1397 1393 Et
1414 1362 1479 1394 licet
1495 1367 1627 1393 Dominus
1646 1367 1706 1393 Rex
1724 1363 1803 1401 super
1820 1362 1942 1394 Materifi
1961 1362 2094 1400 praetaeta
2107 1365 2227 1402 praefiitis
2244 1362 2387 1406 Principia

1322 1401 1374 1431 bus
1391 1400 1452 1432 satis
1469 1402 1569 1433 seriose
1584 1403 1741 1440 scribebat,
1760 1412 1828 1433 cum
1847 1402 1897 1441 ipsi
1918 1401 2015 1432 Duces
2029 1403 2130 1440 scripta
2152 1404 2241 1442 Regia
2259 1414 2318 1436 non
2335 1406 2386 1437 ad-

1323 1440 1472 1470 vertebant
1487 1465 1496 1478 ,
1526 1441 1573 1472 sed
1599 1442 1802 1472 continuarunt
1825 1440 1990 1470 Transitum
2009 1442 2132 1477 ipsorum
2148 1441 2311 1474 Hminem
2332 1444 2390 1476 istis

1322 1488 1373 1516 per
1397 1478 1562 1510 Dominum
1588 1479 1718 1510 nostrum
1744 1481 1881 1518 perceptis
1903 1488 1972 1510 tunc
1999 1480 2074 1509 idem
2099 1483 2230 1511 Dominus
2252 1468 2337 1522 noster
2360 1483 2389 1514 se

1322 1517 1424 1555 pariter
1450 1517 1587 1549 transtulit
1606 1518 1805 1550 Constantiam
1824 1541 1833 1556 ,
1859 1520 1893 1550 &
1910 1519 1985 1548 circa
2001 1520 2097 1557 Regem
2110 1528 2169 1550 tam
2183 1521 2326 1552 continuo
2343 1523 2388 1552 in*

1323 1555 1416 1595 stetit,
1435 1557 1516 1595 quod
1535 1558 1592 1595 ipse
1608 1560 1737 1587 Dominus
1754 1560 1814 1586 Rex
1832 1557 1901 1587 dixit
1919 1555 1953 1586 ad
1969 1565 2054 1594 euni,
2277 1590 2279 1594 Α

1359 1594 1403 1624 Ex
1419 1605 1478 1632 quo
1492 1595 1599 1636 praesati
1607 1599 1694 1626 Duces
1713 1595 1811 1634 scripta
1829 1595 1874 1626 sua
1898 1595 2006 1625 nollent
2025 1595 2168 1627 advertere
2185 1619 2195 1636 ,
2213 1597 2259 1628 sed
2275 1598 2384 1630 Trans-

1321 1634 1394 1664 itum
1422 1634 1546 1672 ipsorum
1572 1636 1740 1665 continuare
1755 1658 1765 1673 ‚
1793 1641 1863 1665 tunc
1884 1633 1989 1674 ipsein
2013 1633 2137 1665 Persona
2155 1636 2271 1676 proprii
2296 1638 2382 1670 vellet

1321 1670 1456 1703 accedere
1470 1673 1583 1704 eosdem
1594 1696 1604 1712 ,
1622 1675 1655 1705 &
1676 1675 1816 1712 materiae,
1834 1683 1921 1711 quam
1940 1673 2075 1703 habereut
2091 1683 2148 1711 praa
2162 1675 2310 1715 manibus,
2320 1677 2387 1708 bre*

1323 1720 1391 1741 vem
1410 1709 1475 1741 dare
1499 1711 1588 1742 finem
1604 1722 1610 1741 z
1638 1721 1698 1750 quo
1713 1712 1789 1742 facto
1807 1711 1890 1742 vellet
1902 1735 1912 1750 ‚
1929 1719 1997 1740 cum
2015 1710 2159 1742 Gentibus
2177 1714 2386 1751 praedicstorum

1323 1748 1543 1788 Dominorum,
1561 1751 1596 1782 δε
1616 1749 1671 1781 alio
1688 1749 1883 1789 praedisposito
1903 1749 2043 1786 Apparatu
2060 1771 2071 1787 ,
2089 1750 2219 1782 invadere
2238 1751 2261 1782 F
2263 1755 2389 1794 rancige·

1323 1797 1389 1827 naS‚
1408 1789 1441 1820 &
1458 1787 1523 1820 dare
1538 1788 1710 1820 Succursum
1728 1787 1870 1827 Maiestaii
1886 1787 2007 1820 vestrae:

1359 1830 1492 1857 Dominus
1509 1827 1596 1868 noster
1611 1831 1680 1858 Dux
1691 1851 1700 1865 ‚
1714 1828 1822 1866 sperans
1841 1826 1885 1857 illa
1902 1826 1998 1857 venire
2015 1824 2050 1855 ad
2067 1825 2306 1866 effestum,stetit
2316 1831 2389 1860 con-

1322 1866 1404 1896 tinuo
1426 1875 1535 1904 paratus
1559 1866 1593 1897 &
1617 1866 1765 1897 accinctus
1781 1864 1882 1903 affuit,
1900 1874 1970 1896 cum
1993 1863 2138 1895 Gentibus
2155 1865 2224 1904 suis,
2242 1866 2335 1898 donec
2353 1870 2388 1900 δε

1322 1904 1469 1943 quousque
1493 1905 1571 1935 idern
1587 1907 1717 1936 Dominus
1736 1903 1820 1944 noster
1839 1906 1899 1933 Rex
1918 1902 2066 1945 praesatum
2086 1906 2188 1933 Ducem
2211 1906 2386 1936 Ludovicum

1321 1943 1355 1972 de
1372 1946 1503 1973 Βατανέα
1513 1942 1687 1982 ,Comitem
1706 1943 1744 1974 de
1764 1942 1899 1981 Mortney
1913 1943 2044 1980 ,vocavit
2059 1941 2093 1972 δε
2109 1944 2223 1981 citavit,
2240 1954 2289 1982 per
2305 1946 2390 1975 lilasi-

1321 1980 1438 2012 chionem
1452 1982 1484 2011 de
1501 1982 1618 2020 Eadem,
1636 1983 1670 2012 ad
1688 1981 1807 2014 Curiam
1827 1981 1904 2011 suam
1923 1979 2080 2025 Regalem‘:
2107 1980 2141 2011 ad
2165 1991 2250 2019 quam
2265 1983 2388 2021 supradi-

1322 2020 1361 2050 ‹Sti
1377 2023 1465 2050 Duces
1479 2019 1517 2056 ᾤ’
1535 2019 1661 2051 Marcln'o
1681 2028 1894 2058 convenerant,
1912 2020 1964 2056 &,
1982 2018 2080 2049 auditis
2090 2019 2259 2057 judicialiter
2273 2022 2388 2054 hincin-

1321 2058 1358 2089 de
1379 2057 1506 2090 Partibus
1517 2084 1527 2097 ,
1554 2060 1642 2090 taliter
1656 2059 1766 2091 factum
1781 2059 1888 2096 extitit,
1906 2058 1987 2096 quod
2008 2056 2127 2088 Materia
2145 2068 2178 2089 ac
2195 2060 2329 2098 Qerelae
2344 2063 2387 2092 in·-

1321 2105 1363 2128 ter
1379 2098 1507 2135 praesatos
1525 2098 1674 2130 Dominos
1689 2098 1867 2129 mansuerunt
1884 2095 2018 2127 Indecisae
2029 2120 2039 2134 ,
2055 2097 2116 2127 &c.

1357 2134 1392 2166 Et
1410 2161 1419 2174 ‚
1445 2137 1510 2167 licet
1539 2137 1669 2174 praefatus
1686 2139 1818 2167 Dominus
1845 2132 1931 2175 nster
1959 2138 2028 2165 Dux
2053 2136 2088 2164 ab
2113 2136 2218 2175 initio,
2234 2137 2386 2176 postquam

1319 2174 1487 2205 conclusum
1502 2175 1554 2206 fuit
1571 2176 1723 2214 quomodo
1745 2176 1778 2206 ὃς
1798 2174 1914 2213 qualiter
1934 2177 2063 2204 Dominus
2087 2176 2148 2203 Rex
2167 2175 2279 2206 deberet
2306 2179 2387 2208 inva-

1317 2213 1387 2244 dere
1406 2214 1591 2254 Francigenas
1608 2237 1618 2253 ‚
1646 2215 1706 2246 &e
1731 2223 1839 2253 paratus
1862 2222 1931 2243 cum
1958 2211 2096 2242 Numero
2123 2212 2318 2254 Lanceirum,
2334 2216 2387 2246 fibi

1317 2252 1453 2290 deputato
1478 2254 1618 2284 continuo
1642 2252 1724 2285 affuit
1742 2277 1752 2292 ,
1779 2252 1816 2283 sic
1833 2251 1915 2291 quod
1932 2250 1972 2282 sui
1992 2259 2070 2288 parte
2085 2251 2175 2282 nutius
2189 2253 2317 2284 defectus
2339 2255 2390 2286 ad*

1315 2300 1373 2322 erat
1491 2299 1494 2302 ’

1355 2314 1447 2360 Piout
1465 2329 1530 2362 haec
1551 2330 1693 2370 Majestati
1712 2329 1814 2361 vestrae
1825 2353 1835 2367 ,
1851 2339 1900 2367 per
1917 2326 2103 2372 Consiliarios
2118 2328 2151 2359 &
2170 2328 2386 2362 Ambaxiatores

1319 2368 1442 2405 ejusdem
1458 2368 1630 2408 Majestatis,
1648 2370 1698 2408 qui
1713 2370 1741 2400 'in
1757 2368 1862 2399 Castro
1878 2367 1928 2398 suo
1944 2366 2129 2405 Oppenheim
2155 2368 2189 2398 δε
2208 2369 2274 2399 alibi
2289 2369 2385 2400 secum

1320 2407 1454 2446 fuerunt,
1471 2408 1583 2439 diversis
1599 2407 1718 2439 Vicibus
1736 2407 1882 2438 nunciavit
1893 2429 1903 2445 ,

1356 2446 1470 2476 Tamen
1500 2447 1613 2479 devenit
1638 2447 1672 2478 ad
1701 2446 1830 2477 auditum
1850 2446 1961 2476 Domini
1985 2442 2068 2483 nostri
2084 2443 2209 2481 praetaffi
2230 2468 2240 2482 ,
2266 2443 2384 2483 qualiter

1319 2484 1396 2515 idem
1417 2488 1548 2515 Dominus
1573 2485 1660 2526 noster
1679 2487 1739 2515 Rex
1758 2484 1878 2522 dixerit,
1903 2482 2016 2521 qualiter
2037 2482 2166 2526 praefatus
2185 2484 2317 2513 Dominus
2334 2496 2384 2514 no-

1310 2522 1369 2562 ster
1388 2526 1456 2553 Dux
1477 2526 1623 2562 praefatum
1651 2524 1817 2555 Transiturn
1846 2522 1927 2552 suum
1948 2520 2040 2551 versus
2059 2519 2240 2563 francigenas
2260 2522 2382 2559 impedi-

1319 2562 1389 2592 verit
1409 2585 1418 2600 ,
1446 2564 1474 2592 iii
1503 2573 1562 2601 quo
1583 2562 1732 2594 Dominus
1746 2561 1842 2593 noster
1861 2560 2038 2602 indignanter
2058 2559 2233 2602 inculpatur,
2256 2570 2322 2590 nani
2341 2561 2382 2591 se-

1319 2600 1447 2631 cundum
1468 2601 1545 2639 quod
1566 2601 1623 2639 ipse
1642 2602 1675 2632 ὅ(
1695 2600 1781 2630 Filius
1799 2600 1862 2630 suus
1887 2598 1949 2641 sunt
1968 2595 2108 2635 Maiestati
2127 2596 2229 2641 vestrae
2247 2599 2279 2630 &
2301 2598 2382 2639 Reg-

1318 2648 1359 2668 no
1377 2638 1480 2669 astrit-Zti
1500 2641 1529 2669 in
1549 2639 1696 2669 Affinitate
1713 2639 1747 2670 &
1767 2636 2039 2675 Consanguinitate,
2058 2643 2127 2666 tunc
2147 2637 2223 2666 idem
2235 2636 2382 2669 Dominus

1320 2677 1414 2707 noster
1440 2679 1532 2715 potius
1551 2678 1584 2708 &
1602 2678 1730 2708 libentius
1748 2699 1758 2715 ,
1775 2675 1930 2707 secundum
1950 2674 2054 2712 Poste,
2072 2683 2257 2712 promoveret
2275 2676 2382 2716 Nego-

1320 2716 1356 2745 tia
1376 2715 1466 2746 vestra
1476 2738 1486 2754 ,
1505 2725 1589 2753 quam
1606 2715 1771 2753 impediret,
1952 2751 1957 2757 ⁴
2029 2751 2036 2757 ι

1358 2753 1521 2791 Supplicati
1543 2756 1596 2784 itur
1615 2753 1762 2784 Dominus
1781 2752 1877 2784 noster
1897 2749 2037 2789 Maiestati
2057 2750 2157 2782 vestrae
2175 2761 2210 2782 ex
2227 2754 2344 2792 animo,
2361 2753 2382 2784 fi

1322 2793 1357 2822 ita
1376 2792 1442 2823 esset
1462 2763 1541 2831 quog
1558 2793 1619 2824 talia
1637 2793 1773 2823 venissent
1792 2792 1827 2822 ad
1846 2789 1971 2821 auditum
1992 2789 2119 2834 vestrum
2138 2790 2286 2829 Regium,
2302 2791 2381 2829 quod

1323 2831 1373 2861 illis
1395 2841 1455 2861 non
1481 2831 1571 2862 velitis
1593 2831 1726 2862 adhibere
1744 2830 1831 2862 fidem
1858 2831 1938 2868 (nam
1956 2837 2067 2860 veritati
2084 2837 2145 2858 non
2164 2828 2324 2867 subsistunt)
2345 2831 2379 2862 &t

1321 2869 1410 2908 ipsum
1429 2871 1473 2907 pie
1489 2870 1591 2900 habere
1610 2870 1779 2901 excusatum.
2027 2905 2032 2910 ¹
2308 2899 2310 2901 ,
2359 2906 2366 2912 ·

1359 2907 1495 2940 Praefatus
1522 2908 1669 2940 Dominus
1693 2907 1788 2939 noster
1816 2906 1902 2945 Dux,
1919 2903 2218 2950 quamcito-praeta&a
2237 2905 2274 2949 ad
2291 2903 2381 2949 Audi-

1321 2955 1383 2977 tum
1399 2947 1481 2977 suum
1501 2955 1710 2986 pervenerunt,
1724 2949 1754 2977 in
1765 2946 1922 2985 praesentia,
1935 2941 2171 2986 Reverendiffimi
2182 2942 2305 2974 Domini
2324 2954 2380 2975 no-

1322 2985 1387 3024 stri,
1404 2985 1525 3025 Epifiopi
1551 2985 1744 3054 Wintoniertiss
1757 3010 1767 3023 ‚
1794 2982 1969 3022 personaliter
1986 2981 2020 3012 &
2038 2981 2162 3011 veridice
2175 2981 2202 3012 se
2218 2983 2376 3022 excusavit,

1321 3025 1355 3056 δε
1371 3026 1478 3063 rogavit
1495 3024 1619 3055 eundern
1639 3026 1699 3062 quo
1736 3023 1855 3061 praefato
1866 3023 1980 3050 Domino
1996 3022 2062 3056 Regi
2080 3020 2164 3051 vellet
2186 3020 2224 3051 sui
2242 3030 2319 3059 parte
2335 3021 2378 3052 di-

1321 3073 1385 3094 cere
1396 3086 1404 3100 ,
1420 3064 1448 3093 in
1465 3063 1526 3094 casu
1543 3074 1603 3102 quo
1619 3063 1675 3101 ipse
1692 3062 1756 3092 Rex
1773 3070 1832 3091 non
1848 3058 1932 3089 vellet
1947 3057 2086 3095 Maiestati
2105 3058 2204 3089 vestrae
2220 3059 2285 3090 dare
2303 3059 2377 3090 Suc-

1321 3101 1451 3139 cursum,
1469 3110 1538 3132 tunc
1565 3101 1620 3139 ipse
1644 3103 1774 3130 Dominus
1795 3097 1880 3139 noster
1897 3099 1987 3139 Dux,
2005 3096 2057 3127 suis
2076 3098 2196 3135 propriis
2212 3097 2379 3136 Sumptibus

1321 3141 1355 3172 &
1374 3139 1526 3179 Expensis,
1554 3138 1730 3177 personaliter
1751 3136 1817 3167 velit
1834 3136 1860 3167 se
1878 3135 2042 3174 conspes‘tui
2061 3135 2156 3166 vestro
2170 3137 2332 3173 praesentare
2347 3137 2378 3167 in

1321 3178 1513 3209 Succursum:
1533 3177 1682 3215 postquam
1701 3179 1833 3205 Dominus
1849 3177 1909 3204 Rex
1924 3184 1941 3204 a
1958 3174 2075 3212 praefato
2099 3173 2233 3205 Domino
2252 3175 2379 3215 Epifiopo

1323 3216 1504 3255 Wintonienfi
1526 3215 1659 3246 intellexit
1677 3215 1740 3245 haec
1756 3237 1766 3252 ,
1789 3215 1971 3251 indignantur
1999 3212 2042 3243 illa
2057 3212 2195 3252 suscepiv,
2213 3214 2272 3245 &c.
2291 3221 2378 3252 prout

1322 3254 1401 3284 idem
1416 3253 1562 3284 Dominus
1578 3254 1681 3291 poterit
1698 3252 1877 3291 Majestatem
1893 3251 2013 3284 vestram
2028 3250 2188 3282 distinctius
2205 3252 2377 3290 informare,

1322 3292 1435 3331 peracta
1454 3291 1553 3324 votivii
1570 3291 1616 3322 sus
1633 3291 1878 3330 Peregrinatione:
2130 3330 2134 3334 Ι

1359 3329 1415 3361 Co
1425 3338 1447 3360 N
1460 3340 1472 3361 s
1483 3338 1506 3360 τ
1518 3340 1537 3360 A
1551 3338 1574 3360 ’r
1600 3331 1684 3361 etiam
1704 3331 1785 3368 quod
1803 3328 1902 3367 expost
1912 3353 1922 3368 ,
1945 3328 1982 3360 de
1996 3328 2042 3360 die
2061 3329 2090 3358 in
2106 3327 2184 3359 diem
2196 3352 2206 3366 ,
2223 3328 2376 3372 multas&

1321 3378 1436 3407 magnas
1460 3369 1677 3406 ingratitudines
1704 3370 1738 3401 &
1771 3368 1918 3399 Molestias
1945 3368 2080 3398 Domino
2101 3366 2200 3397 nostro
2224 3367 2376 3403 ostendit;

1320 3417 1387 3438 narn
1398 3430 1408 3446 ,
1423 3406 1457 3438 ad
1473 3407 1634 3438 Instantiam
1651 3409 1845 3446 praenominati
1857 3410 1969 3437 Domini
1986 3409 2070 3436 Ducis
2085 3405 2224 3449 LugiovIci
2233 3405 2376 3434 deBava-

1319 3450 1378 3484 ria,
1400 3446 1547 3484 praefatum
1572 3446 1736 3477 Dominum
1753 3469 1763 3485 ,
1782 3445 1948 3476 Dominum
1965 3443 2116 3481 nostrum,
2132 3443 2255 3487 indebite
2274 3444 2307 3474 &
2327 3444 2375 3474 ali-

1318 3493 1360 3554 tser
1384 3494 1466 3522 quarn
1492 3484 1552 3529 fieri
1572 3485 1739 3516 consuetum
1757 3484 1815 3523 est,
1834 3484 1935 3515 Literis
1954 3483 2006 3514 suis
2023 3481 2184 3519 Citatoriis,
2201 3480 2236 3511 ad
2255 3480 2373 3514 Curiam

1330 3532 1394 3554 uam
1413 3532 1545 3554 vocavit:

1354 3566 1370 3578 ⁸*
1380 3560 1427 3592 Ad
1446 3571 1509 3600 quae
1526 3561 1670 3593 Dominus
1686 3561 1781 3593 noster
1796 3560 1955 3598 responsive
1968 3558 2018 3602 fibi
2031 3556 2183 3601 rescripsit,
2202 3557 2281 3595 quod
2296 3568 2369 3590 nun-
2387 3564 2403 3580 *ν
2418 3564 2471 3594 lx,

1553 3601 1708 3638 Querelam
1722 3601 1766 3631 vel
1781 3599 1992 3637 Impetitionem
2007 3594 2197 3634 intellexisset,
2216 3606 2282 3634 quas
2297 3608 2370 3636 prae-
2387 3603 2455 3637 609.

1339 3609 1403 3630 uam
1415 3600 1449 3630 ali
1472 3609 1536 3631 uam

1318 3609 1388 3669 tfinus
1408 3610 1476 3668 Du}
1496 3638 1648 3670 Lodovicus
1671 3647 1770 3670 contra
1788 3638 1877 3676 ipsum
1899 3635 2065 3679 Dominum
2080 3634 2216 3678 'nostrum
2238 3635 2369 3677 haberet,

1317 3677 1382 3715 quia
1402 3686 1457 3707 nec
1478 3676 1577 3707 Verbo
1599 3678 1644 3708 vel
1667 3677 1782 3714 Scriptis
1801 3683 1945 3717 nunquam
1965 3672 2056 3717 ipsum
2077 3673 2297 3718 impetivss'setffi
2313 3685 2368 3708 nec
2395 3716 2399 3718 -

1317 3714 1387 3745 esset
1408 3715 1551 3752 requisitus
1573 3725 1620 3754 per
1639 3715 1775 3753 Regem,
1814 3722 1877 3744 rout
1897 3711 2043 3748 Principes
2063 3709 2210 3742 Eiectores
2220 3715 2322 3757 requiri
2335 3716 2370 3746 δε

1317 3752 1389 3783 trahi
1397 3752 1544 3821 {eberent
1558 3776 1568 3792 ‚
1591 3753 1626 3784 ad
1648 3753 1778 3784 standum
1816 3752 1857 3782 uri
1871 3774 1881 3788 ‚
1902 3757 1987 3796 prout
2010 3747 2074 3779 Rex
2095 3748 2153 3780 hoc
2173 3760 2235 3780 non
2257 3761 2372 3790 ignora-

1318 3799 1361 3821 ret
1431 3801 1457 3822 c.

1356 3814 1411 3859 S'ed
1420 3854 1430 3865 ,
1447 3831 1475 3859 in
1489 3829 1550 3860 casu
1566 3840 1626 3868 quo
1639 3830 1715 3860 idern
1728 3828 1873 3859 Dominus
1886 3829 1955 3856 Dux
1972 3825 2124 3856 Lodovicus
2138 3826 2303 3859 Dominum
2317 3839 2371 3860 no-

1318 3866 1406 3896 strum
1420 3868 1521 3906 absque
1534 3867 1715 3906 Imperitione
1729 3873 1792 3898 non
1803 3865 1891 3904 posset
1906 3874 1960 3894 nec
1974 3865 2057 3894 vellet
2073 3865 2228 3904 dimittere,
2247 3868 2280 3898 &
2302 3867 2370 3898 Ma-

1316 3907 1415 3936 teriam
1427 3915 1542 3944 propter
1557 3916 1643 3944 quam
1657 3907 1748 3937 eidem
1767 3904 1901 3934 Domino
1914 3902 2011 3932 nostro
2023 3903 2100 3934 daret
2114 3905 2252 3942 intelligi,
2269 3915 2369 3943 quam-

1317 3944 1376 3974 cito
1396 3952 1465 3974 tunc
1487 3944 1634 3974 Dominus
1657 3945 1721 3974 Rex
1745 3942 1948 3972 Romanorum
1976 3941 2099 3972 eundem
2122 3941 2286 3973 Dominum
2316 3953 2370 3973 no-

1319 3981 1410 4012 strum
1425 3981 1543 4014 Ducem
1556 3992 1655 4013 coram
1668 3982 1704 4013 Se
1719 3982 1752 4012 ὃς
1767 3980 1943 4010 Εἰεόὶοτίὸιιε
1964 3979 1999 4011 ad
2021 3979 2138 4013 Dietam
2158 3989 2266 4013 certam
2286 3991 2375 4014 voca-

2320 4027 2382 4058 ret,
