2562 4274
35 276 120 306 1421.

6 310 70 335 Hm.
88 314 116 342 5.

696 142 808 182 ET
890 144 1157 185 ACTA
1214 145 1691 193 PUBLICA.

5 229 82 262 Ann.
99 227 140 258 D.
157 229 246 259 tentio
260 228 375 266 Filialis,
395 229 564 267 quinymmo
579 227 658 266 super
682 227 919 260 commendabilia
942 228 1031 259 Gesta
1049 229 1139 260 Patris
1159 239 1225 268 pro·
1259 230 1379 269 Justitize
1401 233 1540 270 pertinere
1559 234 1730 274 noscuntur,
1748 237 1838 268 nichil
1859 238 2001 278 specialius
2016 239 2144 278 Regibus
2161 241 2195 272 δε
2208 242 2317 274 Princi-
2331 244 2409 275 Ann.
2420 245 2463 278 D.

159 267 234 298 ficiat
249 268 281 298 ἃ
293 275 389 306 augeat
406 267 484 304 quod
498 268 647 298 incumbit.

197 306 286 342 Sane,
304 305 416 336 saneta:
430 305 601 342 Memoriae,
620 305 746 336 Proavus
763 304 874 340 noster,
898 304 1069 344 Beatiffi'mus
1093 306 1219 336 L'udovi-

158 355 216 382 cus,
236 346 308 373 inter
323 351 441 381 cjaetera,
457 345 542 381 quam
556 344 657 374 dilecta
672 352 812 382 quamque
826 343 938 381 pulcra,
958 343 1142 380 Ecclefiarum
1160 345 1220 374 Dei

157 383 281 420 undique
294 382 507 420 Tabernacula,
527 382 597 412 infra
612 381 696 419 Septa
709 380 828 411 Domfis
851 381 896 411 seu
920 380 1015 412 Palatii
1034 382 1145 422 Regalis
1167 383 1220 413 Pa-

157 421 250 458 xifius,
267 420 294 448 in
310 418 434 451 Honore
449 420 508 450 Dei
525 420 744 459 Omnipotentis
757 419 790 449 δε
809 419 1000 451 Sacrosanetae
1022 419 1134 459 Spineae
1156 419 1217 450 Co-

157 458 260 489 ronaei
282 457 332 487 iius
345 457 471 488 Domini
482 459 546 497 jesu
561 457 683 494 Christi,
700 457 846 496 quoddam
864 458 1002 489 Fundavit
1024 459 1057 489 ὃς
1078 457 1218 489 AEdifica-

157 498 198 527 vit
212 466 415 526 Hagitaculum
433 497 607 534 perinsigne,
625 496 694 526 ficut
710 497 749 525 rei
764 496 906 526 evidentia
919 496 1049 533 declarat,

195 533 228 564 In
245 544 301 572 quo
314 534 400 573 fulget
420 534 577 565 Thesaurus
595 533 763 564 admirabilis
781 533 945 564 Salutarium
966 535 1141 566 Vexillorutn
1168 535 1218 567 Sa-

157 572 318 603 cratiffimae
330 572 497 603 Dominicae
510 572 662 609 Passionis,
679 572 732 609 ipsa
753 572 905 608 (videlicet)
925 572 1044 603 Corona
1064 574 1155 611 spinea
1176 584 1216 604 at-

156 618 213 648 que
228 611 350 649 Lignum
369 610 470 641 Crucis
486 609 626 648 vivificae,
646 620 712 649 quas
725 611 785 649 pius
800 610 978 650 Redemptor
997 613 1144 650 omniurn,
1164 622 1215 651 pro

157 649 274 679 humani
289 649 501 686 Redemptione
512 648 648 686 Generis,
667 649 716 679 suo
730 648 843 679 Cruore
856 649 935 679 roseo
947 649 1119 681 consecravit
1133 674 1142 688 ,

197 687 258 726 Ipse
269 687 383 726 quidem
399 686 544 716 Almificus
560 685 713 717 Confeffor
729 687 853 717 Domini
868 687 1041 726 Ludovicus,
1056 688 1097 718 ob
1112 688 1217 719 Sandis.

159 725 334 756 Sanetorum
349 726 378 755 in
394 723 510 762 Capella
523 725 655 764 praedidia
670 726 713 756 seu
730 727 759 755 in
782 725 885 755 eodem
905 725 1075 756 Habitaculo
1097 727 1215 758 mirifice

160 764 276 800 collata,
296 765 369 793 circa
383 762 587 794 Fundationem
601 774 633 794 ac
649 764 870 795 venerationem
884 764 970 794 diCtae
986 762 1110 801 Capellae
1123 765 1149 794 se
1162 766 1217 795 fer-

160 803 240 833 venti
255 801 422 831 Devotione
435 810 529 832 toturn
544 802 726 840 impendens,
744 811 774 832 ut
787 803 816 831 in
830 802 862 832 ea
876 802 1011 832 cresceret
1026 804 1059 834 ὃς
1081 803 1218 834 resonaret

161 841 271 870 ulterius
285 839 451 877 Magestatis
463 839 601 870 altiffimae
615 841 672 870 laus
686 840 720 870 &
734 840 835 877 decus,
859 840 893 870 ad
916 839 1017 869 Divini
1031 840 1136 871 Cultfis
1152 851 1219 880 aug-

159 878 363 909 mentationem
372 901 381 917 ,
400 877 482 908 Octo
496 878 665 917 Principales
678 877 1063 916 Capellanos,quoddamque
1078 878 1221 910 Officium

159 916 349 947 Thesaurariae
367 916 465 956 (quod
480 926 529 954 per
542 917 658 946 alterum
671 916 817 946 dietorum
832 915 1030 955 Principalium
1051 914 1221 955 Capellano-

160 965 226 985 rum
239 954 363 986 exerceri
375 953 520 997 dispostrit,
537 956 570 985 ὃς
583 954 662 983 illum
678 952 851 994 Magistrum
863 951 1048 994 Capelianum
1061 955 1147 987 dietae
1162 954 1221 988 Ca-

160 994 242 1033 pellae
259 994 395 1028 vocavit)
413 992 528 1023 instituit
542 993 571 1022 in
585 992 695 1029 eadem,

200 1032 258 1062 Pro
276 1041 398 1070 quorum
412 1029 619 1061 Sustentatione
639 1033 826 1068 Septingenta:
850 1030 952 1060 Libras
973 1031 1134 1071 Parifiensts
1159 1032 1221 1064 An-

163 1072 211 1101 nui
228 1069 382 1108 Redditus,
401 1069 588 1108 percipiendas
601 1069 636 1099 ab
656 1069 718 1106 ipsis
734 1069 824 1099 Annis
835 1068 962 1108 singulis,
980 1070 1105 1109 affignari
1119 1072 1221 1102 endem

160 1110 193 1178 {p
206 1109 278 1153 locis
291 1110 442 1177 condgruis,
460 1117 510 1147 per
525 1116 635 1146 certos,
654 1107 689 1138 ad
701 1107 758 1138 hoc
773 1107 920 1148 deputatos
930 1109 965 1139 ab
980 1109 1057 1148 ipso,
1076 1109 1222 1141 Commis-

174 1157 245 1178 arios
279 1157 343 1177 man
365 1155 420 1176 avrt

201 1169 262 1216 Sed'
270 1169 568 1223 Christus,⁷Proceffi1
589 1185 722 1224 temporis
747 1183 863 1222 (Affifia
882 1185 1020 1216 dictarum
1040 1188 1223 1224 Septingenta-

163 1228 224 1253 ium
241 1223 394 1254 Librarnm
413 1222 598 1263 Parifienfium
611 1222 693 1254 dietis
708 1222 911 1262 Principalibus
924 1223 1079 1263 capellanis
1101 1227 1223 1256 minime

163 1261 361 1331 ig&z})stipsum
383 1261 530 1293 Proavum
551 1261 677 1293 nostrum
696 1262 732 1293 de
753 1261 888 1293 Terreno
906 1262 1013 1302 Regno
1035 1263 1170 1295 transtulit
1190 1264 1224 1294 ad

195 1310 225 1330 oe
236 1310 251 1330 e
277 1311 291 1331 e
961 1330 963 1340 ,
1208 1336 1209 1339 ¹

201 1324 369 1379 inclusique
383 1339 584 1371 recordationis
597 1339 748 1379 Philippus,
764 1338 849 1370 Filius
861 1339 918 1378 ejus
934 1338 1157 1379 primogenitus,
1179 1342 1227 1370 A-

163 1382 218 1407 *vur
233 1377 319 1418 noster
333 1401 343 1417 ,
360 1379 411 1409 fibi
423 1379 574 1410 succedens
590 1379 618 1409 in
635 1378 756 1417 Regno,
775 1379 873 1408 volens
887 1378 957 1408 illius
970 1379 999 1407 in
1013 1378 1066 1409 hac
1082 1386 1157 1416 parte
1169 1379 1227 1409 lau-

166 1416 256 1447 dabile
268 1417 449 1455 Propofitum
464 1417 629 1455 adimplere,
647 1417 736 1448 dietas
751 1419 936 1455 Septingentas
949 1416 1052 1446 Libras
1068 1415 1227 1458 Parifienses

166 1455 248 1486 dietis
261 1455 464 1494 Principalibus
477 1454 634 1494 Capellanis
647 1455 809 1494 affignavit,
826 1455 899 1494 apud
913 1454 1071 1493 Templum
1081 1479 1090 1492 ,
1107 1457 1151 1485 vel
1167 1457 1229 1486 ubi-

169 1503 291 1532 cumque
303 1493 372 1525 effet
387 1494 546 1524 Thesaurus
561 1493 687 1533 Regius,
704 1503 753 1533 per
769 1503 866 1524 manus
880 1493 1055 1523 Theiaurarii
1078 1494 1230 1524 parisiensis

144 1550 150 1556 ·
170 1542 221 1570 pro
236 1540 381 1571 ternpore,
400 1530 563 1570 capiendas,
580 1540 666 1571 prout
680 1542 709 1562 m
723 1532 867 1562 dierorum
887 1532 905 1550 *ί*
931 1531 1020 1561 Provi
1039 1532 1073 1562 &
1093 1532 1150 1562 Avi
1175 1542 1231 1562 no-

169 1570 311 1607 strorum,
329 1571 407 1611 super
421 1571 479 1601 hoc
495 1571 650 1609 confectis,
670 1571 771 1607 Literis
788 1569 894 1606 plenitis
919 1571 1094 1606 continetur,

206 1608 366 1648 Capiebant
380 1609 438 1639 insu
460 1620 490 1639 er
502 1609 570 1639 dieti
584 1609 754 1648 Principales
769 1607 930 1646 Capeliani,
953 1607 1092 1646 praediri&
1111 1606 1231 1646 Philippo

168 1650 256 1687 Rege,
277 1647 349 1678 Filio
361 1648 431 1678 dieti
465 1644 518 1677 eati
534 1647 683 1684 Ludovici,
700 1646 804 1676 sublato
818 1645 854 1675 de
868 1646 980 1683 medio,
997 1655 1051 1685 pro
1064 1646 1147 1684 ipsius
1167 1648 1230 1677 An-

168 1686 334 1724 niversario,
347 1687 377 1717 in
392 1685 575 1716 Thelauraria
590 1683 748 1722 Parisiensr,
772 1683 863 1714 Annis
883 1683 1010 1724 fingulis,
1038 1686 1107 1714 0530
1128 1685 1231 1715 Libras

167 1727 235 1755 Pari
245 1736 288 1755 ren
301 1736 335 1754 es.

205 1725 255 1793 Is
260 1724 333 1802 1341,
349 1762 560 1800 percipiebant,
578 1762 608 1791 in
621 1758 776 1791 Castelleto
788 1758 923 1798 Parifius,
958 1770 992 1791 ro
1011 1759 1105 1792 Dono
1118 1760 1232 1800 Johan-

169 1805 212 1833 nis
232 1803 263 1831 de
283 1800 398 1831 Camerti
418 1799 725 1837 Presbiterinssihatuor
744 1797 847 1828 Libras
863 1769 1029 1839 Pariszpenfts.

209 1840 253 1870 ΙΤ
264 1850 281 1871 E
292 1848 389 1878 M,pro
403 1837 650 1875 Escambio,faet0
665 1846 734 1868 curn
748 1838 870 1866 Guidone
885 1837 916 1867 de
932 1837 1228 1877 Landuno,Magistro

170 1877 328 1916 Capellano
338 1878 385 1908 seu
397 1877 580 1907 Thesaurario
593 1877 674 1913 iplius
691 1874 825 1913 Capellae,
834 1877 941 1912 Viginti
950 1876 1052 1906 Libras
1065 1873 1233 1917 Parifienfi’s.

210 1916 223 1946 Ι
235 1925 258 1946 Τ
267 1926 283 1947 E
294 1925 320 1946 M
330 1940 339 1955 ,
357 1926 409 1954 pro
429 1914 523 1946 Dono
537 1914 606 1946 dieti
619 1915 749 1944 Gnidonir
760 1914 894 1943 sexdecim
909 1913 1007 1944 Solidos
1022 1916 1055 1945 ὃς
1071 1919 1123 1945 Sex
1138 1918 1235 1946 Dena-

171 1958 224 1986 rirts
243 1954 400 1994 Parifienfis

211 1993 256 2024 I'r
267 2003 283 2023 E
295 2002 339 2032 M,
359 1993 566 2033 percipiebant,
583 1993 612 2022 in
628 1992 662 2022 &
676 1990 757 2030 super
772 1990 919 2021 Thesauro
933 1991 1072 2031 praediCto
1089 2015 1099 2030 ,
1117 1999 1170 2031 pro
1187 2002 1236 2023 an-

172 2033 258 2072 tiquis
274 2031 448 2071 Capellanis,
465 2031 594 2061 Summas
608 2030 760 2067 Pecuniae,
775 2039 839 2066 quae
850 2029 1014 2068 sequuntur,
1035 2030 1194 2069 videlicet,

212 2071 271 2102 Pro
285 2070 459 2101 Fundatione
471 2067 641 2108 Capeuaniae
654 2067 751 2099 Sancti
764 2067 938 2107 Clementis,
964 2071 1070 2106 VigInti
1091 2067 1158 2098 duas
1181 2072 1235 2099 Li-

172 2109 239 2141 bras
250 2108 426 2149 ,Parifienseg

213 2147 273 2178 Pr'o
287 2147 466 2178 Fundatione
479 2144 650 2184 Capellaniae
672 2143 768 2175 Sancti
791 2144 871 2176 Blasii
892 2147 1002 2184 Viginti
1023 2144 1128 2176 Libras
1154 2147 1237 2176 Pari-

185 2198 227 2217 ten
239 2198 265 2217 es

167 2187 197 2228 s
235 2210 458 2257 ro'Fundatione
471 2222 640 2263 Capelianiae
655 2221 751 2252 Saneti
765 2221 927 2260 Nicholai,
952 2226 1027 2253 retro
1051 2222 1146 2253 Altare
1165 2222 1236 2254 infe-

173 2264 254 2294 rioris
273 2263 398 2302 Capellae
414 2266 443 2294 in
456 2262 610 2294 Castelleto
626 2260 717 2296 Paris,
736 2263 862 2297 Triginta
876 2264 940 2291 Tm
963 2261 1067 2290 Libras
1093 2263 1184 2298 Paris,

214 2301 273 2333 Pro
289 2301 475 2339 Castellenia,
494 2310 578 2339 quam
594 2299 687 2330 Frater
701 2299 799 2328 Petrus
813 2299 844 2328 de
860 2300 1031 2338 Condeto,in
1045 2300 1236 2331 honoreBea-

174 2343 200 2371 ti
215 2343 368 2379 Ludovici‚
388 2341 528 2372 Fundavit
542 2338 667 2376 ibidem,
686 2337 795 2375 Viginti
814 2337 915 2368 Libras
937 2340 1028 2377 Paris,

212 2380 246 2410 ln
260 2381 342 2411 dieto
353 2380 514 2418 Thesauro,
674 2415 679 2420 ¹
1108 2413 1114 2417 ⁷
1188 2417 1191 2418 V

211 2418 268 2458 Et,
285 2429 338 2457 pro
353 2419 516 2458 Augmento
527 2415 603 2455 quod
625 2415 693 2446 fecit
713 2413 806 2445 eidem
827 2414 998 2453 Capellaniae
1023 2415 1158 2456 Magister
1174 2420 1236 2448 Mi-

175 2456 254 2487 chael
268 2458 300 2487 de
316 2457 513 2495 Bondranato,
531 2457 639 2492 Viginti
653 2454 764 2484 Novem
781 2453 1044 2497 LdrassQinque
1065 2454 1181 2495 Solidos,
1198 2455 1236 2492 &-

177 2498 254 2526 Duos
272 2499 408 2526 Denarios
419 2498 509 2525 Paris.

216 2534 351 2565 Demum
364 2545 450 2572 vero,
467 2531 624 2564 recolendae
638 2531 802 2570 memoriae,
820 2530 967 2562 Dominus
987 2531 1020 2564 &
1042 2532 1166 2564 Genitor
1187 2542 1239 2566 no-

178 2572 233 2603 ster
246 2574 415 2611 carissimus,
432 2573 576 2603 Dominus
590 2574 650 2600 Rex
666 2570 810 2613 Philippus,

217 2611 323 2650 Fortis,
341 2611 497 2642 veriffimus
532 2620 564 2640 ac
579 2609 782 2640 strenuiffimus
794 2612 843 2639 {uo
855 2617 985 2648 tempore
1007 2608 1093 2640 Miles
1114 2610 1239 2650 Christi,

178 2660 213 2681 ac
228 2650 306 2680 Fidei
320 2650 478 2681 Catholicae
500 2634 642 2679 Defensor
657 2648 815 2690 praecipuus
871 2647 1051 2692 cujus-Fidei
1074 2648 1182 2693 Buritas
1205 2651 1239 2681 &

179 2688 354 2728 Devotionis
370 2688 517 2719 Sinceritas
531 2689 561 2717 in
577 2687 705 2717 Fornace
717 2686 796 2725 hujus
812 2670 896 2717 V'allis
909 2690 1025 2717 milenae
1048 2690 1148 2719 enituit
1169 2689 1239 2719 sicut

181 2727 429 2804 Aligldeapellam
451 2765 624 2808 praedietam'
641 2763 760 2804 quadam
783 2762 970 2808 Praerogativa
990 2763 1120 2803 Favoris,
1143 2774 1241 2804 gerens

183 2806 295 2836 eximiae
307 2805 463 2834 dilectionis
475 2805 507 2835 δε
520 2805 639 2834 caritatis
651 2802 798 2833 Affectum
807 2825 816 2840 ,
830 2812 943 2839 cupiens
958 2812 986 2832 in
1001 2803 1032 2833 ea
1048 2803 1168 2834 Cultum
1183 2804 1240 2834 Di-

182 2845 242 2875 vini
257 2843 397 2873 Nominis
416 2843 604 2881 augmentari,
627 2841 760 2879 Qatuor
782 2839 947 2871 Praebendas
970 2840 1109 2871 Novellas
1122 2864 1130 2879 ,
1154 2851 1185 2872 ut
1206 2843 1242 2873 ita

182 2882 348 2921 loquamur,
374 2881 535 2911 Praebendis
562 2879 714 2917 Antiquis,
737 2880 765 2908 in
790 2878 999 2910 Emolumentis
1017 2880 1050 2911 ὅ(
1073 2879 1242 2911 Redditibus

182 2921 339 2959 omnibus,
357 2919 516 2950 consimiles
527 2917 621 2948 statuit
637 2919 670 2960 St
682 2917 815 2956 aequales,
837 2955 842 2960 ι
1084 2956 1091 2960 .

226 2959 357 2997 Qarum
372 2959 510 2995 Summa,
527 2966 578 2995 pro
591 2956 717 2994 quolibet
730 2953 937 2994 Canonico,ad
952 2955 1040 2987 dietas
1055 2956 1158 2988 Novas
1166 2957 1245 2987 Prae-

185 2998 290 3028 bendas
303 2997 448 3034 instituto,
465 2996 498 3026 &
514 2994 686 3024 instituendo
700 3003 752 3033 pro
772 3002 916 3031 tempore,
943 2994 1041 3025 habito
1060 2996 1186 3033 respestu
1211 2997 1244 3027 ad

186 3035 374 3073 Portionetn,
392 3034 549 3074 quemlibet
563 3033 744 3072 antiquorum
760 3031 958 3070 Principalium
978 3032 1022 3063 Ca
1043 3033 1244 3072 ellanorum,in

188 3074 271 3104 'distis
284 3074 470 3112 Septingentis
485 3072 579 3102 Libris
594 3070 802 3108 Parisiensibus,
819 3079 871 3107 pto
883 3069 925 3107 se,
942 3071 975 3100 &
1028 3071 1128 3110 agistro
1143 3071 1245 3109 Capel-

189 3113 272 3151 lano,
290 3113 396 3142 ratione
408 3110 509 3140 Officii
523 3110 564 3141 sui
577 3109 768 3140 Thesaurariae
783 3131 793 3146 ,
819 3111 1052 3147 contingentem,
1077 3109 1118 3139 est
1135 3113 1246 3148 Septua-

185 3155 267 3190 ginta
281 3154 383 3188 Septem
396 3149 503 3186 Librae,
511 3149 678 3185 Quindecim
691 3147 789 3185 Solidi,
807 3149 909 3185 Septem
923 3150 1039 3177 Denarii
1060 3147 1229 3188 Parifienses,

230 3189 268 3220 Et
282 3189 320 3219 fic
334 3188 375 3218 est
387 3188 506 3218 Summa
518 3186 647 3223 Totalis,
668 3196 719 3223 pro
731 3186 813 3217 dietis
834 3186 968 3223 Qatuor
987 3186 1157 3222 Canonicis,
1182 3191 1246 3217 Tre-

193 3235 277 3258 centae
294 3227 418 3256 Undecim
430 3224 524 3255 Librae
535 3249 544 3262 ,
562 3227 625 3252 Duo
640 3224 734 3263 Solidi,
745 3225 877 3264 Quinque
895 3227 1012 3253 Denarii
1039 3224 1159 3264 Parifien
1171 3236 1209 3264 es,

229 3265 391 3304 Volensque
404 3263 535 3299 eosdem,
553 3261 721 3304 Magistrum
736 3263 909 3300 capellanum
931 3262 1055 3300 Capellae
1076 3263 1219 3301 praedietae
1239 3288 1249 3303 ,

192 3306 227 3337 &
242 3305 306 3335 alios
321 3302 489 3341 Principales
503 3299 670 3337 Capellanos
682 3300 822 3339 ejusdem,
844 3301 984 3331 honorare
1006 3303 1221 3339 quodammodo
1239 3328 1249 3342 ‚

194 3344 305 3375 diffitum
321 3341 490 3379 Magistrum
507 3337 679 3377 Capellanum
701 3337 814 3375 Capella
856 3339 972 3368 raedift'ae
998 3340 1029 3370 T
1039 3349 1060 3369 H
1071 3350 1088 3370 E
1100 3350 1111 3371 s
1122 3351 1140 3371 A
1149 3350 1172 3371 υ
1182 3350 1206 3371 R
1215 3351 1248 3370 A·

195 3392 221 3413 R
232 3392 242 3412 1
252 3391 274 3413 u
286 3390 312 3411 Μ
330 3382 383 3414 (&
397 3380 515 3416 merito,
533 3386 663 3415 tanquam
679 3377 748 3406 tanti
761 3376 828 3406 The
838 3378 911 3414 auri,
930 3377 1000 3407 ficut
1012 3378 1154 3409 didiarum
1170 3379 1251 3410 Reli-

194 3422 340 3461 quiarum,
357 3417 517 3449 Custodem
529 3416 562 3446 &
576 3413 762 3451 Ministrum)
788 3415 821 3445 &
837 3415 921 3444 dieras
945 3415 1102 3453 Capellanos
1122 3418 1146 3448 P
1157 3426 1201 3448 Rl
1211 3425 1251 3448 Ν-

195 3467 374 3491 cIPALEs
392 3455 636 3487 CANONICOS
651 3453 807 3491 appellavit.

236 3497 403 3534 Ordinavit,
419 3496 545 3534 insuper,
564 3493 641 3523 idem
653 3491 800 3521 Dominus
820 3492 854 3523 &
873 3490 996 3521 Genitor
1022 3492 1117 3523 noster
1129 3516 1139 3531 ,
1158 3494 1187 3524 in
1203 3493 1253 3525 suo

194 3536 403 3572 Testamento,
418 3530 645 3564 Anniversarium
661 3530 756 3568 suum,
776 3530 864 3560 Annis
875 3530 1039 3569 singulis,in
1054 3530 1170 3571 Capella
1184 3542 1256 3570 prae-

196 3575 289 3614 dicita,
306 3575 343 3605 de
356 3582 462 3604 caetero
473 3573 505 3603 ὃς
522 3572 659 3610 perpetuo
673 3569 822 3605 celebrari,
839 3568 966 3606 Legans,
984 3579 1037 3606 pro
1049 3570 1107 3608 ipso
1126 3570 1149 3600 F
1151 3571 1257 3601 undan-

198 3614 238 3644 do
252 3636 262 3649 ,
288 3614 431 3643 Duodecim
450 3610 551 3641 Libras
571 3607 731 3639 parisienses
751 3607 847 3636 Annui
874 3605 1030 3637 Redditus:
1063 3608 1108 3638 Ad
1124 3612 1255 3647 {quarum

200 3651 332 3689 Qatuor
351 3649 570 3682 Praebendarum
583 3646 738 3677 Novarum
754 3645 786 3675 &
802 3645 966 3675 Aniversarii
987 3646 1026 3675 sui
1048 3646 1257 3677 Fundationem

198 3689 398 3758 complendiirm
417 3687 553 3758 Hffiredes
564 3685 635 3723 suos,
650 3683 775 3714 Franciae
790 3683 900 3723 Reges,
920 3685 950 3714 in
964 3684 1065 3714 eodem
1087 3684 1258 3716 Testamen-

296 3737 372 3758 ecrar
402 3738 415 3758 r
427 3738 445 3758 o
480 3739 484 3756 r
506 3734 571 3756 avit.

199 3737 232 3759 to
239 3736 307 3794 Ngs
320 3737 432 3804 audin,
449 3736 628 3796 ets1gcun&as
642 3760 746 3791 Christi
761 3759 895 3790 Ecclefias
914 3768 1069 3799 eorumque
1089 3760 1255 3799 Ministros,

201 3802 416 3841 Progenitorum
429 3804 594 3835 nostrorum
607 3802 744 3831 imitantes
755 3797 873 3835 vestigia
895 3800 948 3837 piae
969 3798 1156 3837 DevotioniS,
1175 3799 1256 3830 Coli-

203 3851 266 3872 mus
279 3841 312 3871 &
325 3841 443 3877 ipsarum
455 3842 590 3872 Zelamus
604 3841 744 3870 honorem
754 3860 764 3876 ,
781 3837 814 3867 ad
828 3837 974 3874 Capellam
987 3845 1081 3867 tamen
1095 3838 1180 3875 ipsam
1198 3849 1257 3868 ma-

201 3881 258 3920 jori
279 3880 414 3909 nimirum
435 3880 586 3911 affecitione
603 3877 812 3918 perstringimur
829 3898 839 3914 ,
864 3877 933 3905 dum
960 3877 1096 3905 veraciter
1115 3877 1257 3907 intuemur

203 3918 321 3956 qualiter
339 3917 414 3946 dieba
430 3917 562 3956 Capella,
585 3925 727 3948 tantorum
751 3915 867 3944 feliciter
891 3913 1059 3949 locupletata
1080 3914 1259 3945 Sanc'tuario-

203 3967 268 3989 rum
284 3954 444 3993 Praesentifi,
457 3964 517 3984 non
529 3957 584 3986 fine
594 3957 670 3987 Praer
708 3953 780 3983 ativa
792 3951 902 3989 speciali
915 3953 944 3981 in
957 3950 1053 3981 Terris
1066 3955 1185 3983 revereri
1198 3963 1259 3984 rne-

203 4005 296 4033 retur,
310 3994 466 4033 jugiterque
479 3993 516 4022 ab
532 3995 665 4024 omnibus
713 3992 790 4022 bristi
806 3990 947 4021 Fidelibus
961 3989 1101 4030 honorari.

242 4034 310 4064 Hac
328 4033 410 4071 igitur
427 4031 647 4062 consideratione
661 4031 786 4068 indueti,

243 4072 283 4104 Et
293 4068 584 4139 pleniplslatfiencllgrtes
596 4071 676 4109 quod
695 4071 765 4101 inter
785 4078 835 4107 ea,
857 4077 921 4107 quae
944 4067 979 4099 ad
1004 4066 1260 4100 Conservationem

278 4115 350 4141 Zom.
409 4131 416 4138 .
467 4131 474 4138 .
532 4129 539 4138 .

1257 270 1338 312 pibus
1349 271 1491 301 incumbit
1502 274 1588 310 quam
1606 273 1782 316 Donationes
1796 276 1840 305 seu
1856 277 2045 317 Largitiones,
2062 279 2148 309 factas
2164 280 2297 312 Ecclesris
2307 304 2315 319 ‚

1259 308 1428 351 Libertates,
1443 310 1475 339 &
1493 309 1561 346 Jura
1578 310 1770 342 Ecclenastica
1792 314 1822 342 in
1842 313 1890 346 sua
1903 317 2047 347 stabilitate
2064 319 2170 355 teneri,
2189 319 2222 348 ὅς
2236 330 2268 349 ea
2281 320 2315 350 li-

1255 345 1368 376 beralius
1382 348 1531 386 adaugere,

1290 383 1328 413 Et
1353 386 1392 427 ne
1412 384 1487 415 forte
1506 385 1676 417 ObliViones
1696 386 1864 419 Hominum
1880 413 1890 427 ‚
1914 400 2064 431 rerumque
2084 401 2130 423 aut
2148 402 2311 435 temporum

1254 423 1462 466 mutabilitates,
1479 433 1527 461 ea,
1545 434 1607 468 quae
1626 425 1671 462 pia
1690 426 1911 457 consideratione
1933 429 2011 465 gesta
2031 432 2107 468 sunt,
2125 435 2203 463 novis
2219 435 2312 471 impo-

1252 457 1357 489 sterum
1379 470 1525 504 contingat
1544 463 1681 500 implicari
1702 463 1884 503 calumpniis,
1904 465 2015 498 neceffe
2031 468 2073 499 est
2093 469 2136 500 illa
2155 473 2312 502 autentico-

1252 505 1316 526 rum
1330 498 1507 536 Scriptorum
1522 499 1684 531 Patrocinio
1696 504 1886 541 communiri,

1289 535 1447 567 Laudabilis
1492 548 1541 568 mo
1563 538 1692 568 Summae
1710 537 1884 570 Devotionis
1902 544 2070 574 eorumdem
2089 545 2310 578 Provenitotum

1251 573 1413 614 nostrorum
1470 577 1570 606 ectum
1589 577 1620 606 in
1638 577 1778 614 praedictis
1795 588 1855 608 non
1871 580 2013 612 immerito
2032 572 2274 615 commei’rdantes-

1288 611 1489 656 Praedictas&
1508 615 1570 644 airas
1583 636 1592 652 ,
1618 616 1654 645 ab
1673 615 1734 652 ipfis
1752 616 1782 644 in
1801 616 1876 646 dieta
1895 616 2010 656 Capella
2028 620 2128 659 factas,
2153 609 2309 654 Institutio-

1250 659 1314 693 nes,
1333 650 1537 694 Fundationes,
1555 653 1587 683 &
1605 652 1783 683 Donationes
1795 653 2000 695 quascumque,
2013 667 2065 696 pro
2080 659 2217 690 diCtarum
2234 661 2256 691 F
2259 673 2310 692 un-

1249 688 1406 718 dat1on1bus
1422 689 1643 721 Praebendarum
1657 692 1690 722 ὅ(
1703 691 1910 731 Thesaurariae,
1928 700 1983 724 tam
1997 697 2203 736 Antiquarum,
2222 701 2309 737 quarn

1252 728 1266 743 *
1283 727 1317 757 N
1320 727 1473 770 ovellarum
1485 751 1494 766 ,
1510 729 1787 768 Anniversorumque
1807 731 1840 760 &
1862 730 2084 768 Capellaniarum
2094 758 2102 772 ,
2120 737 2148 765 in
2162 736 2239 769 dicta
2254 737 2309 769 Ca<

1252 764 1324 802 pella
1340 787 1349 803 ,
1375 767 1429 796 (ive
1457 767 1487 796 fit
1514 767 1627 797 inferius
1641 790 1650 804 ,
1674 778 1689 797 a
1708 767 1927 807 quibuscumque
1950 769 2077 801 Pedonis
2096 775 2312 811 quomodolibet

1253 802 1460 841 Fundatarum,
1479 804 1512 834 &
1533 807 1630 835 omnia
1645 806 1673 835 in
1685 805 1766 835 dictis
1780 814 1913 837 contenta
1930 808 2043 848 Literis,
2063 809 2220 849 Volumus,
2239 814 2312 843 Lau-

1254 841 1351 885 damus
1385 840 1598 887 Concedimus,
1617 843 1833 882 Approbamus,
1851 845 1900 882 &,
1914 856 1947 876 ex
1961 848 2038 879 certa.
2052 847 2196 887 Scientia‚
2214 852 2310 882 aucto--

1254 887 1333 909 ritate
1380 889 1440 918 egra
1456 879 1689 918 Confirmamus3

1291 917 1431 957 Dumque
1444 918 1478 948 ad
1494 918 1588 949 divina
1603 919 1734 950 Laudum
1749 919 1879 960 obsequia
1889 943 1900 959 ,

1294 956 1388 994 Quae,
1408 956 1507 987 dilecti
1529 957 1634 995 nostri,
1653 954 1865 998 Thesaurarius,
1889 958 2050 999 Canonici,
2069 962 2102 994 ὃς
2125 963 2169 994 alii
2191 963 2316 1003 Capellae

1257 994 1338 1031 ipsius
1360 995 1528 1032 Servitores,
1548 996 1634 1026 norfie
1657 996 1776 1035 dieque,
1794 998 2017 1037 quibuscumque
2033 1000 2116 1031 Curis
2130 1002 2164 1032 &
2180 1002 2317 1042 Negotiis

1257 1032 1476 1070 Temporalibus
1489 1033 1646 1077 postpositis
1661 1035 1694 1064 ὃς
1708 1036 1830 1073 rejectis,
1848 1037 2016 1073 impendunt
2033 1039 2157 1077 ibidem,

1273 1110 1278 1114 ι
1293 1070 1356 1101 Ubi
1376 1073 1478 1109 etiam,
1496 1076 1569 1111 qual]
1589 1073 1770 1111 incestanter,
1787 1080 1846 1111 'pro
1877 1074 1981 1105 Nostri
2004 1077 2198 1109 incolumitate
2211 1090 2315 1118 corpo-

1257 1118 1306 1152 ris,
1325 1110 1469 1147 nostrique
1490 1111 1675 1150 tranquilitate
1698 1111 1873 1151 Regiminis,
1891 1115 1925 1144 ὃς
1944 1124 1996 1151 pro
2018 1115 2138 1146 Nostrae
2159 1128 2193 1147 ac
2211 1117 2318 1157 Proge-

1257 1157 1384 1191 nuorum
1400 1148 1563 1180 nostrorum
1575 1149 1744 1180 Animarum
1759 1150 1868 1189 Salute,
1882 1153 1941 1191 pias
1953 1152 2055 1184 Preces
2067 1154 2188 1186 fundunt
2201 1157 2235 1187 ad
2251 1157 2318 1187 Do-

1259 1195 1392 1224 minum,

1296 1223 1418 1255 Nostrae
1436 1224 1618 1255 Mediationis
1631 1226 1758 1256 animum
1770 1226 1938 1257 refled'cimus
1947 1251 1957 1266 ,
1973 1228 2106 1260 ducimur
2119 1239 2167 1269 ut,
2182 1235 2238 1263 una
2250 1243 2319 1263 cum

1259 1259 1425 1292 DuOdecim
1448 1262 1612 1292 Praebendis
1629 1263 1662 1293 ὃ(
1681 1264 1863 1296 Thesauraria
1883 1267 2040 1306 praedictis,
2060 1279 2074 1298 a
2097 1268 2248 1306 saepedic‘tis
2268 1281 2322 1301 no-

1260 1300 1337 1336 stris,
1352 1300 1465 1330 Proavo
1477 1301 1510 1331 &
1526 1300 1660 1330 Domino
1675 1301 1834 1340 Genitore,
1852 1304 1999 1343 Fundatis,
2021 1317 2106 1337 unam
2120 1317 2227 1338 novam
2243 1308 2322 1339 Prae-

1261 1338 1382 1368 bendam
1403 1340 1432 1368 in
1452 1339 1528 1369 dieta
1551 1336 1683 1378 Capella,
1701 1340 1734 1370 ὃς
1756 1341 1793 1370 fic
1808 1344 1927 1371 Tertiam
1944 1346 2083 1373 Decimam
2096 1345 2273 1377 instituamus
2287 1349 2322 1378 δε

1262 1377 1442 1414 Fundemus,
1459 1377 1494 1407 de
1512 1387 1610 1413 novo,
1628 1387 1680 1415 pro
1693 1377 1821 1419 Nqstrae,
1835 1388 1867 1408 ac
1883 1379 2042 1420 Johannae,
2061 1380 2119 1412 Dei
2133 1384 2251 1423 Gratia,
2269 1388 2323 1414 Re-

1260 1419 1330 1452 ginae
1343 1418 1470 1484 1}<“rlanciae
1493 1413 1530 1450 (θ’
1552 1417 1714 1454 Navarrae,
1734 1415 1884 1447 Conlortis
1898 1418 2002 1449 nostrae
2016 1421 2179 1460 cariffimae‚
2199 1424 2321 1454 Anima-

1263 1464 1327 1483 rurn
1365 1463 1435 1484 aute

1303 1492 1400 1530 Quam
1420 1477 1536 1534 quidem
1559 1492 1745 1523 Praebendam
1770 1493 1909 1532 Novam,
1929 1496 2035 1525 caeteris
2057 1496 2220 1528 Duodecim
2245 1488 2321 1529 Prae-

1265 1527 1379 1568 bendis,
1398 1531 1426 1560 in
1442 1532 1576 1561 omnibus
1589 1532 1622 1561 &
1637 1531 1747 1570 singulis
1765 1532 1987 1570 Emolumentis⁷
2005 1534 2189 1574 Redditibus,
2208 1539 2240 1568 &
2257 1538 2322 1568 Ser-

1266 1570 1326 1598 vitii
1345 1569 1503 1606 Oneribus,
1520 1569 1699 1600 conlimilem
1716 1571 1750 1601 &
1763 1570 1911 1608 aequalem,
1928 1571 1964 1602 de
1977 1576 2155 1610 Septuaginta
2170 1573 2207 1608 ὠ
2221 1579 2322 1613 Septem

1267 1607 1381 1646 Libris,
1397 1607 1560 1676 &qaindecim
1577 1606 1690 1646 Solidis,
1713 1607 1751 1642 &⁴
1772 1612 1875 1646 Septem
1895 1612 2026 1639 Denariis
2047 1611 2144 1642 Annui
2166 1612 2323 1652 Redditus,

1266 1655 1394 1683 exnunc,
1445 1656 1530 1675 enore
1543 1645 1742 1682 Praesentium,
1760 1646 1933 1677 instituimus
1948 1646 1979 1679 ἃ
1995 1647 2166 1680 Fundanius.

1305 1683 1476 1714 Ordinamus
1499 1685 1597 1721 etiam,
1617 1684 1651 1714 de
1665 1694 1760 1722 novo,
1779 1684 1850 1715 Duo
1864 1685 2077 1725 Anniversaria,
2095 1689 2123 1717 in
2138 1688 2212 1719 diota
2224 1688 2327 1728 Capel-

1267 1722 1292 1752 la
1305 1722 1341 1752 de
1353 1731 1458 1753 caetero
1469 1722 1592 1753 facienda
1602 1744 1612 1760 ,

1303 1759 1411 1791 Unum
1432 1760 1596 1796 (videlicet)
1618 1770 1689 1798 pm,
1707 1760 1810 1792 inclitae
1822 1761 2041 1801 recordationis,
2059 1754 2200 1803 Johannae
2215 1768 2323 1803 Regina

2276 174 2325 201 11

2353 294 2437 321 1421.

2334 328 2398 350 Hm„
2415 331 2443 356 ς.

2331 731 2450 770 '‘X-72

1267 1802 1389 1828 Franciae
1412 1797 1449 1834 ᾤ’
1472 1801 1638 1836 Navarrae,
1654 1798 1831 1837 Genetricis,
1849 1802 1881 1831 ὃς
1905 1801 1978 1831 aliud
1999 1812 2051 1839 pro
2071 1805 2149 1839 Regis
2171 1804 2325 1843 Ludoviri,
2354 1819 2356 1822 >

1267 1838 1422 1875 Germani,
1440 1838 1586 1875 quondam
1622 1837 1800 1877 nostrarum,
1818 1839 1961 1869 Remedio
1975 1840 2162 1880 Animarum,

1307 1875 1363 1913 Et,
1378 1877 1426 1906 sub
1445 1875 1572 1907 Redditu
1593 1860 1761 1907 Duodecim
1775 1876 1924 1908 Librarum
1940 1877 2149 1917 Parmensium,
2165 1879 2189 1911 F
2191 1880 2330 1912 undamus

1268 1909 1416 1955 quodlibet
1433 1913 1609 1945 eorumdem.
1809 1945 1812 1948 ,

1308 1952 1409 1992 thue
1429 1954 1497 1984 dieti
1521 1954 1657 1993 Quinque
1672 1953 1833 1993 Canonici,
1851 1958 1901 1994 'per
1915 1956 2024 1986 diffitum
2038 1956 2204 1988 Dominum
2219 1958 2252 1989 ὃ(
2268 1957 2331 1988 Ge-

1271 1992 1392 2023 nitorem
1415 1992 1543 2022 nostrum
1561 1993 1593 2023 &
1608 2002 1658 2030 per
1670 1992 1738 2023 Nos
1754 1995 1781 2024 in
1796 1993 1909 2033 Capella
1924 1994 2056 2032 praedicsta
2069 1994 2166 2026 Crfflti
2179 1996 2331 2028 novissime

1272 2031 1306 2061 ὃ(
1326 2030 1464 2070 Fundati,
1483 2031 1620 2069 praedietis
1639 2033 1756 2070 antiquis
1770 2031 1944 2071 Canonicis,
1960 2034 1989 2063 in
2005 2031 2184 2073 perceptione
2196 2037 2331 2069 omnium

1272 2070 1306 2100 δε
1324 2065 1496 2108 singulorum
1517 2069 1640 2107 ipsorum
1662 2069 1876 2109 Proventuum,
1904 2071 2096 2110 Reddituum,
2123 2073 2332 2103 Anniversario-

1271 2117 1334 2137 rum
1343 2131 1353 2145 ,
1372 2107 1569 2146 Acquestuum
1581 2109 1610 2138 in
1625 2107 1873 2148 oblationibusque
1886 2107 2142 2150 indulgentiarum,
2161 2112 2193 2142 &
2206 2111 2242 2142 de
2255 2110 2338 2142 Vino‘

1275 2145 1373 2176 Sanffl
1401 2146 1571 2185 Stephanni,
1588 2147 1617 2176 in
1639 2148 1775 2191 omnibus
1796 2149 1829 2178 &
1850 2147 1962 2185 lingulis
1980 2148 2205 2188 Emolumentis,
2228 2151 2336 2181 caeteris

1273 2184 1495 2224 quibuscumque
1509 2185 1716 2225 quoquomodo
1733 2187 1978 2224 provenientibus,

1277 2226 1279 2228 ’
1310 2222 1436 2261 Excepta
1456 2223 1587 2258 duntaxat
1608 2223 1788 2258 Liberatione
1807 2223 1906 2263 Panis,
1925 2223 2031 2263 Grani,
2049 2226 2081 2257 ὃς
2102 2226 2264 2265 Frumenti,
2281 2237 2335 2267 pro

1272 2261 1331 2300 quai⁴
1357 2261 1439 2292 dietis
1462 2262 1649 2292 Thesaurario
1677 2263 1711 2293 &
1729 2261 1882 2293 Canonicis
1902 2263 2209 2301 Recompensationem
2230 2265 2334 2305 aliam,

1273 2309 1323 2341 per
1333 2299 1440 2331 nostras
1453 2301 1515 2330 alias
1524 2324 1532 2339 ,
1549 2301 1597 2330 sub
1610 2309 1686 2330 certa
1703 2299 1812 2340 forma,
1831 2301 1938 2332 Literas
1951 2301 2082 2334 duximus
2096 2303 2269 2343 faciendam,

1308 2338 1391 2370 Fiant
1405 2338 1556 2379 participes
1571 2339 1604 2371 &
1615 2339 1749 2379 aequales,

1312 2375 1345 2407 Iu
1364 2377 1674 2415 Recompenlationem
1687 2377 1866 2417 hujusmodi,
1883 2379 2058 2411 confideratis
2073 2379 2217 2412 Custubus
2229 2382 2262 2414 δε
2273 2381 2334 2414 Ex·

1274 2416 1378 2456 pensis,
1395 2427 1465 2455 quos
1487 2417 1573 2454 dieti,
1589 2415 1802 2456 ThesaurariuS,
1818 2416 1975 2457 Canonici,
1990 2420 2023 2450 &
2045 2418 2209 2459 Capellani,
2227 2418 2334 2452 habue-

1275 2457 1339 2485 runt
1362 2456 1452 2486 facere
1467 2479 1476 2494 ,
1500 2455 1625 2494 ipsosque
1646 2455 1736 2485 subire
1756 2455 1948 2495 multipliciter
1967 2459 2094 2495 oportuit
2115 2460 2144 2488 in
2165 2457 2340 2499 Praemiffis,

1277 2493 1487 2525 Communitati
1510 2493 1635 2532 ipsorum
1654 2493 1831 2526 Thesaurarii
1853 2496 1885 2526 &
1909 2495 2127 2526 Canonicorum
2140 2520 2149 2534 ,
2175 2498 2233 2527 tam
2253 2498 2336 2528 Anti-

1275 2540 1415 2573 quorum,
1433 2533 1518 2571 quam
1542 2528 1718 2573 Novorum,
1737 2531 1849 2563 Damus
1874 2533 1907 2563 &
1927 2533 2123 2564 Concedimus
2145 2539 2258 2565 Centum
2278 2537 2335 2565 Vi-

1272 2575 1349 2640 giiqstli
1368 2572 1469 2602 Libras
1488 2570 1665 2611 Parifiensesv,
1682 2571 1768 2602 annui
1788 2574 1821 2603 ὅ(
1840 2573 1964 2610 perpetui
1985 2572 2144 2611 Redditus,
2167 2583 2235 2604 cum
2257 2573 2333 2604 Prae-

1277 2620 1317 2640 mi
1343 2621 1373 2641 rs.

1316 2649 1392 2688 Quia
1405 2658 1514 2687 autem,
1533 2658 1566 2679 ex
1598 2656 1653 2680 arte
1667 2649 1826 2687 dierorum,
1844 2648 2035 2688 Thesaurarii,
2055 2649 2288 2689 Canonicorum,
2304 2661 2337 2681 ac

1278 2686 1497 2727 Capellanorum
1511 2688 1571 2727 ejus
1586 2698 1633 2718 em
1647 2687 1773 2727 Capellae
1787 2688 1839 2718 fuit
1852 2689 2011 2725 expolitum
2023 2698 2119 2718 coram
2133 2688 2246 2727 Nobis,
2258 2689 2339 2728 quod

1277 2726 1313 2756 de
1335 2727 1476 2764 praedietis
1490 2725 1658 2756 Redditibus
1672 2726 1780 2755 Annuis
1793 2726 1860 2763 fibi,
1875 2727 1916 2756 ob
1929 2726 1982 2756 suae
1994 2725 2071 2757 Vitae
2087 2726 2339 2767 Sustentationem,

1279 2774 1332 2803 pro
1346 2765 1446 2796 divinis
1459 2765 1595 2803 obsequiis
1607 2766 1640 2794 &
1656 2764 1780 2795 laudibus
1795 2765 1900 2794 ibidem
1913 2766 2018 2804 jugiter,
2028 2765 2206 2804 exolvendis,

1317 2804 1396 2833 Tam
1419 2813 1470 2841 pro
1491 2805 1679 2842 antiquarum,
1695 2803 1780 2842 quam
1797 2803 1928 2840 Qatuor
1944 2803 2132 2834 Novellarum
2153 2804 2235 2841 (quas
2247 2805 2339 2836 didius

1280 2841 1424 2873 Dominus
1445 2843 1477 2873 &
1492 2840 1615 2871 Genitor
1628 2841 1722 2871 noster
1737 2840 1830 2871 statuit
1839 2855 1848 2876 )
1871 2840 2086 2871 Praebendarum
2101 2842 2133 2872 δε
2149 2841 2341 2874 Thesaurariae

1280 2880 1423 2919 praedictae
1437 2903 1446 2918 ,
1469 2881 1500 2911 ὃς
1529 2880 1669 2910 dit-”rarum
1697 2880 1882 2918 Antiquarum
1904 2878 2130 2918 Capelianiarum
2151 2879 2341 2920 Fundatione,

1280 2920 1365 2958 quam
1386 2920 1470 2949 etiam
1486 2927 1539 2956 pro
1554 2917 1668 2955 Philippi
1682 2917 1755 2955 Avi,
1774 2916 1888 2954 Philippi
1902 2916 2063 2955 Genitoris,
2082 2917 2223 2956 Johamiae
2240 2919 2339 2951 Gene-

1282 2958 1377 2995 tricis,
1395 2957 1530 2986 Ludoviri
1551 2955 1707 2992 Germani,
1733 2954 1893 2985 nostrorum
1917 2955 2135 2993 praedistorum,
2159 2957 2338 2989 Aniversariis

1284 2994 1433 3033 faciendis,
1451 2995 1535 3032 quam
1554 2994 1638 3023 etiam
1653 2993 1688 3023 de
1699 2993 1780 3023 dictis
1793 2992 1923 3030 r‚Quatuor
1937 2992 2032 3023 Libris
2046 2994 2082 3024 de
2097 2995 2186 3025 Dono
2200 2996 2268 3026 dic‘ti
2280 2996 2337 3035 Jo-

1282 3032 1380 3063 hannis
1402 3034 1432 3062 de
1455 3037 1580 3069 Carnem,
1608 3034 1722 3068 Viginti
1738 3031 1885 3061 Librarum
1907 3032 1942 3062 de
1963 3032 2133 3070 Escambio,
2155 3035 2285 3063 Guidonis
2306 3036 2338 3064 de

1284 3071 1436 3110 Landuno,
1456 3072 1590 3100 Sexdecim
1606 3068 1700 3100 Solidis
1712 3068 1750 3104 ῤ’
1765 3069 1862 3099 Tribus
1876 3073 2006 3100 Denariis
2021 3068 2104 3101 Paris.
2118 3072 2152 3102 de
2166 3071 2257 3103 Dono
2269 3073 2339 3111 ejus-

1283 3110 1348 3140 dem

1322 3133 1490 3186 Pr’ornptam
1515 3147 1561 3178 seu
1582 3155 1792 3186 competentem
1810 3146 1911 3176 habere
1933 3155 2076 3184 nequeunt
2097 3147 2348 3188 Satisfafflonern,

1284 3196 1337 3224 pro
1359 3197 1394 3217 eo
1418 3186 1495 3226 quod
1516 3184 1656 3216 Redditus
1676 3184 1835 3222 hujusmodi
1856 3194 1914 3214 non
1933 3185 1992 3214 sunt
2008 3187 2128 3224 eisdem,
2144 3187 2346 3228 Thesaurario,

1285 3224 1457 3293 CssanoniciS,
1473 3226 1506 3256 ὅ(
1528 3224 1701 3263 Capellanis,
1718 3225 1748 3254 in
1764 3224 1845 3254 certis
1860 3223 1948 3254 Locis
1963 3225 1996 3255 &
2010 3224 2200 3255 Proventibus
2213 3225 2340 3265 Annuis,

1284 3274 1299 3294 a
1352 3273 1409 3295 nati

1324 3272 1369 3332 {x
1384 3287 1461 3340 cuius
1470 3302 1617 3340 ingruente
1630 3300 1804 3339 frequentius
1818 3299 2016 3329 Satisfafflonis
2029 3300 2116 3331 nimici
2125 3299 2345 3333 difficultate‘di-

1287 3342 1388 3371 vinum
1411 3343 1441 3371 in
1460 3341 1536 3370 dicia
1556 3339 1669 3376 Capella
1690 3338 1760 3376 saepe
1778 3337 1890 3375 tepescit
1913 3337 2070 3376 Officium,
2095 3341 2128 3370 &
2148 3340 2242 3378 (quod
2264 3340 2345 3372 Deus

1288 3380 1410 3415 avertat)
1431 3379 1522 3416 pollet
1533 3378 1647 3414 exinde,
1667 3379 1766 3408 futuris
1780 3377 1968 3416 temporibus,
1984 3376 2127 3415 deperire,

1325 3419 1408 3456 Nos,
1426 3416 1583 3454 hujusmodi
1604 3416 1737 3446 Periculis
1756 3424 1904 3446 occurrere
1927 3415 2068 3451 cupientes
2104 3426 2155 3455 pro
2173 3415 2346 3453 Affignatio-

1290 3466 1326 3486 ne
1345 3457 1481 3487 diCtarum
1504 3454 1751 3494 Septingentarum
1775 3453 1921 3483 Librarum
1946 3451 2063 3484 Parisren
2077 3464 2152 3492 ium,
2178 3456 2283 3485 ratione
2304 3453 2347 3483 di—

1292 3496 1400 3526 &arum
1413 3494 1599 3531 Antiquarum
1616 3491 1834 3522 Praebendarum
1848 3492 1881 3521 ὅτ,
1895 3490 2085 3522 Thesaurariae
2094 3515 2103 3530 ,
2122 3494 2155 3524 ὃς
2166 3502 2217 3532 pro
2234 3492 2256 3522 F
2258 3491 2343 3522 unda-

1292 3535 1369 3565 tione
1393 3533 1534 3562 dictarum
1565 3531 1694 3569 Quatuor
1715 3529 1905 3560 Novellarum
1932 3528 2150 3561 Praebendarum
2165 3553 2174 3568 ,
2204 3531 2345 3561 elidiatum

1292 3574 1377 3602 etiam
1398 3570 1637 3609 capellaniarum,
1652 3570 1680 3598 in
1701 3569 1778 3599 dicia
1800 3568 1913 3605 Capella
1924 3568 2075 3607 antiquitus
2088 3568 2246 3599 statutarum
2256 3591 2266 3606 ,
2281 3569 2343 3598 An-

1292 3609 1504 3641 niversariorum
1529 3617 1641 3645 quoque
1667 3606 1827 3642 diciorum,
1856 3604 1969 3644 Philippi
1990 3607 2061 3645 Avi,
2084 3607 2197 3644 Philippi
2219 3605 2341 3636 Genito-

1293 3650 1347 3686 ris,
1361 3647 1500 3685 Joi-annae
1523 3646 1662 3676 Domina:
1682 3646 1714 3676 ὃ(
1730 3644 1905 3681 Genetricis,
1922 3654 1954 3673 ac
1970 3645 2105 3674 Ludovici
2118 3645 2272 3682 Germani,
2289 3655 2344 3675 no·

1293 3686 1415 3716 strotum
1425 3707 1434 3722 ,
1449 3688 1564 3714 neenon
1584 3684 1616 3714 &
1636 3692 1689 3721 pro
1704 3683 1726 3713 F
1729 3683 1880 3713 undatione
1892 3682 2055 3713 Praebenda:
2070 3683 2201 3712 instituta:
2215 3693 2230 3711 a
2244 3682 2278 3712 N
2281 3683 2350 3712 obis

1294 3725 1404 3755 noviter
1424 3725 1455 3753 ὅε
1472 3723 1493 3752 F
1496 3722 1605 3752 und-arce
1614 3745 1623 3759 ,
1641 3731 1674 3752 ac
1688 3732 1739 3759 pro
1755 3721 1846 3751 Dono
1859 3724 1970 3750 Centum
1984 3723 2011 3749 V
2012 3724 2096 3762 iginii
2105 3721 2254 3750 Librarum
2267 3719 2347 3750 Pari-

1294 3762 1436 3798 srenlium,
1475 3761 1530 3790 uod
1550 3760 1632 3790 dietis
1652 3760 1837 3789 Thesaurario
1859 3760 1891 3789 &
1914 3757 2066 3788 Canonicis
2080 3760 2214 3795 fecimus,
2233 3768 2262 3788 ut
2277 3759 2346 3789 diffl

1293 3799 1440 3831 noviffimi
1482 3799 1595 3829 anonici
1608 3799 1726 3836 antiquis
1735 3797 1889 3828 Canonicis
1901 3798 1930 3825 in
1940 3795 2126 3835 Perceptione
2137 3797 2270 3826 omnium
2284 3797 2348 3829 suo-

1293 3849 1356 3870 rum
1372 3837 1549 3868 Reddituum
1585 3846 1618 3880 ut,
1629 3838 1821 3876 praemittitur,
1836 3835 1886 3864 sint
1901 3835 2026 3872 aequales,

1332 3880 1346 3894 ’ἕ
1356 3876 1536 3906 Liberatione
1575 3885 1650 3914 anis,
1665 3875 1772 3910 Grani,
1787 3874 1819 3904 &
1836 3872 1981 3902 Frumenti
1994 3872 2124 3901 duntaxat
2135 3873 2267 3912 excepta,
2285 3874 2374 3913 quia*
2390 3881 2425 3910 x,
2441 3881 2488 3921 ⁷⁵3

1295 3914 1397 3946 eisdem
1410 3914 1523 3943 alteram
1535 3922 1647 3952 propter
1663 3913 1720 3943 hoc
1736 3909 2041 3948 Recompensationem
2055 3909 2187 3949 fecimus,
2205 3921 2290 3949 prout
2303 3913 2347 3944 su-

1295 3954 1386 3994 perius
1400 3952 1441 3982 est
1455 3951 1611 3989 exprcffiim
1620 3974 1630 3990 ,
1866 3987 1869 3991 Ι
2124 3987 2129 3992 .

1336 3991 1472 4028 Quorum
1486 3990 1618 4020 omnium
1636 3988 1828 4023 Reddituum,
1846 3985 1949 4015 eisdem
1967 3985 2168 4025 Thesaurarro,
2185 3986 2352 4027 Canonicis‚

1297 4031 1330 4061 ὃς
1345 4029 1500 4067 Capellanis
1514 4027 1718 4058 aflidendorum
1731 4027 1759 4055 in
1776 4024 1905 4054 Denariis
1917 4033 1970 4062 pro
1982 4024 2080 4062 dietis,
2093 4024 2211 4056 Summa
2226 4027 2266 4056 est
2282 4027 2351 4056 Mil-

1299 4068 1341 4107 le,
1360 4066 1577 4106 Qadraginta,
1593 4075 1647 4097 una
1669 4064 1784 4102 Librae,
1798 4065 1901 4131 gesem
1917 4061 1954 4098 &¹
1968 4064 2078 4093 Novem
2091 4062 2191 4102 Solidi,
2209 4063 2247 4100 όν
2261 4064 2355 4103 ,Quin-

1838 4110 1857 4130 2
2307 4112 2357 4141 que
