2562 4274
722 152 831 194 ET
913 149 1174 192 ACTA
1257 141 1734 190 PUBLICA.

2265 164 2286 201 5
2289 163 2315 199 9

15 253 92 283 Anu,
107 249 149 280 D,
1289 232 1378 277 Teste
1392 233 1475 273 Rege
1489 238 1517 264 in
1532 236 1662 277 Exercrtu
1674 236 1753 278 Regis
1760 241 1839 272 prope
1853 233 1958 264 Villam
1970 236 2048 272 Regis
2063 234 2094 264 de
2102 224 2173 264 Pom
2187 233 2218 263 de
2226 236 2301 264 Lar·
2313 232 2387 261 Ann.
2404 230 2447 261 D,

39 288 121 326 1418-
1254 271 1300 300 che
1314 272 1447 303 vicesimo
1460 272 1584 303 secundo
1600 272 1644 302 die
1654 272 1669 310 J
1674 272 1730 302 ulii.
2313 269 2424 344 aff?

20 335 125 394 [fvij.
211 358 234 380 *
258 359 368 393 Lite-ra
387 356 472 401 Regis
491 355 577 386 Rom.
600 350 644 383 ad
665 354 747 384 Com.
773 350 948 383 Palatinum
968 350 1114 394 translata
1130 347 1166 381 de
1931 349 1984 377 Per
1996 350 2076 388 ipsum
2090 351 2193 386 Regem

22 407 86 440 ⁶04·
620 400 758 446 Vu4gnri‘.

24 507 100 539 Anu,
115 505 158 535 D,
169 489 255 553 Sigi
267 496 378 526 mundus
390 519 400 533 ‚
426 494 482 525 Dei
501 492 586 532 gratia
597 515 607 531 ,
624 495 801 523 Romanorum
812 495 873 523 Rex
886 492 994 530 semper
1006 490 1165 531 Augustus,
1183 501 1216 521 ac
1259 472 1346 514 copia
1366 471 1484 548 [ἔκηε
1501 468 1637 514 vulgari5
1664 471 1748 515 Regis
1775 471 1975 502 Romanorum
1989 497 1998 527 3
2024 482 2115 517 quam
2135 481 2189 526 per
2207 471 2306 524 Comi-

47 544 132 584 1413,
260 535 395 573 ungariae,
409 534 470 565 ὅτε.
486 532 560 562 Rex.
1306 528 1366 550 tem
1408 530 1422 548 e
1437 517 1603 596 Naffauff&
1629 518 1831 607 Igarsttufrgtn}
1850 518 1929 596 lClux
1953 519 2029 562 mistt
2045 516 2245 560 messoribus,
2274 528 2306 548 m

26 589 77 650 ἕξη
87 587 123 657 ξ]
209 609 368 648 Magnifice
380 608 493 640 Dilee‘te
508 607 674 646 Avuncule,
692 607 725 638 &
742 607 875 646 Princeps
892 607 1024 645 Elector,
1305 576 1365 612 qua
1384 575 1491 597 narras
1504 565 1544 609 fh
1575 576 1627 596 um
1671 577 1690 596 a
1715 577 1743 596 m
1781 576 1796 595 e
1835 577 1849 596 e
1861 577 1885 598 Σ.
2091 639 2094 641 Α
2437 635 2439 637 ,

25 665 83 689 Peri.
101 662 154 686 Ca·
217 683 220 686 .
337 679 340 684 i
359 687 364 693 ,
595 685 600 690 ,
662 685 667 690 ,
939 685 943 690 ,
1017 683 1023 689 ‚
1072 683 1076 688 ,
1099 674 1113 688 ,-
1327 645 1469 680 Everendi
1483 659 1516 679 ac
1529 648 1623 679 dileeti
1636 647 1766 686 Nepotes
1782 647 1869 678 nostri
1885 649 1917 679 &
1932 649 2075 688 Principes
2086 649 2246 686 Ele&ores,
2322 639 2397 670 Ann·
2409 638 2451 670 Π*

26 709 87 726 mr,
207 682 284 717 Non
298 686 455 717 dubitamus
469 691 546 715 tuam
559 683 757 715 Dilectionem
772 684 850 715 nosse
864 708 873 721 ,
889 685 923 716 &
937 691 1036 714 iteratis
1049 683 1158 712 vieibus
1174 691 1218 711 re-
1260 652 1316 706 R
2348 678 2435 716 1418.

171 726 298 762 cogitare
313 747 322 763 ,
345 734 429 762 quam
455 733 575 760 magnos
594 732 627 753 ac
648 731 744 761 graves
765 723 889 753 Labores
905 745 913 756 2
932 722 1055 752 Eventus
1070 720 1216 757 fortuitos,

170 763 302 800 Sumptus
323 763 355 793 &
377 762 516 800 Expensas
537 771 589 791 nos
601 783 610 798 ‚
636 771 688 798 pro
705 761 826 791 Unione
842 761 953 791 Sanctae
967 758 1066 789 Matris
1082 758 1217 788 Ecclefiae

173 802 250 843 (quae
270 800 359 831 modo
379 801 415 830 de
435 801 563 837 benigno
577 799 791 836 Omnipotentis
808 799 865 829 Dei
878 798 986 828 indultu
1001 799 1030 827 in
1044 795 1218 826 Constancia

173 839 296 877 perfeeta
314 838 366 873 est)
387 849 420 869 ac
435 840 521 869 etiam
537 848 588 876 pro
602 838 678 868 Sacri
691 836 806 875 Imperii
820 837 929 867 honore
942 838 975 867 ὃς
991 836 1121 873 utilitate,
1137 833 1220 873 geffi-

171 887 235 908 mus
250 878 283 909 &
298 876 364 914 paffi
376 877 484 908 sumus:

1296 725 1431 755 Litteram
1445 723 1580 761 vestram,
1602 724 1681 754 Feria
1696 724 1806 761 Quarta
1821 733 1884 755 ante
1898 724 2012 755 Festum
2026 725 2101 756 Beati
2116 726 2217 763 Jacobi
2240 735 2307 764 pro-
2322 719 2373 745 An·
2388 717 2416 745 ⁶·

1259 763 1340 793 ximo
1356 762 1539 800 transarstum,
1557 764 1584 792 in
1601 763 1752 792 Bacheraco
1765 763 1888 801 Datam,
1906 764 1939 793 ὃς
1955 762 2138 794 Continentia
2146 766 2174 793 in
2184 764 2290 795 Eadem
2301 784 2310 800 ,
2324 759 2356 783 H.
2377 762 2395 789 5
2397 777 2404 783 ·

1261 802 1293 832 &
1309 812 1378 832 cum
1393 801 1451 832 hoc
1463 801 1614 839 quamdem
1631 801 1769 831 Cedulam
1784 801 1934 839 inclusam,
2325 797 2384 822 Pen.
2402 795 2454 819 Ca-

1296 839 1504 870 Continentem
1524 838 1674 876 quomodo
1696 839 1729 869 &
1752 840 1866 876 qualiter
1887 839 2051 878 Altigenitus
2072 840 2246 878 Ludovicm,
2271 840 2311 870 A-
2327 840 2391 859 ’Μ’

8 3339 13 3348 ⁴

8 3360 12 3373 Ι

16 3010 30 3294 1

25 3291 35 3438 l

210 914 248 946 Et
263 917 432 946 nominatim
449 915 526 954 quod
540 915 563 945 F
565 915 721 951 rancigenae
736 913 941 944 Romanorum
954 911 1060 951 Regno
1076 911 1221 949 Civitates,

172 953 270 984 Castra
283 978 293 992 ‚
319 954 422 984 Terras
437 977 447 992 ,
471 955 504 984 &
517 953 661 989 homines,
679 952 738 990 jam
754 951 848 981 multis
864 951 970 988 Annis,
987 959 1087 981 contra
1101 960 1221 980 ornnem

169 992 312 1031 Justitiam
327 1015 336 1030 ‚
363 1002 395 1022 ac
410 991 511 1029 absque
525 990 608 1028 culpa
623 991 655 1021 &
670 989 766 1028 causa,
783 988 939 1020 abstrahere
950 989 1000 1019 nisi
1015 988 1094 1028 sunt,
1112 990 1145 1020 &
1160 989 1223 1019 lon-

173 1040 212 1070 go
228 1040 357 1068 ternpore
370 1030 573 1060 abstraxerunt:
1192 1066 1195 1067 V

210 1068 248 1099 Et
262 1069 339 1106 quod
353 1093 362 1106 ‚
381 1069 421 1099 ob
437 1067 511 1105 hoc,
529 1068 606 1097 sacro
623 1065 749 1105 Imperio
765 1066 799 1096 ad
817 1066 949 1096 Gloriam
965 1067 998 1097 &
1013 1065 1222 1103 commodum,

174 1108 209 1138 &
223 1106 380 1145 hujusmodi
395 1105 556 1137 Abstrac‘tas
572 1104 724 1143 Civitates,
743 1104 858 1142 Castra,
876 1104 998 1142 Terras,
1016 1106 1048 1134 &
1064 1104 1224 1141 Homines,

173 1145 208 1175 ad
224 1144 358 1183 Regnum
371 1143 586 1184 recuperandas,
604 1154 656 1174 nos
671 1143 789 1174 Dileeto
805 1144 889 1173 Fratri
904 1143 1018 1180 nostro,
1036 1145 1100 1180 Regi
1114 1142 1226 1179 Angliae

174 1183 318 1214 adversum
343 1183 524 1222 Francigenas
547 1182 745 1220 colligavimus
761 1206 770 1220 ,
796 1181 874 1220 quod
897 1182 930 1212 &
951 1190 982 1211 tu
1007 1191 1059 1211 una
1079 1181 1227 1211 nobiscum

176 1221 296 1252 nosceris
308 1220 445 1260 sigillasse,

214 1258 308 1290 Icirco
330 1259 420 1290 visum
442 1259 524 1289 nobis
546 1268 606 1290 non
629 1266 686 1290 erat
704 1258 888 1290 necessarium
906 1258 993 1288 multa
1007 1257 1043 1288 de
1059 1257 1157 1287 talibus
1172 1265 1228 1287 tuae

176 1297 298 1329 scribere
313 1298 479 1328 Dileetioni.

216 1337 294 1375 Qia
309 1338 379 1367 vero
415 1337 448 1367 ad
463 1335 597 1374 praesens,
616 1336 646 1365 in
654 1334 784 1366 nostrum
798 1335 924 1365 animum
940 1335 1046 1372 integre
1060 1334 1226 1371 recipimus,

201 1377 261 1405 υὸό
277 1375 344 1405 Nos
357 1386 371 1405 a
399 1399 408 1413 ,
425 1375 560 1405 dilestum
576 1374 701 1404 Fratrem
716 1373 860 1411 nostrum,
879 1376 973 1410 Regem
991 1371 1178 1402 Wentzelaum
1193 1372 1228 1401 ad

179 1385 327 1444 ssoemiam
348 1413 404 1443 sine
426 1413 508 1444 mora
529 1413 667 1450 applicare
680 1436 690 1450 ,
714 1412 747 1443 &
770 1412 876 1441 ibidem
889 1410 998 1441 Gentes
1014 1411 1049 1441 de
1066 1410 1230 1448 Hungarffi,

181 1451 337 1490 Bohemia,
355 1453 388 1482 ὃς
404 1450 549 1481 Α1ειῐῄειηίἓ,
564 1459 754 1489 congregare,
772 1460 804 1480 ac
820 1449 986 1487 quantocius
1002 1451 1155 1487 poterimus
1170 1471 1180 1487 ,
1195 1449 1231 1479 ad

181 1491 421 1531 praenominatum
435 1493 559 1520 Fratrem
574 1488 690 1528 nostrum
702 1489 734 1518 de
748 1488 855 1526 Anglia
867 1511 877 1526 ,
901 1489 933 1518 &
947 1488 976 1517 in
990 1488 1069 1518 suum
1084 1487 1231 1525 Campum

185 1530 284 1566 (quem
298 1530 327 1558 in
343 1528 461 1559 Francia
473 1528 588 1564 detinet)
601 1527 732 1558 volumus
746 1528 890 1564 itinerare,
908 1526 1046 1564 sperantes
1067 1528 1094 1556 in
1111 1526 1179 1556 Deo
1191 1534 1231 1555 ta-

181 1567 200 1597 li
225 1566 326 1603 modo¹
337 1567 482 1604 praedietas
495 1589 505 1605 ,
530 1566 566 1596 de
586 1565 710 1603 Imperio
730 1565 890 1595 Abstraetas
904 1587 914 1603 ,
939 1563 1076 1596 Civitates
1090 1589 1100 1603 ,
1119 1563 1232 1601 Castra,

181 1604 302 1642 Terram,
317 1605 350 1635 &
364 1604 506 1635 Homines
518 1604 643 1641 Imperio
659 1603 896 1641 Reincorporare.

220 1642 258 1673 Et
273 1643 336 1680 quia
352 1642 422 1674 Nos
434 1644 517 1673 etiam
532 1642 619 1672 taliter
632 1643 661 1671 in
675 1641 809 1672 Bohemia
829 1641 975 1680 diligenter
996 1643 1029 1673 ὃ(
1043 1641 1139 1671 seriose
1156 1640 1234 1671 labo—

183 1687 244 1712 r'are
262 1679 433 1712 intendimus
447 1705 456 1719 ,
479 1684 510 1711 ut
531 1680 696 1710 Novitatem
712 1704 722 1719 ,
744 1691 803 1721 quae
822 1680 917 1709 ibidem
937 1679 967 1708 de
990 1678 1161 1720 Wicklefistis
1177 1702 1186 1718 ,
1206 1687 1235 1710 ut

184 1721 377 1750 communiter
399 1720 516 1750 refertur
528 1742 538 1757 ‚
562 1719 710 1749 exsurrexit
726 1741 735 1757 ‚
764 1718 898 1756 possimus
918 1717 1076 1758 eradicare,
1102 1722 1135 1750 &
1153 1719 1235 1748 nobis

186 1759 361 1789 ‘conveniens
375 1768 433 1789 non
451 1758 541 1795 foret,
558 1757 627 1788 dum
644 1757 731 1787 taliter
747 1758 782 1787 de
795 1757 930 1787 Bohemia
945 1760 1013 1786 cum'
1034 1758 1167 1787 Exercitu
1183 1767 1236 1786 no-

186 1796 246 1828 stro
260 1797 293 1828 ad
308 1797 451 1827 Franciam
471 1797 520 1826 iter
535 1796 652 1827 facimus
664 1820 673 1833 ,
697 1796 726 1825 in
741 1795 786 1826 via
801 1795 847 1825 diu
864 1795 983 1832 tardare,
1003 1804 1034 1825 ut
1047 1804 1093 1826 tua
1109 1795 1236 1826 Dilectio

187 1835 262 1866 bene
276 1835 433 1872 perpendit:
456 1835 501 1865 Ac
521 1835 604 1865 etiam
627 1844 679 1864 nos
701 1835 804 1864 invitus
816 1833 851 1863 de
868 1832 1014 1864 Alamania
1028 1835 1237 1870 recederemus,

188 1874 239 1903 nisi
264 1873 370 1903 nostras
393 1873 425 1903 ὅ(
447 1872 562 1910 Imperii
587 1872 677 1902 causas
700 1872 806 1902 ibidem
822 1872 976 1902 secundum
993 1873 1091 1902 melius
1104 1872 1237 1910 disposui-

188 1917 265 1942 mus:
282 1912 314 1942 &
331 1921 363 1941 ex
379 1920 437 1949 quo
451 1907 507 1941 boc
523 1912 617 1948 utique
632 1920 699 1940 curn
713 1919 763 1941 tuo
779 1911 811 1940 &
825 1911 941 1941 aliorum
958 1919 1074 1941 tuorum
1083 1910 1237 1942 Coeieeio-

188 1959 253 1980 rum
270 1949 437 1987 Principum
452 1949 588 1980 Concilio
599 1949 703 1987 facere,
722 1950 754 1979 δε
770 1959 822 1978 nos
834 1951 916 1979 etiarn
929 1950 969 1979 ob
984 1949 1155 1987 h0c‚taliter
1169 1958 1237 1979 cum

190 1989 221 2018 in
241 1988 373 2025 praedisfta
392 1987 425 2018 ad
448 1987 594 2018 Franciam
616 1988 719 2017 erimus
742 1987 919 2018 Itineratione
933 2011 942 2025 ,
965 1988 999 2017 ad
1022 1997 1050 2017 te
1072 1988 1104 2017 δε
1121 1987 1193 2025 ipsos
1208 1988 1237 2016 in

190 2025 344 2057 Treverim
367 2027 502 2064 applicare
515 2048 525 2064 ,
546 2026 579 2056 &
600 2025 667 2055 Nos
689 2025 794 2056 ibidem
808 2048 817 2062 ,
844 2036 897 2055 una
914 2026 1078 2063 vobiscum,
1097 2025 1132 2056 de
1148 2026 1191 2056 illa
1205 2027 1239 2056 &

191 2065 249 2095 aliis
263 2064 379 2102 Imperii
398 2065 609 2094 imminentibus
629 2063 725 2094 Causis
741 2065 774 2094 ὃς
788 2063 1007 2095 Neceffiratibus
1020 2064 1189 2102 interloqui,
1207 2064 1240 2094 δε

190 2110 259 2134 ‘cum
275 2102 370 2133 vestro
378 2102 514 2133 Concilio
528 2102 643 2134 traftare
658 2103 690 2134 &
701 2101 847 2140 disponere
860 2102 1086 2141 intendimus‚ac
1099 2105 1183 2134 etiam
1200 2102 1243 2132 in-·

191 2148 272 2179 tegre
286 2144 491 2180 proponamu83

229 2179 273 2210 Ea
292 2188 406 2217 propter
427 2180 443 2209 a
465 2179 512 2210 [υὲ
528 2179 692 2211 ΒίῙεξὲίοηε
705 2181 849 2218 cupimus,
867 2180 900 2210 &
916 2179 1064 2218 Rogamus
1089 2180 1163 2210 illam
1190 2179 1243 2209 firi-

193 2218 325 2256 gulariter
336 2219 452 2256 seriose,
470 2228 537 2248 cum
554 2217 621 2249 Nos
632 2221 734 2249 erimus
748 2220 775 2248 in
792 2217 863 2256 Via,
881 2219 914 2248 &
929 2220 987 2249 hoc
1002 2220 1053 2248 tibi
1069 2220 1244 2256 nunciamus,

193 2256 228 2287 ad
249 2266 301 2286 nos
323 2258 351 2286 in
365 2257 518 2287 Treverim
534 2259 628 2287 venire
635 2258 719 2295 velis,
737 2257 835 2293 nobis,
851 2267 904 2287 una
919 2267 987 2287 cum
1003 2257 1057 2287 aliis
1071 2259 1123 2287 tuis
1137 2256 1244 2287 Coele-

193 2295 319 2325 Ctoribus
331 2294 508 2331 Principibus
522 2295 635 2333 (quibus
649 2298 681 2326 &
697 2295 764 2326 Nos
778 2295 813 2324 de
825 2294 882 2325 hoc
903 2297 930 2324 in
955 2296 1033 2325 simili
1053 2294 1146 2325 forma
1159 2295 1245 2333 scrip-

194 2332 291 2369 fimus)
313 2331 476 2363 Concilium
498 2334 532 2364 ὅ(
554 2334 696 2364 Auxilium
719 2334 882 2371 praedictam
900 2333 1109 2371 dispositionem
1126 2333 1182 2363 fieri
1198 2333 1246 2364 ad-

190 2372 289 2410 juvare
309 2380 338 2401 ut
359 2380 426 2402 tunc
450 2370 571 2408 Imperio
594 2373 660 2402 utile
682 2374 713 2403 &
731 2373 851 2410 dignum
867 2371 926 2410 est;
945 2375 973 2402 in
992 2382 1049 2410 quo
1063 2372 1244 2402 dileetionem

196 2409 230 2440 &
243 2408 491 2447 Complacentiam
509 2409 607 2440 Nobis
621 2411 710 2441 facies.

236 2447 273 2478 Et
292 2458 344 2478 nos
363 2448 494 2477 volumus
515 2447 598 2478 etiam
620 2452 723 2480 extunc
745 2449 796 2479 tibi
813 2471 822 2486 ,
848 2450 881 2479 &
897 2449 953 2478 aliis
967 2450 1019 2479 tuis
1033 2449 1248 2479 Coeletfmribus

197 2485 375 2523 Principibus
388 2508 398 2523 ,
423 2488 658 2523 praenominatam
680 2487 769 2517 Diem
783 2511 793 2524 ‚
819 2487 874 2525 qua
898 2487 966 2516 Nos
982 2488 1070 2518 taliter
1087 2489 1114 2517 in
1128 2488 1248 2517 Treveri

197 2524 256 2593 iesse
270 2524 416 2592 illolurrtius,
434 2524 467 2554 ad
483 2525 665 2564 Quindenam
681 2527 709 2556 in
723 2534 818 2564 antea,
834 2525 978 2556 notificare
984 2547 995 2564 ,
1013 2534 1090 2556 tuam
1105 2526 1249 2565 praescrip-

209 2570 256 2594 am
286 2570 351 2593 nten
365 2571 471 2592 ionem.

238 2642 347 2673 Datum
369 2646 514 2683 Hagenaw
534 2645 664 2683 proxima
684 2645 729 2676 die
752 2646 843 2677 Lunae
858 2636 923 2677 ante
936 2645 1049 2676 Festum
1066 2646 1158 2676 Beatae
1172 2635 1252 2675 Mar-

199 2683 321 2725 garethae
334 2683 536 2752 ³'Rf22gnqmm
549 2684 713 2715 nostrorum
727 2684 900 2724 Hungariae,
917 2686 977 2716 &c.
993 2685 1074 2714 xxxii.
1094 2685 1127 2716 &
1142 2683 1253 2714 Roma-

201 2729 304 2750 norum
317 2730 374 2752 viii.
423 2732 492 2752 nnis.

414 2803 557 2847 Sequitur
578 2801 691 2835 cedula
707 2799 896 2846 Praefintibus
913 2801 1037 2847 inclusit.

205 2882 318 2944 SIcut
332 2882 431 2915 Nobis
442 2886 526 2915 etiam
540 2886 651 2918 noviter
665 2885 818 2923 scribebas,
836 2887 870 2916 &
885 2886 1004 2922 rogabas
1018 2886 1067 2916 tibi
1083 2895 1167 2916 unam
1183 2884 1257 2915 Die-¹

261 2930 318 2952 tarn
333 2947 343 2960 ,
366 2933 463 2954 coram
485 2923 584 2953 nostris
606 2924 640 2954 &
661 2924 725 2953 sacri
741 2924 858 2961 Imperii
873 2924 1050 2961 Principibus
1063 2925 1255 2961 Eleewribus,

207 2961 237 3004 in
252 2963 470 2992 convenientem
485 2962 601 2993 Locum
615 2961 758 3000 assignari,
776 2964 809 2992 ad
825 2972 913 2999 quern
936 2971 1005 2992 tunc
1019 2973 1119 2992 omnes
1130 2963 1175 2992 vel
1191 2962 1257 2993 Ma-

206 3008 298 3035 jorem
322 3009 428 3035 partem
449 3000 618 3031 eorumdem
639 3001 787 3030 conveniri
803 3001 966 3037 contingat,
983 3001 1070 3031 Tunc
1085 3002 1118 3031 ὅ(
1133 3010 1162 3031 tu
1177 3001 1211 3030 ad
1225 3001 1258 3030 il-

211 3037 271 3067 lum
284 3036 351 3066 velis
362 3039 456 3069 venire
470 3040 504 3070 &
517 3040 546 3069 in
561 3038 606 3069 illa
621 3037 722 3077 Dima,
740 3048 837 3069 coram
854 3039 914 3076 ipsis
929 3038 964 3068 de
983 3039 1078 3070 nostri
1090 3039 1258 3076 inculpatio-

211 3085 249 3105 ne
258 3097 268 3112 ,
285 3081 315 3103 ut
327 3073 361 3119 ad
373 3077 500 3106 notitiam
511 3086 589 3108 tuam
604 3077 735 3113 devenit,
753 3087 805 3107 nos
819 3078 869 3108 tibi
885 3076 980 3107 fecisse
992 3078 1125 3108 debemus
1137 3100 1148 3115 ,
1168 3079 1200 3108 &
1213 3084 1258 3107 tua

213 3111 249 3143 de
266 3112 347 3151 super
367 3110 562 3150 Responsione
584 3114 654 3145 stare
669 3115 731 3154 Juri
744 3137 753 3153 ‚
779 3126 811 3145 ac
833 3116 923 3146 facere
938 3124 1075 3153 quantum
1091 3115 1204 3153 Nobis,
1220 3115 1259 3145 se-

213 3150 341 3181 cundum
357 3151 480 3188 ipsorum
496 3154 541 3182 vel
556 3154 666 3190 majoris
677 3156 758 3191 partis
772 3155 940 3184 eorumdem
955 3153 1202 3191 Declarationem,
1224 3153 1260 3183 de

213 3189 337 3220 Honore
351 3190 383 3220 ὅ(
395 3188 524 3232 Justitii,
542 3190 575 3220 ad
589 3192 747 3221 faciendum
766 3194 819 3222 eris
837 3192 1000 3231 Obligatus,
1021 3193 1057 3223 ira
1070 3202 1163 3222 tamen
1179 3191 1260 3230 quod

214 3227 299 3264 Nos,
317 3236 412 3262 coram
427 3227 529 3271 eisdem
542 3227 720 3267 Principibus
734 3229 927 3268 Eleetoribus,
947 3231 966 3260 si
987 3240 1014 3261 te
1030 3233 1121 3261 minus
1138 3231 1206 3268 juste
1218 3232 1260 3260 in-

213 3264 385 3303 culpaffem,
402 3273 486 3296 etiam
506 3276 558 3304 pro
580 3277 617 3297 eo
634 3269 766 3298 faciamus
785 3268 938 3298 secundum
957 3269 1078 3306 ipsorum
1093 3269 1136 3298 vel
1152 3271 1263 3306 majoris

214 3305 298 3343 partis
325 3304 492 3334 eorumdem
518 3304 743 3335 Declarationem
759 3330 768 3343 ,
793 3308 854 3336 &c.
881 3307 1017 3337 Volumus
1038 3309 1064 3337 in
1087 3307 1132 3338 illa
1155 3308 1263 3347 Dieta,

214 3343 393 3384 praesentibus
406 3341 517 3373 Litteris
531 3344 747 3381 comprehensa,¹
764 3345 849 3374 etiam
865 3344 935 3375 Tibi
949 3345 1141 3383 Respondete.

1261 877 1400 908 vunculus
1418 877 1512 907 noster
1531 877 1649 907 dilecrus
1664 901 1672 914 ,
1699 878 1732 908 &
1749 876 1883 914 Princeps
1896 877 2030 915 Elector,
2048 878 2082 908 ad
2101 879 2312 915 Ambaxiatam,

1263 926 1347 955 quarn
1372 926 1421 954 per
1439 914 1582 946 Nobilem
1601 914 1736 955 Adolfum
1750 919 1882 945 Comitem
1903 915 1934 945 de
1958 916 2065 955 Naffim
2086 915 2122 950 (ὢν
2139 919 2313 954 Hartungum

1263 955 1335 985 Clux
1350 954 1475 985 Militem
1488 954 1521 984 ad
1535 965 1586 984 vos
1601 955 1712 984 noviter
1727 953 1785 983 fieri
1802 954 1934 992 fecimus,
1952 954 2123 992 responderit
2133 978 2142 992 ,

1303 994 1339 1024 Et
1368 1003 1452 1023 unam
1472 991 1617 1030 Copiam,
1644 991 1694 1022 sub
1719 993 1795 1030 cujus
1821 993 1939 1022 Tenore
1958 1002 2009 1023 vos
2028 992 2127 1023 Nobis
2146 992 2316 1030 supplicastis

1263 1032 1380 1070 praefato
1398 1031 1538 1069 Ludovico
1548 1030 1737 1061 Consimilem
1758 1030 1895 1061 Litteram
1914 1030 2040 1061 nostram
2058 1031 2121 1061 dare
2140 1032 2316 1071 deberemus,

1264 1070 1418 1101 audivimus
1437 1072 1469 1100 &
1489 1068 1679 1100 intelleximus.
1705 1103 1707 1105 ¹

1304 1108 1377 1138 Sane
1404 1108 1438 1138 &
1466 1108 1535 1140 Nos
1563 1118 1622 1137 non
1649 1106 1796 1146 possumus
1824 1108 1894 1137 inibi
1923 1107 2096 1138 considerare
2116 1108 2218 1147 quod,
2236 1109 2316 1147 supet

1267 1145 1434 1177 Ambaxiata
1458 1145 1554 1175 nostra
1571 1145 1705 1182 praetacta
1717 1168 1726 1183 ,
1751 1147 1788 1175 ita
1806 1145 1926 1183 plenarie
1950 1147 1982 1177 sit
2001 1145 2177 1184 Responsum
2189 1171 2198 1186 ,
2221 1148 2319 1178 secun-

1267 1184 1337 1214 dum
1365 1184 1442 1221 quod
1465 1183 1540 1213 illam
1559 1183 1617 1212 fieri
1632 1182 1766 1221 Juffimus
1785 1194 1832 1221 per
1852 1185 1998 1224 praefatos3
2027 1186 2197 1215 nominatim
2209 1210 2218 1222 ,
2237 1187 2322 1225 quia,

1267 1224 1296 1252 in
1314 1222 1414 1252 cadem
1435 1221 1620 1258 Ambaxiata,
1644 1231 1740 1251 coram
1760 1222 1860 1259 vobis,
1888 1223 1979 1253 eidem
2008 1223 2148 1253 Ludovico
2175 1225 2320 1254 nunciavi-

1270 1271 1333 1290 mus
1352 1260 1432 1298 quod
1458 1259 1491 1289 ad
1512 1258 1581 1289 Nos
1597 1259 1784 1296 perveniffet‚
1812 1261 1891 1296 quod
1910 1262 1990 1299 ipsius
2010 1261 2155 1299 Capitanei
2174 1263 2206 1293 &
2227 1262 2321 1292 Servi-

1269 1308 1342 1330 tores
1361 1297 1470 1328 nostros
1485 1298 1518 1328 &
1537 1296 1651 1334 Imperii
1668 1297 1755 1327 Cives
1775 1299 1802 1326 in
1820 1298 1877 1327 Sels
1897 1300 2045 1337 privassent
2069 1301 2228 1338 Turribus,
2247 1300 2321 1331 Por-

1269 1347 1360 1406 }arum
1384 1333 1521 1367 Clavibus
1535 1358 1545 1373 ‚
1572 1345 1605 1366 ac
1624 1334 1737 1373 Portis,
1763 1335 1796 1365 &
1814 1335 1870 1365 illas
1890 1337 1924 1368 ad
1944 1337 2049 1368 Manus
2067 1338 2188 1375 ipsorum
2208 1340 2324 1376 recipis-

1280 1384 1343 1406 ent:

1308 1413 1345 1443 Et
1363 1412 1478 1444 eosdem
1498 1411 1585 1442 Cives
1601 1412 1634 1442 ad
1651 1411 1699 1441 alia
1716 1411 1876 1449 Juramenta
1887 1436 1896 1450 ,
1916 1421 2000 1450 quarn
2026 1413 2168 1452 hucusque
2188 1414 2324 1447 Consue-

1270 1460 1296 1482 ta
1316 1452 1449 1490 fuissent,
1469 1452 1621 1487 angauriari
1640 1450 1794 1488 cepissent:

1306 1489 1342 1521 Et
1358 1490 1437 1528 quod
1453 1489 1629 1520 miffiffemus
1647 1489 1681 1519 ad
1698 1489 1756 1519 Sels
1775 1511 1784 1526 ,
1810 1488 1844 1518 ad
1861 1487 2004 1519 sciendum
2030 1488 2111 1527 hujus
2134 1490 2211 1521 Facti
2226 1493 2324 1523 verita-

1271 1537 1346 1566 tem,
1366 1529 1559 1559 Ambaxiatam
1578 1527 1722 1565 nostram,
1742 1527 1775 1558 ὃς
1791 1527 1870 1565 quod
1891 1527 1964 1557 illam
1993 1526 2148 1558 Servitores
2165 1532 2247 1558 Ducis
2265 1533 2327 1559 Lu-

1271 1567 1359 1598 dovici
1383 1569 1482 1598 intrare
1505 1567 1665 1604 permittere
1694 1566 1843 1603 noluerunt
1864 1575 1870 1595 :
1891 1567 1923 1596 δε
1943 1565 2112 1604 quomodo,
2131 1575 2165 1596 ex
2184 1567 2264 1604 post,
2282 1579 2328 1599 ea—

1273 1605 1338 1636 dem
1367 1606 1531 1636 Ambaxiata
1549 1604 1643 1634 nostra
1665 1603 1783 1643 rogasset
1813 1603 1894 1642 quod
1913 1603 2005 1645 diebos
2021 1602 2108 1634 Cives
2124 1604 2159 1635 de
2176 1606 2235 1636 Sels
2252 1615 2328 1637 exrra

1274 1643 1408 1675 Castrum
1437 1645 1509 1675 exire
1535 1643 1744 1683 permitterent,
1771 1650 1800 1672 ut
1825 1642 1873 1680 ipsi
1895 1642 2004 1680 pollent
2023 1652 2090 1673 cum
2108 1644 2211 1674 eisdem
2227 1644 2329 1675 habere

1274 1681 1481 1720 Colloquium3
1500 1682 1532 1713 &
1551 1681 1630 1719 quod
1647 1679 1713 1710 illud
1728 1681 1787 1717 ipsis
1803 1682 1886 1711 etiarn
1902 1680 1995 1710 fuisset
2007 1680 2196 1717 denegatum:

1312 1720 1350 1752 Et
1366 1720 1444 1760 quod
1455 1745 1464 1758 ,
1479 1721 1508 1750 in
1525 1719 1596 1757 fine,
1617 1718 1696 1759 Wlf
1708 1730 1770 1748 vom
1782 1722 1872 1749 Steine
1888 1719 1923 1749 de
1939 1717 2134 1758 Clingenstein
2156 1719 2243 1751 Miles
2258 1730 2329 1759 prae-

1275 1759 1346 1790 dieti
1364 1760 1500 1789 Ludovici
1520 1757 1655 1797 Magister
1679 1757 1774 1788 Curiae
1791 1780 1801 1795 ,
1818 1756 1992 1787 Eberhardus
2010 1758 2042 1787 de
2061 1760 2222 1796 Mengingen
2242 1759 2330 1790 Miles

1276 1799 1309 1829 &
1338 1797 1502 1829 Advocatus
1527 1797 1554 1825 in
1579 1796 1636 1827 Sels
1654 1819 1663 1834 ‚
1690 1796 1722 1826 ad
1749 1795 1912 1833 praedffinm
1928 1795 2053 1826 nostram
2071 1797 2264 1827 Ambaxiatam
2280 1808 2331 1828 ve-

1277 1836 1379 1867 nissent
1397 1860 1407 1875 ,
1431 1837 1463 1867 &
1483 1834 1612 1865 dixissent
1628 1834 1707 1873 quod
1727 1833 1872 1864 Dominus
1886 1834 2009 1871 ipsorum
2024 1838 2091 1864 Dux
2109 1835 2264 1865 Ludovicus
2282 1836 2331 1866 ha-

1277 1875 1355 1910 beret
1369 1873 1551 1912 Inimicitias,
1569 1874 1602 1904 &
1618 1872 1799 1903 commisisset
1814 1872 1876 1910 ipsis
1889 1872 2020 1903 Castrum
2038 1872 2097 1903 Seis
2113 1874 2181 1911 sibi,
2201 1875 2244 1904 vel
2262 1875 2329 1905 alte-

1277 1914 1299 1942 ri
1321 1915 1366 1944 cui
1386 1913 1440 1953 ipse
1468 1914 1525 1943 hoc
1551 1911 1694 1942 mandaret
1712 1911 1744 1940 ad
1763 1910 1974 1949 recipiendum,
1992 1910 2141 1950 assignare,
2161 1913 2194 1943 ὃ(
2208 1913 2276 1943 nulli
2291 1913 2331 1944 al-

1279 1952 1327 1982 teri
1338 1975 1347 1989 ,
1365 1953 1397 1982 &
1417 1953 1474 1982 hoc
1491 1950 1540 1988 ipsi
1556 1950 1658 1981 vellent
1677 1950 1767 1980 facere
1786 1959 1821 1980 eo
1839 1949 1929 1979 modo
1940 1971 1949 1987 ,
1969 1950 2028 1979 &c.

1318 1990 1355 2021 Et
1370 1990 1414 2020 illa
1433 1990 1531 2020 omnia
1543 1988 1673 2019 videntur
1688 1988 1787 2018 Nobis
1802 1987 1889 2017 aliena
1905 1988 1936 2017 &
1956 1988 2066 2026 iniqua,
2083 1987 2236 2018 secundum
2246 1989 2326 2026 quod

1279 2028 1378 2097 Nffibis
1400 2028 1432 2059 &
1459 2028 1546 2058 Sacro
1567 2026 1691 2064 Imperio
1714 2025 1772 2057 Sels
1789 2026 1908 2063 pertinet
1928 2026 1960 2057 &
1975 2028 2077 2057 merito
2096 2026 2210 2057 deberet
2229 2028 2331 2058 Nobis

1281 2078 1297 2098 e
1323 2078 1338 2097 e
1353 2075 1479 2104 apertum
1491 2089 1500 2104 ,

1282 2105 1355 2176 &Et
1381 2103 1535 2136 secundum
1555 2103 1613 2135 hoc
1642 2102 1718 2143 quod
1745 2102 1874 2141 praefatus
1898 2096 2050 2133 Ludovicus
2079 2101 2176 2133 Nobis
2192 2101 2233 2133 est
2256 2102 2334 2134 astri-

1314 2154 1364 2183 uS,

1318 2182 1356 2213 Et
1380 2192 1433 2213 nos
1452 2182 1536 2212 etiam
1545 2180 1612 2211 illud
1635 2191 1695 2211 non
1705 2179 1930 2217 credidiffemus,
1952 2181 2015 2218 quia
2032 2179 2100 2210 Nos
2125 2179 2189 2217 fibi,
2208 2179 2254 2211 vel
2274 2181 2335 2211 cui-

1283 2230 1407 2291 cgicimque
1432 2220 1509 2250 alteri
1528 2242 1537 2258 2
1565 2218 1670 2250 Invitus
1687 2218 1762 2249 aliud
1789 2218 1882 2249 facere
1900 2218 2035 2250 vellemus
2061 2228 2144 2256 quam
2157 2217 2231 2256 Juris
2249 2219 2336 2257 estet,

1319 2270 1344 2290 c.

1322 2297 1377 2328 Sed
1403 2297 1485 2335 quia,
1506 2297 1534 2327 in
1554 2295 1682 2334 praedie‘ti
1701 2295 1835 2325 Ludovici
1855 2294 2048 2331 Responfione
2066 2294 2231 2332 interclusa,
2246 2295 2336 2325 taliter

1286 2336 1326 2367 est
1359 2344 1533 2374 conceptum
1548 2357 1558 2372 ,
1588 2333 1668 2372 quod
1697 2334 1752 2372 ipie
1778 2334 1877 2363 habeat
1902 2342 1986 2363 unam
2012 2334 2281 2370 impignorationem
2304 2333 2340 2365 ad

1287 2375 1363 2413 Sels,
1381 2384 1496 2412 propter
1515 2382 1600 2411 quarn
1618 2372 1672 2409 ipse
1687 2373 1771 2402 etiarn
1790 2371 1886 2401 habeat
1904 2371 2007 2402 Literas
2024 2371 2129 2401 nostras
2147 2372 2288 2411 Sigillatas)
2304 2373 2339 2403 &

1287 2413 1343 2451 ipse
1360 2414 1458 2443 habeat
1476 2411 1674 2443 confidentiam
1691 2409 1769 2447 quod
1790 2409 1858 2440 Nos
1877 2409 1946 2448 fibi,
1963 2411 1990 2439 in
2009 2409 2052 2439 tali
2075 2409 2316 2448 impignorationis
2329 2433 2339 2448 ,

1288 2456 1302 2468 *
1321 2452 1409 2482 nichil
1437 2451 1571 2482 vellemus
1595 2450 1729 2479 innovare
1749 2449 1781 2479 ὃς
1810 2448 1949 2486 inserere,
1978 2448 2023 2477 sed
2040 2447 2119 2485 quod
2138 2449 2246 2486 ipsum,
2262 2450 2336 2479 circa
2356 2450 2370 2466 ⁸*
2389 2451 2442 2479 IX.

1287 2490 1449 2527 praeditstam
1482 2489 1753 2526 impignorationem
1772 2509 1782 2523 ,
1809 2496 1922 2517 manere
1955 2487 2146 2523 permittamus
2181 2487 2334 2517 secundum
2349 2489 2416 2516 606„

1286 2529 1433 2559 Tenorem
1448 2526 1607 2557 nostrarum
1629 2525 1799 2555 Litterarum
1818 2534 1884 2562 quas
1898 2525 1935 2554 de
1951 2525 2028 2561 super
2048 2525 2146 2562 habet,
2164 2526 2216 2563 &,
2237 2526 2255 2555 si
2276 2527 2337 2563 quis

1288 2568 1355 2598 alius
1372 2566 1463 2605 ipsum
1480 2567 1508 2596 in
1520 2564 1620 2595 eidem
1641 2562 1788 2594 molestare
1806 2563 1850 2593 vel
1869 2563 2028 2601 perturbare
2047 2563 2149 2601 vellet,
2174 2563 2255 2601 quod
2272 2572 2341 2594 tunc

1290 2605 1379 2644 ipsum
1399 2614 1498 2635 contra
1517 2603 1577 2633 illos
1598 2602 1736 2632 defensare
1751 2602 1783 2632 &r
1805 2610 1987 2631 manutenere
2005 2600 2171 2631 deberemus
2182 2625 2191 2637 ‚
2208 2602 2268 2632 &c.

1329 2643 1364 2674 In
1381 2653 1434 2682 qua
1454 2641 1652 2680 Responsione
1667 2640 1732 2670 Nos
1748 2640 1881 2669 omnimo
1901 2639 1987 2669 nichil
2004 2639 2159 2676 intelligere
2176 2639 2342 2678 poffumus,

1293 2691 1377 2721 quare
1406 2681 1532 2712 nostram
1558 2675 1756 2719 Ambaxiatam
1780 2679 1812 2708 ad
1838 2679 2006 2715 praedietum
2032 2676 2166 2708 Castrum
2183 2678 2241 2708 Sels
2255 2680 2345 2709 intro-

1294 2722 1404 2751 mittere
1432 2720 1582 2750 noluerunt
1603 2727 1610 2748 ε
1636 2717 1681 2747 vel
1705 2727 1789 2755 quare
1806 2716 1894 2746 nostri
1912 2715 2000 2746 Cives
2018 2716 2050 2745 ad
2071 2717 2136 2746 tales
2156 2714 2257 2746 Causas
2273 2727 2346 2747 con-

1295 2759 1363 2797 pulsi
1388 2759 1439 2789 sint
1459 2768 1465 2787 z
1495 2758 1528 2788 ὃς
1550 2766 1633 2795 quare
1657 2755 1715 2786 Sels
1732 2755 1821 2785 taliter
1839 2765 1938 2785 contra
1955 2754 2022 2785 Nos
2039 2755 2075 2784 sic
2092 2755 2123 2785 sit
2137 2754 2258 2785 fulsitum
2279 2755 2347 2786 Ho-

1295 2797 1418 2828 minibus
1433 2808 1442 2834 3
1462 2796 1544 2826 Nam
1555 2818 1565 2834 ,
1586 2796 1683 2832 utique
1701 2793 1771 2823 Nos
1789 2803 1933 2830 nunquam
1949 2792 2136 2824 habuissemus
2152 2792 2347 2832 voluntatem,

1295 2846 1347 2866 nec
1374 2835 1407 2865 ad
1432 2834 1548 2873 praesens
1572 2834 1737 2863 haberemus
1755 2854 1765 2870 ,
1790 2831 1924 2869 praedieto
1936 2831 2091 2868 Ludoviw,
2109 2830 2155 2862 vel
2174 2832 2348 2869 cuicumque

1295 2875 1390 2910 alteri,
1415 2875 1536 2911 aliquam
1562 2871 1728 2909 Injustitiam
1747 2870 1791 2899 vel
1814 2868 1984 2900 potestatem
2002 2870 2094 2900 facere
2109 2894 2118 2908 ,
2136 2869 2181 2899 sed
2200 2879 2252 2899 nos
2272 2870 2348 2901 bene

1295 2910 1485 2943 habuissemus
1505 2909 1705 2941 confidentiam
1725 2908 1803 2946 quod
1827 2909 1908 2938 nobis
1934 2907 2101 2945 praedictum
2119 2907 2252 2938 Castrum
2269 2908 2349 2945 Seis,

1296 2954 1330 2988 eit
1349 2961 1406 2989 quo
1421 2950 1454 2980 ad
1471 2949 1537 2980 Nos
1552 2950 1583 2979 &
1603 2947 1758 2985 Imperium
1775 2947 1918 2985 pertinet,
1945 2947 2032 2977 taliter
2050 2955 2111 2976 non
2131 2945 2210 2976 fuisse
2229 2947 2349 2984 praeclu-

1298 2991 1315 3020 s
1329 2992 1368 3019 m.

1310 3001 1496 3059 uSecundum
1520 3024 1599 3064 quod
1622 3034 1673 3054 vos
1694 3023 1791 3061 nobis,
1811 3024 1839 3053 in
1859 3017 1950 3053 vestra
1966 3022 2092 3061 Littera,
2111 3024 2196 3054 etiam
2215 3023 2348 3062 supplica-

1299 3067 1345 3097 stis
1368 3065 1447 3104 quod
1464 3089 1473 3102 ,
1500 3063 1654 3094 secundum
1673 3061 1822 3092 Tenorem
1842 3062 1922 3092 unius
1941 3060 2076 3099 Cedulae,
2094 3062 2161 3091 inibi
2177 3062 2349 3099 interclusae‚

1299 3105 1415 3143 praefato
1434 3103 1572 3134 Ludovico
1595 3099 1701 3131 nostras
1728 3099 1845 3130 Litteras
1870 3100 2002 3138 sigillatas
2018 3099 2083 3129 dare
2100 3100 2253 3137 vellemus3
2282 3099 2350 3129 Ne-

1301 3144 1402 3173 scimus
1416 3142 1537 3180 ahquam
1548 3140 1655 3170 causam
1672 3147 1784 3176 propter
1802 3148 1885 3175 quam
1905 3148 1957 3168 nos
1974 3138 2024 3175 fibi
2040 3138 2124 3168 talem
2139 3137 2262 3167 nostram
2286 3137 2349 3167 Lit-

1299 3191 1386 3212 teram
1406 3180 1470 3210 dare
1487 3179 1656 3214 debeamus;
1675 3187 1769 3207 tamen
1791 3176 1942 3207 secundum
1963 3176 2040 3215 quod
2060 3177 2086 3206 se
2111 3177 2206 3205 omnia
2231 3176 2302 3206 faeta
2319 3177 2350 3206 in

1300 3218 1450 3250 Praemiffis
1463 3218 1618 3248 habuerunt
1629 3239 1637 3251 ‚
1656 3224 1724 3245 tunc
1744 3215 1875 3245 volumus
1891 3216 1935 3245 illa
1951 3217 2033 3245 etiarn
2046 3215 2205 3250 permittere
2221 3213 2290 3244 stare
2306 3224 2351 3244 us-

1301 3268 1355 3296 que
1379 3257 1412 3287 ad
1438 3256 1553 3287 Dietam
1579 3256 1606 3285 in
1629 3253 1781 3291 Treveris,
1806 3263 1890 3291 quam
1905 3253 1987 3283 vobis
2007 3252 2149 3282 notificare
2164 3252 2351 3292 intendimus,

1302 3296 1456 3328 secundum
1469 3293 1547 3331 quod
1566 3294 1638 3330 prius
1654 3293 1737 3322 etiam
1757 3292 1838 3322 vobis
1857 3291 2054 3328 descripsimus.

1339 3334 1406 3364 Dat.
1424 3333 1538 3370 Baden,
1554 3331 1688 3368 proximo
1708 3330 1752 3359 die
1778 3329 1878 3360 Martis
1906 3329 1969 3368 post
1997 3329 2112 3359 Festum
2134 3328 2208 3358 Beati
2228 3328 2304 3359 Petri
2318 3328 2352 3360 ad

1303 3373 1416 3403 vincula
1432 3397 1442 3410 ‚
1466 3370 1639 3410 Regnorum
1662 3368 1826 3399 nostrorum
1849 3367 2002 3406 Hungariae
2028 3367 2116 3398 Anno
2140 3369 2221 3398 xxxii.
2240 3368 2272 3399 &
2295 3367 2354 3398 Im-

1304 3421 1374 3450 perii
1391 3419 1427 3440 ix.

10 3505 22 3572 lt
73 3501 160 3578 ἔοὶῗῖζ.
189 3575 192 3578 η
218 3499 245 3527 *k
272 3504 321 3535 De
346 3498 501 3534 Praebemla
524 3527 533 3543 ‚
568 3498 654 3546 Jnre
675 3502 796 3548 Regalm
811 3515 842 3534 m
860 3501 998 3535 manibus
1015 3507 1101 3552 Regis
1119 3505 1265 3550 existente.
1309 3533 1405 3582 Apud
1420 3536 1526 3579 Regem
1538 3557 1547 3572 5
1571 3529 1606 3563 de
1615 3527 1868 3577 gravaminibus,
1884 3527 1944 3570 fibi
1956 3540 2008 3574 per
2020 3531 2232 3575 Imperatorem
2248 3528 2352 3570 illatis,

12 3584 26 3619 i
76 3578 207 3657 Appilg.
284 3585 368 3654 {hxd’
385 3586 493 3654 dli-regns
507 3586 555 3616 fibi
570 3588 598 3633 J„
612 3585 744 3656 Chrjsst3‚
760 3590 876 3655 Samon·
891 3587 936 3655 &S
943 3589 1063 3655 qapjtulo
1080 3590 1201 3631 Ecclefiae
1216 3595 1269 3621 Ca,
1525 3579 1695 3625 Qerelam
1713 3582 1813 3611 Comes
1834 3579 1992 3611 Palatinus
2007 3577 2137 3611 deducit.

14 3620 27 3703 1
78 3661 131 3685 An.
149 3657 177 3685 6.
260 3636 350 3693 Vobis
360 3635 392 3702 §a
399 3622 716 3694 {enffssasgr'eae'gggimz
729 3635 744 3701 ξ
758 3634 953 3699 ᾗέῐξῗὲἑξῶυέ
960 3636 1227 3699 ἒὲεὸἛιΡναὲεηιίανη
1239 3667 1271 3697 de
1312 3663 1519 3729 INvic‘Jtffime
1540 3661 1772 3703 Glariofiffimeqne
1793 3664 1910 3701 Regum,
1929 3665 2012 3693 Sacra
2026 3660 2063 3698 ὠ·
2080 3660 2293 3699 Metuendiffl'ma
2308 3663 2357 3691 Co-
2371 3669 2447 3704 Anu·
2462 3673 2505 3703 D,

19 3713 29 3760 ἱ
78 3699 115 3723 Η·
136 3704 153 3730 5
157 3713 164 3720 ·
225 3700 352 3740 Traillie,
368 3711 446 3732 nunc
462 3703 595 3732 Liberam
610 3703 643 3733 &
657 3703 828 3740 Vacantem,
848 3703 874 3731 in
891 3702 1023 3733 Manibus
1037 3705 1175 3744 nostris,J
1185 3715 1206 3735 υ
1218 3715 1241 3736 R
1251 3715 1269 3736 Ε
1359 3716 1426 3735 rona
1436 3727 1445 3743 ,

80 3737 172 3762 Norm.
186 3732 214 3758 6·
226 3735 313 3770 ΒΕΘ
325 3748 451 3778 ALIAE,
469 3741 630 3771 ex‘stentem
645 3742 732 3779 (cujus
747 3741 859 3778 quidem
874 3739 1053 3779 praebendae,
1071 3744 1107 3773 sic
1125 3744 1274 3782 Vaicanus,

24 3810 29 3815 μ
81 3774 176 3807 Η-ῐ-Ρ-
187 3777 212 3797 ¹·
228 3772 404 3819 Praesentatio
416 3800 426 3815 ,
451 3777 577 3809 Collatio
590 3804 600 3815 ,
618 3780 649 3809 ὃς
664 3779 830 3810 omnimoda
846 3778 996 3815 Dispositio
1011 3780 1110 3812 Nobis
1123 3783 1273 3812 noscuntur

25 3828 29 3832 -
79 3818 116 3836 m·
132 3817 176 3836 2¹·
231 3816 380 3850 pertinere)
395 3815 513 3847 Dileeto
526 3819 559 3848 ὃς
576 3817 664 3848 Fideli
686 3817 852 3848 Consiliario
865 3815 977 3855 nostro,
996 3817 1134 3857 Magistro
1145 3824 1229 3850 Ivoni
1243 3821 1274 3850 de

232 3849 313 3895 Bosco
334 3853 438 3892 Denast
458 3855 618 3886 Presbitero
642 3855 822 3886 Contulimns
839 3879 847 3892 ,
870 3855 901 3884 H
913 3864 959 3885 ΑΒ
970 3865 987 3886 Ε
999 3865 1020 3886 N
1031 3866 1114 3888 ΒΑΜ
1141 3869 1208 3889 curn
1225 3859 1276 3889 suis

224 3888 345 3934 Juribus·
353 3891 387 3921 &
401 3893 570 3927 pertinentiis
583 3895 822 3933 quibuscumque,

267 3927 359 3958 Vobis
380 3927 547 3961 Mandantes
568 3934 695 3968 quatinus
716 3934 804 3971 ipsum
826 3936 938 3962 Ivonem
952 3957 961 3970 ,
978 3933 1021 3962 vel
1035 3934 1092 3969 ejus
1106 3934 1279 3966 Procurato—

231 3975 314 4010 rem,
339 3965 490 4011 Recipiatis
507 3969 536 3998 in
556 3969 740 4004 Canonicum
762 3972 795 4003 &
818 3971 943 4002 Fratrem
958 3980 1026 4002 cum
1041 3972 1280 4012 solempnitatibus

231 4014 260 4034 in
271 4003 369 4034 talibus
385 4003 442 4034 fien
457 4006 602 4039 consuetis.

266 4041 299 4072 In
314 4043 407 4081 cujus,
425 4044 485 4074 ὅτε.

268 4083 341 4113 Tem.
355 4083 404 4113 IV.
424 4083 458 4112 P.
472 4083 530 4113 ΠΙ.

2402 3712 2486 3751 1418.

1348 3773 1462 3812 illustris
1487 3777 1624 3814 Princeps
1637 3799 1647 3815 ‚
1670 3776 1815 3807 Dominus
1837 3777 1992 3807 Ludovicur
2014 3779 2104 3805 comes
2118 3774 2280 3812 Palatinus,
2298 3775 2358 3806 &c.
2375 3754 2425 3816 ᾔη-
2442 3754 2471 3778 ό,

1313 3819 1461 3850 Dominus
1480 3815 1573 3846 noster
1590 3815 1749 3852 Gratiosus,
1768 3826 1834 3845 cum
1851 3816 1931 3844 omni
1955 3813 2108 3844 affeetione
2129 3812 2262 3842 serviendi
2279 3823 2361 3844 com·
2378 3798 2445 3858 [ἧι-ἱ

1315 3856 1499 3896 placendique
1519 3877 1528 3892 ‚
1556 3853 1593 3884 Se
1613 3877 1622 3892 ‚
1648 3852 1786 3884 Illustrem
1802 3852 1964 3889 Principem
1978 3851 2143 3881 Dominum
2162 3853 2307 3888 Rupertum
2320 3855 2366 3882 Fi-

1317 3897 1379 3927 lium
1396 3894 1475 3924 suum
1491 3892 1734 3930 praecarissimum,
1753 3891 1851 3922 vestrae
1869 3890 2024 3932 Serenitatis
2048 3889 2199 3927 Nepotem
2210 3913 2220 3926 ,
2237 3890 2269 3920 &
2287 3892 2368 3929 quic.

1319 3934 1386 3970 quid
1402 3930 1544 3962 altiffimus
1559 3930 1607 3960 sibi
1624 3932 1653 3960 in
1669 3931 1727 3960 hoc
1741 3929 1844 3959 Seculo
1860 3926 1979 3957 contulit
1997 3951 2006 3964 ,
2020 3925 2104 3958 offert
2119 3927 2152 3958 ad
2171 3927 2304 3959 Vlandata
2320 3939 2370 3959 ve-

1320 3974 1383 4003 strce
1413 3969 1565 4007 Majestatis
1580 3991 1590 4006 ,
1613 3970 1646 3999 &
1669 3968 1830 4006 Subje-Ctive
1850 3966 2033 3995 recomendat
2049 3988 2059 4003 ‚
2083 3965 2216 4004 deditque
2237 3967 2320 3998 nobis
2341 3968 2372 3998 in

1321 4009 1463 4042 Mandatis
1473 4007 1544 4037 infra
1556 4006 1653 4044 scripta
1667 4006 1768 4039 vestrae
1784 4003 1924 4041 Maiestati
1939 4002 2097 4036 distinctius
2112 4027 2123 4043 ,
2139 4004 2178 4034 sui
2194 4013 2286 4044 parte,
2305 4015 2371 4043 pro-

1322 4057 1427 4089 ponere
1443 4047 1476 4079 &
1492 4045 1642 4083 declarare,
1799 4079 1832 4111 H

1853 4089 1871 4110 2

2280 4078 2377 4111 Pru-
