2562 4274
24 192 105 224 Anu.
116 190 158 221 D.

55 240 139 269 1413.

28 274 93 299 Hen.
106 279 134 304 5.

31 575 162 610 *1x.50.

160 1113 164 1117 ’
186 1116 236 1154 qui
255 1115 442 1144 Serenitatem
457 1120 534 1141 tuam
548 1109 670 1140 seriosius
685 1107 893 1139 informabunt.

44 3526 175 3562 ⁰1X.51.

142 1679 148 1684 '
188 1678 278 1710 clesiae
298 1677 435 1708 Norwici

164 2870 281 2928 ‚RE

165 107 220 156 46

174 198 204 220 ut
218 189 266 229 qui
282 187 365 228 patilo
379 194 442 218 ante
455 185 554 216 Nobis
566 185 682 222 publice
698 183 730 213 &
745 181 924 219 solemniter,
943 181 972 211 in
993 178 1142 210 Praesentia
1158 177 1244 206 totius

174 228 295 266 Populi,
313 227 487 258 Fidelitatem
503 224 658 262 juraverit,
675 222 708 252 &
731 221 890 258 Omagium
909 220 1025 256 fecerit,
1044 228 1078 248 ac
1100 216 1239 258 Regnum

174 278 190 297 a
205 267 288 297 nobis
309 264 507 304 recognoverit
526 272 575 300 per
598 261 659 291 suos
679 259 892 290 solemniilimos
914 257 1067 300 Oratores,
1084 255 1120 286 de
1140 254 1241 294 qulbus

174 306 309 336 omnibus
325 305 442 334 Litteras
454 302 606 336 habemus,
623 308 684 328 non
697 297 788 328 solum
803 299 860 335 ejus
873 297 972 336 Sigillo
989 303 1125 332 munitaS,
1140 301 1242 336 verum

178 345 263 374 etiam
286 344 342 380 ejus
363 342 456 371 Manu
479 337 661 377 subscriptas,
684 337 760 367 hunc
781 336 894 374 statim,
917 344 947 365 ut
970 334 1132 376 facultatem
1152 330 1242 374 adim-

177 382 272 421 plendi
284 382 345 411 suos
361 379 481 410 nefarios
494 378 632 416 cogitatus
644 375 766 415 aspexit,
782 377 815 407 &
828 375 878 405 sub
893 374 991 404 colore
1014 372 1096 402 Pacis
1115 369 1242 415 effiffle‘k

175 422 224 458 di,
250 419 328 458 quod
352 421 381 448 in
405 417 482 447 bello
506 425 652 453 nunquam
678 423 827 453 potuerat,
845 422 944 444 contra
959 411 1045 448 Nos,
1062 410 1113 440 sub
1137 407 1243 438 fiducia

177 457 404 489 Promiffionum
419 456 546 493 suarum,
565 453 654 484 nichil
668 454 720 483 tale
733 454 769 483 ab
784 463 820 483 eo
834 451 1016 482 formidantes
1033 458 1126 491 neque
1140 455 1243 491 caven-

178 507 218 528 tes
229 520 238 534 ,
257 496 327 527 Fide
342 497 374 527 &
386 493 574 534 jurejurando
589 492 740 532 neglectis,
757 491 846 522 Arma
859 490 1006 530 plusquam
1021 487 1156 517 hostiliter
1169 493 1243 514 intu-

192 536 238 565 'li'e
247 535 259 565 ?

179 537 198 567 h
216 575 235 594 ³*
251 573 286 604 N
288 570 555 609 amUrbemipsam
563 570 728 600 Romanam
739 591 748 607 ,
766 565 965 610 &venerandi
973 564 1144 595 Sanc'torum
1152 561 1246 591 Tem-

180 613 226 652 pla
239 621 322 650 atque
338 610 500 649 Reliquias,
516 611 550 641 &
565 608 710 647 Populum
730 607 820 645 ipsum
843 605 1045 649 miserabilem,
1059 601 1245 647 quemadmo-

179 653 295 683 durnin
311 650 366 687 ipsa
377 649 596 689 Occupatione,
615 648 649 678 ὃ(
670 645 768 685 postea
787 644 962 675 Continuata
976 643 1126 686 acerbitate
1146 639 1248 670 tracta-

180 691 268 728 verit,
286 689 406 720 scribere
420 688 454 719 &
470 686 612 718 recensere
631 686 792 721 horremus,
810 685 849 714 ne
870 689 1113 713 commemoratio
1133 677 1248 722 Nefan-

180 730 286 761 dorum
300 726 431 766 Operum
440 749 450 765 ‚
465 727 498 757 ὃς
511 724 693 763 nosmetipsos
704 725 733 753 in
747 721 886 753 narrando
895 744 905 760 ,
923 721 956 751 &
973 729 1050 751 tuam
1063 718 1249 750 Serenitatem

181 770 212 800 in
227 767 386 804 audiendo,
405 765 506 803 majori·
519 763 620 794 dolore
635 760 749 806 afficiat.

221 806 361 838 Adversus
381 806 459 835 hunc
480 804 567 840 igitur
584 825 594 839 ,
619 800 807 832 noviffimum
823 797 959 830 Ecclefiae
985 796 1199 840 Persecutorem
1217 792 1250 823 &

182 845 329 882 Hostem,
343 844 394 884 qui
406 843 469 874 talia
482 841 667 879 perpetravit,
686 840 719 870 &
735 839 862 877 quotidie
876 838 927 867 alia
939 835 1019 873 super
1033 835 1083 877 alia
1095 839 1252 876 attemptat,

183 885 289 916 decens
303 881 343 913 est
357 892 388 913 ut
404 892 452 921 per
465 880 513 911 Te
528 882 561 910 &
575 879 642 909 alios
656 877 824 908 Catholicos
846 876 996 917 Principes
1010 874 1142 916 obVietur
1151 894 1160 910 ,
1174 879 1252 913 Juxta

185 932 299 954 morem
313 920 497 957 laudabilem,
516 928 564 956 per
572 917 667 960 Reges
682 918 715 948 &
730 916 876 952 Principes
891 912 1161 955 Christianitatis,in
1175 914 1252 939 iimi—

187 963 261 993 libus
276 959 518 991 Persecutionibus
531 956 682 993 Eccleliae,
700 954 856 992 antiquitus
869 952 1058 982 oblervatum.

223 1000 314 1030 Nulla
326 997 367 1027 est
381 998 462 1028 enim
472 994 531 1025 Res
540 1017 550 1032 ,
567 995 595 1024 in
608 993 664 1032 qua
679 1001 749 1023 cum
765 1000 839 1022 tanta
852 990 932 1022 laude
948 987 1128 1032 apudDeum
1141 986 1175 1017 &
1184 983 1253 1015 Ho-

186 1040 277 1069 mines
293 1037 383 1067 Pietas
400 1037 545 1065 bonorum
560 1032 726 1069 Principum
741 1030 898 1060 elucescere
912 1029 1014 1071 poiiit3

224 1077 314 1113 Super
328 1075 430 1112 quibus
447 1073 586 1102 mittimus
601 1072 663 1101 cito
679 1069 724 1100 vel
739 1069 895 1108 Legatum,
915 1077 962 1098 vei
975 1065 1110 1096 Oratores
1124 1062 1253 1100 nostros,

225 1152 382 1190 Dat.‚aqud
395 1151 523 1180 Sancium
539 1151 695 1178 Antonium
711 1154 794 1176 extra
809 1149 905 1176 Muros
919 1143 1107 1180 Florentinos,
1125 1151 1155 1171 2.
1166 1137 1256 1170 Non.

186 1191 377 1230 Septembris,
397 1186 585 1220 Pontificatsis
600 1186 692 1217 nostri
709 1185 796 1217 Anno
813 1185 936 1224 Quarto.

458 1321 508 1352 Do
531 1315 722 1361 Restitutione
742 1318 777 1351 T
772 1314 980 1361 emporalium.

159 1446 165 1453 .
191 1406 337 1463 REX,
354 1404 497 1437 Escaetori
510 1404 560 1436 suo
575 1404 605 1434 in
627 1401 820 1434 Comitatibus
838 1398 1016 1431 Norffolciae
1036 1397 1070 1429 &
1091 1395 1256 1435 Suffolciae,

231 1446 480 1515 Ciisriaiultggininus
502 1485 623 1512 Summus
644 1477 792 1518 Pontifex,
811 1480 888 1516 Papa
909 1477 1066 1520 modernus,
1084 1485 1190 1514 nuper,
1208 1484 1258 1505 va-

192 1532 274 1554 cante
289 1521 415 1554 Ecclesia
437 1520 639 1554 Norwicensi,
662 1519 778 1549 Ordinis
802 1516 898 1546 Sandti
918 1514 1082 1556 Benediciti,
1100 1524 1150 1552 per
1173 1513 1258 1544 Mor-

192 1571 266 1600 tem,
286 1563 373 1592 bonae
393 1561 541 1590 memoriae
556 1583 564 1597 ,
591 1558 753 1588 Alexandri
776 1563 856 1593 nuper
873 1556 991 1593 Episcopi
1016 1553 1090 1584 Loci
1113 1553 1258 1593 piaedieci,

138 1599 144 1607 '
191 1599 392 1631 Venerabilem
410 1599 530 1636 Virum,
549 1597 696 1627 Ricardum
715 1594 840 1624 Eleelum
858 1591 1078 1632 Norwicenfi’m,
1096 1602 1185 1629 nuper
1196 1592 1258 1621 De-

188 1649 290 1670 canum
307 1637 442 1670 Ecclesiae
457 1637 499 1667 W
501 1637 623 1674 ellenlis,
639 1637 668 1665 in
684 1633 849 1664 Sacerdotio
865 1631 1071 1674 constitutum,
1089 1630 1258 1674 cidernEc-

480 1676 630 1713 roviderit,
659 1672 806 1712 ipsumque
828 1672 858 1700 in
886 1669 1061 1709 Epiicopum
1085 1670 1161 1700 Locr
1187 1670 1258 1700 illius

187 1717 345 1758 praefecerit
360 1716 392 1746 δε
408 1715 448 1745 Pa
474 1724 574 1753 orem,
821 1748 827 1754 ⁴
853 1749 857 1754 ·
980 1748 985 1753 1
1076 1748 1080 1752 -
1124 1749 1128 1753 ·
1239 1748 1243 1752 ι

226 1756 306 1786 Sicut
322 1765 370 1792 per
386 1753 491 1783 Literas
506 1752 624 1783 Bullatas
639 1750 721 1791 ipsius
733 1748 860 1780 Domini
872 1747 987 1779 Summi
995 1746 1160 1786 Pontificis,
1175 1747 1258 1778 nobis

188 1795 260 1864 11]ςὲῑῖ
271 1794 410 1832 directas,
429 1793 513 1823 nobis
528 1791 655 1829 constat,

262 1843 294 1863 os

224 1872 283 1902 Pro
295 1854 332 1901 ἑο
346 1869 425 1908 quod
442 1868 516 1899 idem
526 1867 666 1907 Epifiopus
682 1866 818 1896 omnibus
833 1866 866 1897 ὃς
880 1864 992 1904 singulis
1005 1865 1111 1902 verbis,
1131 1864 1160 1894 in
1173 1863 1257 1894 dietis

189 1910 290 1941 Literis
307 1908 466 1944 contentis,
485 1907 583 1937 Nobis
606 1908 640 1936 &
663 1905 791 1936 Coronae
814 1903 918 1934 nostrae
937 1903 1186 1942 praejudicialibus,
1205 1912 1258 1932 co-

187 1959 248 1980 ram
263 1948 361 1978 Nobis
376 1947 465 1984 palam
480 1947 513 1976 &
527 1944 653 1985 expresse
669 1944 878 1980 Renunciavit,
896 1943 929 1972 δε
951 1942 1061 1973 Gratiae
1083 1941 1189 1972 nostrae
1203 1941 1256 1972 hu-

188 1989 291 2019 militer
306 1986 332 2016 se
344 1985 485 2022 submisit,
503 1984 630 2014 volentes
644 1992 714 2013 curn
728 1992 764 2012 eo
777 1983 806 2012 in
819 1982 872 2012 hac
888 1990 964 2017 parte
976 1990 1057 2020 agere
1073 1982 1212 2019 gratiose,

227 2025 365 2065 Cepimus
378 2024 555 2054 Fidelitatem
568 2025 576 2052 i
597 2022 648 2052 lius
663 2021 800 2060 Episcopi,
817 2022 851 2052 ὃ(
864 2019 1050 2060 Temporalia
1070 2017 1259 2059 Episcopatus

189 2066 277 2102 iilius,
296 2071 380 2103 prout
399 2062 486 2092 moris
502 2061 543 2091 est
554 2084 563 2099 ,
611 2060 766 2090 estituimus
779 2059 889 2096 eidem,

221 2104 260 2135 Et
273 2104 338 2133 ideo
354 2102 405 2133 tibi
416 2100 602 2140 Praecipimus
615 2099 694 2137 quod
710 2098 804 2130 eidem
819 2096 943 2136 Episcopo
957 2096 1143 2138 Temporalia
1156 2098 1258 2136 praedi-

188 2143 252 2180 Cta,
271 2150 341 2172 cum
354 2140 552 2177 Pertinentiis,
571 2139 601 2168 in
621 2137 724 2169 Balliva
745 2146 808 2176 tua,
825 2137 924 2167 liberes
944 2137 976 2166 in
994 2135 1085 2166 forma
1106 2138 1259 2178 praedidta3

187 2182 264 2213 salvo
275 2180 337 2218 jure
349 2178 509 2217 cujussibet.

224 2218 313 2251 Teste
331 2218 413 2258 Rege
428 2216 500 2256 apud
521 2213 801 2255 Westmonasterium,
818 2213 975 2245 undecimo
985 2213 1031 2244 die
1046 2212 1229 2253 Septembris.

835 2293 890 2322 Per
908 2290 990 2330 ipsum
1007 2293 1112 2329 Regem.

185 2377 352 2414 Confimilia
372 2377 469 2410 Brevia
489 2375 645 2415 diriguntur
667 2373 862 2405 Escaetoribus
883 2373 1058 2413 subscriptis,
1084 2373 1134 2413 sub
1155 2373 1257 2405 eadem

199 2416 207 2418 ’
590 2413 685 2451 Data,
702 2413 848 2451 videlicet,

227 2493 367 2533 Efiaetori
387 2495 465 2531 Regis
483 2495 512 2522 in
532 2494 604 2520 Com.
621 2489 712 2529 Effex.

225 2532 369 2572 Efiaetori
387 2534 466 2568 Regis
485 2534 515 2560 in
536 2534 607 2559 Com.
628 2529 719 2559 Midd.

228 2609 266 2641 Et
284 2607 456 2639 Mandatum
472 2606 513 2637 est
530 2606 690 2645 Militibus,
707 2606 768 2636 &c.

189 2739 240 2772 De
263 2733 435 2771 Traelando
461 2744 517 2780 pro
548 2734 701 2765 Financiis
731 2734 858 2765 Domini
890 2728 926 2762 de
948 2730 1041 2778 IIeyle
1062 2734 1100 2769 (ῤ’
1124 2731 1255 2764 aliorum

595 2780 847 2826 Priftnariorum.

292 2869 340 2913 X,
360 2867 469 2899 dileeto
483 2867 549 2906 fibi,
564 2866 695 2906 Johanm'
710 2863 848 2905 Radeclyf
855 2864 1027 2903 Armigero,
1047 2864 1180 2896 Salutem.

227 2909 374 2985 CtirrSiYiist
386 2906 567 2985 cali:lie:><(÷ip'imus,
587 2946 719 2973 Dominus
739 2942 770 2972 de
785 2941 886 2982 Heyle,
905 2952 939 2973 ac
959 2942 1136 2981 quamplures
1151 2941 1210 2979 alii,
1228 2942 1255 2972 1-

193 2986 294 3016 nimici
315 2987 348 3016 &
363 2983 496 3014 Rebelles
515 2983 620 3019 nostri,
641 2984 669 3012 in
693 2981 844 3012 Comitiva
865 2981 927 3019 suri,
945 2980 1111 3018 Prisonarii,
1131 2990 1180 3017 per
1198 2980 1256 3019 Jo-

191 3024 307 3054 hannem
321 3022 425 3052 Blount
440 3022 584 3065 Chivaler,
601 3031 635 3052 ac
648 3020 715 3051 alios
733 3020 842 3053 Lieeos
863 3020 896 3050 δε
920 3019 1054 3050 Subditos
1075 3018 1206 3057 nostros,
1224 3020 1253 3049 in

166 3070 172 3077 ·
192 3063 317 3104 partibus
331 3060 532 3098 transmarinis,
551 3069 607 3098 iam
620 3059 698 3090 tarde
713 3059 748 3089 de
763 3057 874 3088 Guerra
886 3059 960 3095 capti
977 3057 1108 3095 fuissent,

230 3101 300 3132 Nos
318 3100 366 3136 (de
385 3099 489 3130 fidelite
503 3100 536 3130 &
550 3098 801 3137 circumspectione
815 3098 867 3127 tuis
879 3096 990 3134 plenius
1001 3095 1186 3132 confidentes)
1206 3096 1255 3127 As-

193 3141 359 3180 signavimus
375 3138 441 3176 Te,
458 3137 492 3168 ad
505 3145 534 3167 te
549 3137 646 3167 'versus
665 3144 752 3175 partes
772 3135 936 3172 praedicitis,
954 3144 1022 3165 cum
1044 3136 1125 3165 omni
1145 3134 1256 3164 festina-

191 3182 270 3210 tione
284 3189 339 3218 qua
354 3177 474 3217 poteris,
492 3175 669 3214 personaliter
684 3173 898 3211 divertendum,
916 3174 1027 3203 &cum
1041 3173 1145 3203 eisdem
1161 3173 1256 3213 Ligeis

190 3218 226 3248 &
238 3217 362 3247 Subditis
378 3215 496 3252 nostris,
513 3215 562 3253 qui
576 3212 743 3243 Prisonarios
762 3212 912 3250 praedietos
929 3212 967 3241 iic
989 3221 1141 3249 ceperunt,
1159 3213 1192 3242 δε
1207 3222 1255 3242 eos

191 3256 243 3286 sub
258 3254 396 3285 Custodia
417 3255 461 3283 sua
483 3252 575 3283 adhuc
594 3252 732 3287 habeant,
751 3260 805 3287 pro
829 3249 1042 3291 Redemptione
1063 3251 1096 3281 &
1121 3250 1254 3281 Financia

191 3293 361 3324 eorumdem
385 3291 625 3328 Prisonariorum,
639 3290 757 3320 nomine
776 3287 876 3319 nostro
896 3288 1112 3326 Tractandum,
1132 3289 1165 3319 &
1185 3298 1254 3319 cum

191 3333 229 3362 eis
247 3329 444 3362 rationabiliter
458 3328 723 3365 Concordandum,

229 3370 276 3401 Ac
291 3370 325 3400 ad
337 3367 451 3399 eosdem
466 3367 651 3403 Prisonarios,

229 3408 377 3439 Satisfasto
398 3406 474 3444 prius
493 3415 542 3443 per
563 3405 610 3435 Te
632 3403 735 3434 eisdem
754 3403 846 3443 Ligeis
868 3404 901 3434 δε
923 3402 1046 3432 Subditis
1066 3401 1183 3441 nostris,
1200 3403 1255 3433 five

192 3447 288 3480 saltem
304 3455 373 3477 cum
389 3446 426 3474 eis
441 3444 639 3475 rationabiliter
654 3442 858 3480 Concordato,
874 3442 909 3472 de
931 3441 1090 3478 hujusmodi
1107 3441 1254 3481 Redemp-

194 3488 273 3518 tione
287 3486 320 3516 &
331 3484 352 3514 F
355 3484 463 3514 inancia
479 3483 546 3520 suis,
985 3518 990 3522 ¹

234 3529 249 3541 *
265 3524 363 3556 Nobis
377 3523 406 3552 in
423 3530 540 3560 regnum
557 3518 686 3550 nostrum
701 3519 827 3556 Angliae,
845 3518 903 3548 fine
916 3517 1049 3548 dilatione
1073 3517 1149 3548 salvo
1164 3518 1198 3550 &
1211 3518 1253 3548 se-

195 3564 264 3596 cure
279 3559 456 3593 Ducendum
469 3559 514 3589 seu
529 3559 596 3588 duci
609 3558 787 3595 faciendum,

230 3601 430 3632 Promitte-„ntes
443 3597 512 3627 Nos
527 3596 636 3626 Ratum
650 3597 683 3626 ὅς
700 3595 824 3625 Gratum
835 3594 979 3625 babituros
987 3595 1140 3633 quicquid,
1158 3595 1255 3625 norni-

196 3651 234 3672 ne
248 3639 363 3677 nostro,
380 3637 476 3667 feceris
491 3637 521 3665 in
536 3634 702 3671 Praemiffis,
1013 3671 1017 3675 ἡ

236 3678 273 3709 Et
280 3678 347 3708 ideo
364 3676 416 3706 tibi
437 3674 619 3712 Praeeipimus
635 3672 715 3710 quod
731 3671 805 3701 circa
826 3669 973 3701 Praetniffa
991 3670 1140 3708 diligenter
1161 3671 1254 3701 inten-

197 3717 261 3753 das,
278 3717 311 3747 &
327 3725 358 3746 ca
372 3714 454 3744 facias
467 3715 501 3744 &
514 3712 653 3747 exequaris
666 3711 694 3740 in
707 3709 800 3739 forma
814 3709 962 3751 praeditssta:

237 3754 347 3785 Damus
359 3761 453 3783 autem
469 3751 598 3781 universis
612 3749 645 3779 ὅ(
659 3748 769 3787 singulis
780 3746 930 3776 Officiariis
945 3748 979 3777 δε
988 3745 1125 3777 Ministris
1142 3747 1254 3784 nostris,

198 3792 316 3822 Tenon:
328 3791 531 3825 Praesentium,
546 3788 662 3818 firmiter
676 3788 705 3816 in
719 3784 864 3815 Mandatis
879 3785 957 3822 quod
972 3785 1023 3814 tibi
1045 3786 1073 3814 iri
1088 3788 1254 3816 executione

196 3829 403 3859 Praernissorum
412 3851 422 3866 ,
441 3827 627 3858 Consulentes
643 3825 695 3855 lint
709 3825 742 3855 ὅ(
758 3824 943 3860 AuxilianteS,
961 3832 1044 3861 prout
1058 3824 1149 3854 decet.

237 3866 270 3895 In
288 3869 363 3896 cu‘us
404 3869 465 3897 &c.

234 3878 416 3943 TestejRgge
431 3904 503 3942 apud
521 3901 679 3943 PVyndesore
695 3901 813 3933 decimo
827 3899 932 3930 o&avo
946 3898 990 3929 die
1006 3898 1187 3938 Septembris.

834 3977 886 4006 Per
904 3974 985 4015 ipfiaem
1002 3978 1105 4014 Regem.

573 87 1376 140 CONVENTIONES,

1459 83 1860 138 LITERAE,

2365 165 2441 200 Arm.
2457 167 2501 203 D.
2518 202 2519 205 Ἰ

1285 287 1393 318 Litera
1415 286 1502 330 Regis
1525 286 1736 325 Francorum,
1754 282 1845 328 sieper
1869 283 1987 327 nuperis
2009 278 2205 314 Tumultibus²
2223 308 2232 322 ‚
2260 283 2350 314 Pari-

1320 333 1385 376 fius
1408 336 1520 365 exortis
1541 357 1552 373 ‚
1579 334 1786 373 Narratoria,
1821 333 1878 373 (ῤ’,
1903 329 1947 362 ad
1961 329 2113 376 fugitivos
2137 328 2267 364 Rebelles
2297 341 2352 362 ar·

1335 378 1503 423 reflandos,
1526 384 1714 414 Precaioria.

2385 218 2472 251 14¹3·

2366 251 2430 277 Hen.
2443 260 2473 287 5.

1289 462 1500 520 SEreniffimo
1514 474 1599 504 atque
1618 465 1818 497 Potentiffimo
1838 465 1983 504 Principi,
2001 466 2134 502 Hemico,
2152 463 2212 495 Dei
2233 464 2354 511 Gratia,
2369 477 2447 509 Ann-
2462 478 2504 511 D⁴

1343 503 1458 541 Angliae
1471 506 1581 541 Regiae
1602 507 1718 534 Domino
1737 504 1894 542 Hiberniae,
1911 503 2135 541 Consanguineo
2153 499 2253 534 nostro
2273 506 2354 536 cans-

1290 539 1379 580 fimo,
1397 541 1536 582 Karalus,
1550 543 1653 573 eadem
1668 543 1754 582 gratia
1775 547 1939 573 Francorum
1958 545 2038 581 Rex,
2056 542 2180 572 Salutem
2198 552 2267 573 cum
2290 553 2354 574 mu-

2390 527 2477 558 1413.

2371 561 2422 585 Aa.
2436 566 2462 586 ι.

1290 587 1347 610 tuce
1361 580 1523 611 dilectionis
1535 581 1660 619 affec‘tu,
1676 582 1709 612 &
1723 581 1760 612 ad
1774 582 1887 612 bonum
1902 581 1984 612 Pacis
1999 583 2032 614 &
2049 580 2228 612 Concordiae
2242 581 2355 613 ferven-
2377 600 2411 623 H.
2437 606 2465 632 5·

1291 619 1346 649 titis
1360 619 1485 657 aspirare.

1344 695 1642 727 SERENISSIME
1669 694 1883 727 piune-sps
1919 704 1972 727 ET
2003 695 2357 730 Consanounxae

1293 742 1740 773 nosrsncanrssima,

1331 810 1393 842 Res
1407 812 1439 843 δε
1455 811 1620 851 Negotium
1633 812 1732 851 ingens
1745 809 1793 842 hic
1808 811 1916 851 agitur,
1933 811 2035 842 vestrae
2056 811 2236 854 Serenitatis,
2253 824 2288 846 ac
2303 823 2366 846 cae-⁷

1295 859 1423 880 terorum
1437 849 1556 890 Regum
1578 851 1612 882 &
1633 849 1820 888 Principum,
1837 859 1951 880 necnon
1973 850 2151 887 Reipublicae
2171 853 2362 891 quarumlibet

1296 887 1470 927 Patriarum,
1488 889 1548 920 Dei
1559 887 1767 920 constitutione
1783 888 1809 918 L
1847 898 1953 924 umque
1965 889 2016 918 sub
2033 888 2161 927 Regibus
2174 890 2207 920 &
2219 891 2362 929 Principi-

1296 927 1349 957 bus
1363 928 1571 967 regendarum,
1588 926 1734 958 afferimus
1754 937 1836 958 ecce.
1856 928 1884 958 in
1900 927 2072 965 Publicum,
2089 927 2156 958 serie
2176 928 2362 960 praesentium

1298 964 1478 1004 Literarum,
1502 965 1726 997 Documentum
1751 967 1785 998 &
1808 965 1977 1005 Exemplar,
1996 965 2158 996 Commodi
2183 967 2216 997 &
2242 967 2366 998 Periculi

1297 1003 1510 1043 magnitudine,
1529 1003 1756 1035 Memorandum
1789 1005 1890 1035 nostro
1909 1006 1938 1035 in
1957 1004 2081 1044 Regno,
2096 1006 2243 1043 praecipue
2261 1007 2289 1036 in
2311 1005 2367 1036 Pa-

1299 1041 1398 1072 firienfi
1407 1042 1507 1081 Urbe,
1526 1053 1591 1081 quae
1605 1041 1703 1082 Regni
1716 1027 1804 1073 nostri
1817 1042 1913 1081 Caput
1928 1043 1961 1074 ὃς
1973 1042 2134 1083 Principalis
2140 1041 2225 1074 Sedes
2236 1044 2295 1083 est,
2310 1055 2366 1076 nu-

1297 1090 1347 1118 per
1368 1090 1516 1119 exorturn,
1543 1080 1645 1111 efficax
1660 1091 1764 1118 nempe
1789 1081 1944 1120 plurimum
1967 1083 2109 1113 acerrimis
2131 1081 2314 1114 seditionum
2329 1084 2364 1114 &

1299 1119 1472 1151 Faffionum
1494 1119 1630 1159 Ignobilis
1656 1120 1690 1151 &
1709 1119 1856 1151 Mecanici
1881 1119 1969 1159 Vulgi
1989 1120 2184 1160 Turbinibus,
2201 1123 2365 1160 ubicunque

1297 1159 1435 1198 viguerint
1449 1166 1512 1189 toto
1526 1157 1624 1197 Orbe,
1643 1159 1782 1196 pacandis.
2369 1189 2372 1194 ,

1336 1197 1394 1228 Sed
1407 1198 1477 1229 cum
1493 1198 1613 1228 minime
1633 1197 1718 1228 fimus
1738 1197 1827 1237 ignari
1848 1196 1926 1228 velut
1947 1196 2020 1227 fama
2055 1205 2114 1228 tam
2130 1197 2215 1230 Pravi
2234 1198 2366 1238 Fistique

1298 1243 1398 1275 tenax,
1421 1237 1507 1276 quam
1531 1235 1652 1267 Nuncia
1675 1236 1754 1275 veri,
1774 1243 1905 1275 vagetur,
1922 1244 2007 1274 atque
2023 1219 2191 1267 Hominum
2212 1238 2367 1270 Sermones

1299 1274 1484 1314 Scriptaque,
1503 1284 1588 1313 prout
1623 1274 1716 1314 uisque
1735 1275 1787 1306 suis
1802 1273 1961 1305 affeciuum
1979 1273 2094 1305 Morbis
2113 1283 2248 1315 aegrotat,
2267 1285 2368 1315 praeter

1300 1315 1466 1352 veritatem,
1485 1315 1588 1354 ubique
1616 1322 1744 1351 erantur,
1763 1323 1795 1344 ac
1817 1313 1918 1344 diverii
1941 1314 1971 1343 in
1994 1313 2098 1344 eisdem
2120 1313 2236 1354 Gestis,
2255 1315 2367 1354 praeser-

1300 1353 1352 1382 tim
1368 1353 1397 1383 in
1414 1352 1627 1384 Diffensionum
1643 1351 1951 1392 Conspirationumque
1963 1351 2103 1390 Materia,
2121 1352 2228 1385 diversa
2248 1354 2370 1392 loquan-

1302 1399 1364 1429 tur,
1389 1391 1550 1422 dubitamus
1573 1392 1611 1422 ne
1636 1389 1776 1422 Turbinis
1801 1392 1835 1423 &
1859 1389 2019 1421 Pacationis
2049 1391 2208 1430 hujusmodi
2229 1402 2272 1423 res
2290 1393 2369 1424 aliter

1302 1431 1391 1468 quarn
1408 1431 1576 1469 contigerit,
1596 1440 1696 1470 quaeve
1709 1429 1771 1461 sunt
1784 1429 1903 1461 honeste
1917 1430 1950 1461 &
1965 1429 2136 1460 laudabiliter
2156 1430 2230 1462 fasta
2248 1441 2301 1469 pro
2314 1431 2368 1462 Fa-

1300 1469 1352 1499 <fitis
1366 1469 1515 1500 inhoneste
1529 1469 1562 1500 &
1571 1469 1788 1509 vituperabiliter
1796 1492 1806 1508 ,
1823 1478 1857 1499 ac
1869 1479 1886 1499 e
1899 1468 2038 1499 converso
2051 1467 2232 1500 multifariam
2247 1470 2281 1501 ὃς
2293 1470 2370 1501 mul-

1302 1508 1335 1537 tis
1348 1509 1376 1537 in
1396 1507 1591 1547 Regionibus,
1608 1508 1762 1539 referantur
1778 1506 1917 1546 siquidem
1931 1507 1965 1538 &
1979 1507 2148 1546 credantur,

1339 1546 1409 1586 Qia
1421 1547 1457 1577 de
1472 1557 1501 1577 re
1517 1546 1588 1578 Nos
1600 1547 1634 1578 &
1647 1545 1758 1585 nostra,
1779 1546 1930 1585 Regnique
1950 1545 2040 1576 nostri
2058 1546 2175 1586 praesens
2187 1546 2370 1579 Gubernatio

1300 1585 1491 1624 perlaudabilis
1505 1586 1538 1617 &
1553 1585 1671 1616 honesta
1680 1608 1689 1623 ,
1708 1595 1769 1615 non
1783 1584 1874 1615 modo
1893 1584 2048 1615 Dedecore
2059 1587 2093 1617 δε
2109 1584 2272 1624 Ignominia
2286 1586 2366 1616 deni-

1298 1625 1369 1662 grari
1378 1646 1387 1661 ,
1406 1624 1452 1655 sed
1463 1625 1548 1655 etiam
1562 1624 1658 1655 multis
1677 1624 1734 1654 aliis
1750 1622 1887 1654 Cladibus
1901 1623 1935 1653 &
1957 1622 2154 1654 incommodis
2165 1624 2256 1661 pollet
2268 1625 2368 1656 multi-

1301 1662 1410 1700 pliciter
1426 1663 1595 1701 perturbari,
1612 1672 1727 1694 necnon
1740 1671 1863 1692 exrernae
1877 1661 2056 1702 Respublicae
2073 1663 2103 1692 in
2118 1663 2227 1694 insanos
2246 1664 2370 1694 creduli-

1303 1702 1365 1732 tatis
1384 1701 1416 1732 &
1438 1701 1656 1732 affec‘iationum
1678 1701 1812 1739 Errores,
1832 1701 1865 1731 &
1889 1698 1988 1731 Conse
2008 1701 2128 1740 uentias,
2148 1701 2268 1740 Motus,
2287 1702 2369 1734 Faci-

1301 1750 1391 1778 nora,
1409 1741 1442 1771 &
1458 1740 1637 1770 Calamitates
1651 1740 1796 1770 incurrere
1807 1738 1981 1779 gravissimos
2044 1740 2185 1778 ingentes:

1337 1776 1427 1818 Igitur
1439 1779 1472 1810 &
1485 1788 1538 1819 pro
1553 1779 1636 1808 tantis
1651 1777 1816 1809 commodis
1835 1778 2041 1817 percipiendis,
2055 1778 2090 1808 &
2111 1779 2305 1811 incommodis
2325 1780 2370 1812 fu-

1301 1818 1426 1858 giendis,
1444 1827 1540 1856 operae
1557 1817 1684 1848 Pretium
1700 1817 1757 1847 elie
1769 1816 1982 1856 plurimumque
2002 1816 2135 1854 expedire
2153 1827 2206 1857 pro
2226 1817 2369 1856 Republi-

1302 1857 1353 1894 σᾶ,
1372 1867 1432 1887 non
1448 1856 1538 1887 modo
1554 1855 1651 1886 nostra
1671 1855 1827 1894 Regnique
1848 1853 1954 1893 nostri,
1976 1854 2023 1885 sed
2044 1863 2214 1886 caeterorum
2233 1855 2371 1898 Regum,

1303 1894 1486 1935 Principum,
1512 1894 1741 1934 Patriarumque,
1762 1893 1908 1925 censemus
1927 1893 2086 1931 hujusmodi
2105 1893 2321 1934 Tempestatem
2335 1897 2371 1928 &

1301 1934 1479 1964 Seditionem
1492 1934 1607 1974 publice
1621 1934 1655 1964 oc
1677 1943 1725 1972 per
1749 1942 1852 1964 omnes
1872 1931 2104 1964 Christianorum
2126 1931 2201 1964 Oras
2214 1934 2290 1972 juxta
2309 1945 2374 1966 me-

1302 1980 1361 2004 ram
1375 1972 1498 2010 pandere
1513 1974 1670 2004 veritatem.

1339 2011 1540 2042 OMNIBUS
1567 2019 1731 2049 1’rAQJE
1757 2017 1993 2042 vERISSIME
2021 2017 2073 2041 ΕΤ
2099 2019 2370 2044 cERTITUDI-

1303 2058 1504 2081 NALITER
1524 2057 1803 2081 nmo-rascas·
1821 2049 1915 2088 quod,
1932 2049 2006 2080 dum
2021 2049 2108 2088 Nos,
2130 2051 2165 2082 δε
2185 2050 2373 2092 Nobiscum,

1300 2088 1432 2120 cariffimi
1448 2091 1482 2120 ὅ(
1496 2088 1668 2120 ἀίῐεᾶῐίῖῐῐῐιί
1683 2088 1790 2127 nostri,
1808 2091 1909 2126 Regina
1923 2087 2047 2127 Confiirs,
2066 2089 2224 2119 Ludovi‘cus
2238 2092 2308 2120 Dux
2322 2094 2372 2121 A·

1300 2131 1434 2169 quitaniae
1455 2127 1666 2167 primogenitus
1680 2151 1690 2166 ,
1715 2128 1749 2160 &
1770 2131 1839 2158 Dux
1860 2126 2034 2168 Bituricenfis
2055 2126 2191 2166 Patruus,
2207 2138 2240 2159 ac
2262 2130 2371 2169 aliquot

1300 2168 1343 2197 alii
1360 2166 1463 2197 nostrae
1479 2166 1580 2206 Regiae
1597 2165 1755 2206 Prosapiae,
1769 2165 1910 2197 Comitati
1923 2166 2041 2205 quidem
2060 2167 2170 2197 caeteris
2183 2166 2371 2207 Consiliariis,

1301 2204 1480 2242 Nobilibus,
1499 2206 1533 2237 &
1547 2205 1738 2236 Servitoribus
1759 2205 1877 2242 nostris,
1896 2206 1938 2236 uti
1959 2204 2210 2243 consueveramus,
2227 2208 2256 2236 in
2276 2207 2373 2240 nostra

1300 2242 1453 2283 Principali
1469 2244 1556 2275 Urbe
1569 2243 1686 2274 Parisius
1709 2243 1828 2274 Moram
1845 2243 2021 2281 personaliter
2033 2244 2225 2284 traheremus,
2242 2255 2302 2276 non
2315 2246 2374 2277 fine

1301 2291 1396 2314 tamen
1412 2283 1584 2314 haefitatione
1599 2283 1632 2313 ὃ(
1646 2283 1772 2322 periculo
1787 2282 1930 2314 Furorum
1945 2282 2184 2313 &Tumultuurn
2200 2283 2287 2314 insani
2301 2284 2376 2316 Vul-

1300 2323 1345 2391 ἔπ’,
1363 2332 1412 2362 per
1431 2323 1518 2353 multa
1541 2321 1626 2353 nobis
1647 2331 1707 2352 non
1733 2322 1830 2361 ignota
1849 2321 2025 2361 Argumenta
2040 2321 2074 2352 &
2095 2321 2180 2361 Signa
2201 2323 2374 2360 praeambula

1316 2371 1465 2392 uturorum

1342 2399 1458 2440 Utpote
1472 2385 1523 2438 per
1542 2401 1601 2439 ejus
1619 2398 1730 2431 diverfis
1746 2400 1818 2431 locis
1837 2397 2089 2438 Conspirationes,
2113 2398 2264 2439 Concilia,
2287 2399 2371 2431 Con-

1300 2439 1456 2477 venticula,
1472 2440 1506 2470 &
1521 2438 1764 2479 Congregationes
1777 2439 1922 2476 occultas,
1939 2447 1988 2476 per
2005 2447 2151 2476 portarum
2166 2437 2258 2469 Urbis
2275 2438 2372 2469 custo-

1301 2477 1359 2508 dias
1379 2477 1502 2517 Vigiles,
1519 2486 1577 2509 tam
1600 2479 1729 2517 diurnas,
1751 2479 1840 2516 quam
1857 2477 2026 2514 nocturnas,
2044 2475 2235 2515 Excubiasque
2257 2476 2371 2508 clande-

1302 2516 1387 2548 stinas
1399 2517 1433 2548 &
1447 2526 1569 2556 apertas,
1588 2518 1688 2556 quibus
1707 2526 1776 2548 tunc
1795 2516 1917 2554 propere
1932 2513 2144 2553 commodeque
2158 2523 2208 2553 per
2222 2513 2291 2545 Nos
2310 2525 2372 2547 non

1299 2564 1410 2594 poterat
1425 2557 1552 2594 obviari,
2165 2566 2168 2567 ⁷

1339 2594 1356 2613 ²*
1367 2593 1462 2624 Ecce!
1483 2594 1530 2624 die
1549 2593 1683 2633 vigesima
1701 2592 1803 2623 octavii
1817 2592 1937 2631 Aprilis,
1955 2591 2085 2629 proxime
2099 2591 2247 2630 retroaffi,
2267 2601 2368 2624 nume·

1300 2631 1360 2662 rosa
1380 2632 1460 2663 valde
1481 2631 1642 2662 Insanientis
1661 2633 1695 2663 &
1711 2631 1880 2661 Mechanici
1896 2630 1980 2669 Vulgi
1993 2628 2173 2668 Multitudo,
2189 2641 2293 2662 omnes
2308 2640 2369 2663 tan-

1298 2680 1383 2709 quam
1406 2671 1441 2701 ad
1462 2671 1628 2708 patrandum
1650 2670 1759 2700 Bellum
1775 2669 1903 2706 Armati,
1922 2669 1951 2698 in
1965 2678 2108 2706 unamque
2124 2668 2291 2700 Fastionem
2305 2671 2371 2701 infi-

1308 2708 1370 2738 mul
1389 2710 1542 2746 conjurati,
1560 2716 1660 2739 contra
1679 2706 1836 2745 Maiestatis
1857 2706 1962 2737 nostrae
1977 2707 2062 2737 decus
2077 2708 2111 2738 δε
2125 2707 2292 2746 dignitatem
2305 2710 2371 2740 vio-

1300 2746 1451 2777 lentissime
1466 2747 1499 2778 &
1515 2756 1648 2785 tanquam
1665 2745 1801 2776 hostiliter
1815 2745 1976 2784 insurrexit,
1994 2746 2187 2784 Ambitionis,
2203 2747 2374 2786 cupiditatis,

1299 2786 1333 2817 &
1355 2785 1470 2816 invidiae
1484 2785 1572 2823 rabie,
1592 2785 1626 2815 ad
1640 2784 1870 2815 Gubernandum
1883 2784 1966 2822 Nos,
1983 2783 2165 2823 nostramque
2178 2784 2319 2825 Regiam,
2335 2786 2370 2817 δε

1302 2824 1456 2862 Regnum,
1473 2823 1701 2861 perniciofiffimci
1714 2822 1830 2853 libidine
1843 2823 2006 2861 furibundi,

1339 2862 1420 2892 Nam
1436 2862 1547 2900 semper
1565 2864 1593 2892 in
1609 2860 1735 2893 Civitate
1751 2862 1852 2900 quibus
1869 2861 1951 2899 Opes
1964 2860 2048 2892 nullae
2061 2861 2124 2891 sunt
2138 2859 2223 2891 Bonis
2230 2861 2372 2902 invident,

1301 2900 1397 2931 Malos
1421 2901 1560 2932 exrollunt
1574 2923 1584 2939 ,
1608 2901 1713 2931 Vetera
1735 2900 1821 2931 odere
1835 2923 1844 2938 ,
1872 2900 1965 2932 Nova
1985 2907 2136 2938 exoptant,
2160 2898 2242 2930 Odio
2261 2900 2370 2932 suarum

1300 2938 1412 3007 Rerum
1425 2941 1522 2971 omnia
1539 2941 1641 2970 mutari
1656 2940 1688 2970 δε
1704 2939 1814 2970 misceri
1826 2937 2076 2977 student,Turbae
2091 2937 2125 2969 ὃς
2141 2937 2300 2970 Seditiones
2311 2940 2372 2972 fine

1303 2987 1370 3008 cura
1381 2988 1395 3008 a
1407 2987 1500 3009 untur.

1336 3015 1430 3054 Hujus
1447 3026 1541 3048 autem
1557 3015 1717 3048 Tumultus
1730 3017 1764 3048 &
1782 3015 1926 3045 Eetionis
1941 3012 2114 3052 Principales
2128 3015 2163 3046 &
2177 3014 2325 3047 Dustores
2338 3018 2369 3048 in

1298 3053 1354 3084 fine
1375 3055 1552 3093 praesentium
1576 3056 1756 3091 Literarum,
1785 3062 1901 3092 propter
1924 3052 2045 3084 multum
2066 3063 2169 3084 eorum
2190 3064 2364 3096 numerum,

1298 3093 1455 3124 differimus
1469 3094 1673 3131 nominandos,

1337 3131 1500 3162 Confestim
1517 3133 1572 3169 illi,
1591 3132 1630 3163 fic
1645 3130 1782 3162 hostiliter
1799 3131 1833 3162 &
1848 3130 1877 3160 in
1893 3129 1990 3161 Armis
2005 3130 2128 3161 accincti
2153 3130 2252 3162 Nobis
2264 3131 2368 3171 insciis,

1296 3170 1374 3208 juxta
1396 3170 1527 3201 nostrum
1546 3170 1733 3208 Hospitium,
1759 3168 1895 3199 Ecclesiae
1921 3169 2019 3200 Sanffl
2039 3169 2119 3200 Pauli
2137 3153 2254 3201 i>arifius
2275 3173 2371 3202 conti-

1299 3218 1387 3248 guum
1397 3232 1406 3247 ,
1422 3208 1544 3239 terrifico
1556 3217 1626 3238 cum
1640 3208 1764 3245 Strepitu
1779 3207 1965 3246 transeundo,
1978 3208 2012 3238 ad
2050 3208 2165 3239 raelibati
2179 3208 2366 3249 primogeniti

1298 3247 1386 3277 nostri
1401 3246 1536 3277 Domum
1552 3247 1693 3277 continuis
1708 3245 1842 3285 gresfibus
1853 3248 2033 3286 perrexere,'
2047 3246 2104 3278 lam
2117 3257 2167 3287 per
2182 3247 2243 3278 vim
2255 3248 2365 3287 ingredi

1299 3285 1447 3316 molientes
1460 3285 1699 3315 irremediabiliter
1715 3286 1747 3316 &
1761 3285 1903 3322 volentes,

1336 3323 1442 3354 Frae‘iis
1462 3325 1544 3363 igitur
1562 3323 1678 3362 januis,
1697 3333 1798 3361 praeter
1820 3324 1902 3361 ipfius
1923 3322 2113 3363 Primogeniti
2133 3322 2224 3353 nostri
2236 3323 2366 3355 voiunta-

1298 3370 1376 3401 tem,
1394 3361 1683 3402 distrietissimumque
1705 3361 1896 3400 Mandatum,
1913 3372 1946 3393 ac
1960 3362 2029 3392 illius
2040 3362 2217 3393 Servitorum
2231 3362 2264 3392 &
2279 3361 2364 3393 Gen-

1298 3401 1370 3430 tium
1394 3401 1576 3438 Aulicarum,
1602 3401 1678 3431 suam
1700 3399 1818 3432 Curiam
1842 3401 1980 3431 violenter
2004 3398 2133 3439 ingreffi,
2158 3398 2363 3432 Cubicularem

1297 3440 1354 3474 ejus
1374 3439 1509 3469 Thalami
1530 3440 1672 3477 adimere,
1690 3448 1759 3469 tunc
1778 3440 1818 3470 ibi
1840 3439 1977 3469 violenter
1993 3439 2027 3469 &
2040 3439 2076 3468 de
2089 3437 2185 3475 faoto,
2203 3436 2364 3469 Consobri-

1296 3487 1365 3507 nutn
1387 3477 1516 3508 nostrum
1538 3477 1741 3516 perdiledtum,
1759 3481 1860 3508 Ducem
1881 3476 2043 3515 Bar-ensem,
2062 3485 2096 3505 ac
2111 3475 2192 3506 simul
2214 3474 2365 3509 Cancella.

1297 3517 1369 3546 rium
1395 3525 1462 3546 tunc
1485 3516 1567 3555 ipsius
1589 3516 1779 3555 Primogeniti
1805 3516 1910 3552 nostri,
1928 3513 2070 3554 pluresque
2089 3513 2157 3543 alios
2171 3513 2296 3545 Nobiles
2305 3525 2361 3546 no·

1297 3553 1386 3592 stros,
1403 3554 1538 3593 ipsiusque
1555 3553 1774 3592 Cambellanos,
1793 3553 1975 3585 Consiliarios
1987 3551 2140 3583 cariffimos
2154 3552 2188 3583 δε
2202 3551 2311 3592 fideles,
2330 3555 2360 3586 in

1298 3592 1395 3622 Oculis
1408 3593 1491 3630 ipsius
1507 3592 1693 3632 Primogeniti
1706 3593 1797 3623 nostri
1813 3601 1924 3629 captos,
1938 3591 1972 3622 δε
1985 3599 2043 3629 quo
2059 3590 2172 3620 voluere
2185 3600 2244 3620 non
2259 3591 2362 3624 dudios

1298 3631 1413 3668 quidem
1436 3631 1480 3661 sed
1503 3632 1624 3669 trac'tos,
1639 3631 1752 3662 diversis
1772 3632 1801 3660 in
1819 3629 1989 3660 Carceribus
2004 3628 2119 3665 privatis
2133 3628 2167 3658 ad
2181 3638 2282 3659 eorum
2296 3631 2361 3662 libi-

1297 3678 1358 3699 tum
1381 3669 1551 3699 incluserunt
1565 3692 1574 3707 ,
1599 3670 1772 3708 inclusosque
1786 3667 1978 3700 custodierunt
1992 3688 2004 3704 ,
2026 3666 2059 3696 &
2080 3665 2215 3697 custodiri
2235 3667 2362 3703 fecerunt

1295 3707 1430 3746 quamdiu
1446 3716 1571 3747 potuere.

1335 3745 1423 3782 Cujus
1446 3756 1514 3777 tunc
1538 3747 1625 3776 animi
1639 3769 1650 3783 ,
1671 3753 1783 3786 quantae
1804 3743 2033 3782 perturbationis,
2059 3742 2288 3783 Primogenitum
2307 3757 2362 3779 no-

1297 3782 1386 3813 strum
1407 3783 1488 3814 fuiffe
1502 3785 1650 3814 credatur?
1666 3793 1769 3822 nempe
1782 3781 1861 3812 tanta
1874 3781 1939 3812 inde
1954 3780 2007 3811 fuit
2023 3780 2211 3821 displicentis,
2226 3784 2361 3824 tantaque

1297 3823 1446 3865 vexatione
1462 3823 1617 3861 perculsus,
1634 3822 1714 3862 quod
1731 3819 1902 3859 graviffimae
1919 3819 2090 3858 aegritudinis
2103 3822 2231 3858 periculo
2248 3823 2360 3855 labora-

1296 3869 1356 3897 vit,

2377 639 2417 661 Ex
2432 638 2492 663 Au·

2374 679 2440 711 mgr.

2387 2604 2524 2642 *1X.52,

1336 3898 1475 3928 Postridie
1490 3909 1575 3937 vero,
1594 3899 1622 3928 in
1637 3907 1737 3928 eorum
1749 3895 1858 3935 perfido
1870 3896 1904 3927 δε
1922 3896 2022 3934 iniquo
2035 3895 2188 3935 Proposito
2199 3899 2233 3930 ὃς
2245 3899 2359 3938 impetu
2404 3917 2406 3919 ·

1298 3937 1475 3974 pertinaciter
1495 3937 1694 3973 perseverantes
1707 3958 1717 3973 ,
1742 3934 1776 3965 ad
1802 3933 1871 3964 Nos
1894 3935 1923 3963 in
1946 3934 2084 3972 praedicto
2106 3936 2206 3967 nostro
2224 3937 2360 3975 Hospitio

1299 3975 1397 4006 Sancti
1422 3973 1502 4006 Pauli
1517 3983 1678 4012 venerunt,
1706 3973 1778 4011 ubi,
1813 3974 1830 4004 a
1846 3972 1929 4003 nobis
1946 3973 2129 4006 Audientiam
2147 3984 2361 4016 extorquentes,

2255 4023 2365 4053 91090-
