2562 4274
704 201 814 242 ET
896 199 1162 242 ACTA
1245 196 1708 243 PUBLICA

194 287 213 308 ³*
230 287 274 318 Ῑτ
284 297 302 319 E
313 295 338 318 Μ
350 309 360 325 ,
379 294 442 318 tout
455 297 489 318 ce
499 311 507 326 ,
521 296 576 326 que
589 286 680 318 deffus
695 287 735 318 est
749 287 805 326 dit,
825 297 896 327 pour
913 287 938 318 la
950 287 1016 318 Part
1030 286 1065 317 de
1078 285 1172 316 nostre
1181 284 1223 312 dit
1261 282 1309 313 sub
1327 285 1442 324 Modo,
1461 287 1582 324 Forma,
1598 289 1630 319 ὃ(
1647 287 1878 326 conditionibus,
1898 289 1931 320 &
1946 289 1979 320 ad
1996 288 2141 328 Tempus,
2160 288 2194 321 de
2213 291 2313 328 quibus
2334 285 2408 316 Arm·
2421 285 2464 316 D}

1 285 76 318 Arm.
97 282 138 313 D.

29 331 113 365 1430-
159 326 251 368 Coufin
268 327 326 357 Fait
339 327 373 358 δε
387 325 560 365 Accompli,
577 336 613 355 en
630 326 655 356 la
671 326 792 356 maniere
815 335 870 361 que
890 325 932 356 dit
945 325 1002 364 est,
1023 335 1058 355 en
1080 323 1139 355 cest
1159 323 1223 352 der-

3 367 66 391 Hrn-
90 363 118 390 6,
158 367 218 395 rein
235 365 476 404 Appointement,
490 364 672 395 Incontinent
685 374 761 402 apres
775 364 799 394 le
807 363 989 394 Delivrerons
1003 373 1042 393 ou
1056 361 1217 393 feronsDe-

7 398 140 436 ‘X-481-
159 403 243 434 livrer
265 403 299 434 de
321 403 438 439 Prison,
458 403 558 441 Qitte
575 403 610 432 de
633 402 658 432 sa
681 401 824 440 Rancon,
851 402 883 432 ὅ(
902 402 937 432 de
957 411 1020 433 tous
1040 401 1165 439 Despens
1185 401 1218 430 ὃς

159 440 315 480 Coustages
331 451 384 478 que
400 441 446 478 luy
461 442 609 478 pourrions
623 441 774 471 demander
789 451 804 470 a
817 440 895 470 cause
909 440 1032 478 d'icelle,

198 479 252 517 Et,
271 479 308 509 s'il
325 480 455 516 advenit,
474 490 521 517 par
535 489 642 510 aucune
658 488 719 516 cas,
737 488 791 517 que
805 478 900 509 nostre
914 479 955 508 dit
971 477 1063 519 Coufin
1084 476 1140 508 fust
1158 476 1217 506 De-

162 517 266 548 faillant
280 517 452 556 d’acompler
466 527 538 555 pour
552 518 576 548 sa
592 525 664 556 part,
683 527 718 546 en
733 516 757 546 la
775 519 896 547 maniere
908 516 1054 548 deffuldite
1064 539 1073 553 ,
1090 516 1221 546 demour-

162 566 193 586 ra
209 555 377 594 Prisonner,
395 557 490 587 exclus
513 557 550 586 de
573 564 634 586 tout
660 553 788 585 Benefice
806 556 841 586 de
860 555 917 585 cest
937 555 1044 595 present
1063 555 1222 593 Appointc-

166 603 254 624 ment.

201 631 328 663 D'aultre
344 640 420 672 part,
437 632 461 662 se
476 631 570 662 icellui
588 630 683 661 nostre
699 631 740 661 dit
757 630 854 671 Coufin
870 632 934 663 aloit
949 632 983 662 de
998 631 1054 662 Vie
1067 642 1082 661 a
1095 629 1225 672 Trel‘pas,

167 671 266 701 durant
281 671 306 701 le
319 670 360 701 dit
375 671 501 707 Terme,
518 670 552 700 &
569 678 650 699 avant
671 671 709 700 les
731 669 839 701 Chotes
857 670 1016 701 deffuldites
1038 671 1070 700 ὃς
1088 670 1226 699 chalcune

167 709 288 740 d‘icelles
309 719 380 746 pour
404 710 449 747 luy
473 709 672 747 Accomplies,
690 718 809 738 comme
826 719 860 739 en
881 710 922 739 dit
946 709 1170 747 Appointement
1185 706 1227 736 est

171 747 212 778 dit
222 771 230 783 ,
251 747 290 777 ses
305 746 445 777 Heretiers
459 746 492 776 ὃς
508 756 587 785 ayans
603 747 682 776 cause
702 746 795 776 seronr
811 755 897 777 tenuz
912 748 949 777 les
969 747 1134 783 Accomplir
1150 754 1186 775 en
1203 745 1228 774 la

172 795 284 816 manere
298 784 464 815 deffusdieie
474 810 482 823 ,
499 795 538 814 ou
553 795 587 815 ce
602 786 650 822 qui
669 795 705 814 en
720 785 867 815 demourra
884 797 899 815 a
914 786 1067 824 acomplir:

212 823 249 854 Et
265 823 471 860 pareillement,
499 823 524 852 se
540 822 711 860 trespaffions
730 823 767 853 de
786 823 844 854 cest
861 823 989 861 Monde,
1008 832 1067 853 noz
1091 821 1232 852 Heretiers

175 862 208 891 &
220 872 234 890 a
253 871 299 892 ans
313 861 390 891 cause
405 861 496 892 feront
513 861 538 891 la
553 861 722 891 Delivrance
739 861 774 891 de
789 861 883 893 nosti-e
899 863 939 891 dit
955 862 1064 902 Confin‚
1081 861 1182 898 Qiitte
1195 859 1232 888 de

176 899 223 929 Pri
235 909 274 929 on
289 900 322 930 δε
339 898 479 936 Rancon,
494 899 526 929 &
542 899 577 929 de
592 907 653 929 tous
678 899 802 938 Despens
819 901 851 930 &
874 900 1032 936 Coustages
1051 909 1104 937 que
1118 908 1132 927 a
1155 897 1234 928 cause

176 938 214 968 de
228 937 253 968 sa
268 937 324 968 dite
340 937 437 968 Prison
452 937 480 967 lu
511 939 658 974 purroions
678 937 830 967 demander

178 976 264 1007 Nous
279 976 357 1006 cause
371 975 471 1006 deman
493 985 521 1005 er
540 975 584 1014 luy
602 976 728 1012 purroit,

216 1013 327 1046 Toutes
341 1014 379 1044 les
396 1014 501 1053 quelles
516 1013 625 1043 Choses
646 1013 678 1043 &
695 1014 831 1044 chascune
849 1013 985 1053 d'icelles,
1003 1025 1037 1044 en
1054 1022 1112 1044 tant
1129 1012 1238 1052 qu’clles

179 1052 267 1083 Nous
279 1053 416 1083 touchent
429 1053 461 1082 δε
479 1060 592 1089 purront
607 1051 746 1089 toucher,
761 1062 835 1091 pour
858 1053 952 1084 nostre
968 1063 1048 1091 part,
1067 1062 1152 1082 avons
1174 1060 1240 1089 pro-

181 1093 252 1128 mis,
271 1091 304 1120 &
330 1100 524 1128 promettons,
543 1100 577 1120 en
603 1090 712 1120 Parolle
731 1090 766 1121 de
786 1091 871 1130 Roy,
891 1093 921 1121 ἃ
946 1103 993 1129 par
1014 1102 1059 1121 ces
1085 1089 1239 1125 l'resentes,

182 1130 247 1159 bien
261 1129 293 1159 &
308 1129 469 1168 loyaument
487 1130 556 1158 tenir
570 1130 603 1160 &
619 1128 732 1167 garder,
752 1129 784 1159 &
800 1130 848 1159 fair
861 1138 931 1160 tenir
947 1133 978 1161 δ’
990 1130 1101 1167 ander,
1122 1129 1184 1158 sanz
1192 1137 1242 1157 en-

183 1167 320 1205 fraindre,
340 1168 373 1197 &
388 1167 453 1196 sanz
468 1166 529 1197 Dol
539 1190 548 1206 ,
569 1167 692 1205 Fraude,
711 1167 890 1207 Deception,
906 1179 943 1198 ou
965 1169 1042 1198 Male
1058 1168 1169 1204 engein.

219 1205 264 1234 En
280 1204 437 1244 Tesmoing
452 1205 486 1236 de
501 1215 534 1235 ce
548 1205 634 1236 Nous
649 1215 736 1236 avons
752 1206 799 1236 fair
815 1216 914 1237 mettre
929 1206 1022 1236 nostre
1042 1206 1134 1236 Graut
1150 1205 1210 1235 Seel
1227 1213 1242 1234 a

184 1253 232 1274 ces
246 1244 315 1274 dites
328 1244 469 1275 Presentz.

223 1282 331 1313 Donne
346 1292 382 1312 en
397 1282 483 1323 nostre
499 1281 593 1311 Palais
611 1282 632 1311 d
638 1293 651 1311 e
667 1281 865 1322 Wslmwzster,
885 1283 908 1312 le
925 1281 1014 1321 Vingt
1037 1282 1167 1313 Sixiesme
1180 1281 1246 1319 jour

184 1320 220 1349 de
238 1320 426 1357 Novembre,
449 1320 515 1350 l’An
531 1321 567 1351 de
581 1319 678 1350 Grace
692 1320 792 1359 Mille,
813 1322 1006 1359 Quatrecens,
1024 1323 1057 1352 ὃς
1072 1322 1190 1351 Trcntc.
1208 1319 1246 1350 Et

187 1358 212 1388 le
230 1359 391 1390 Neufiesme
406 1360 441 1389 de
454 1359 547 1388 nostre
561 1357 672 1398 Regne.

837 960 846 975 ,
864 948 904 968 ou
925 948 980 976 que
998 937 1084 968 aultre
1104 945 1182 975 ayant
1199 935 1235 965 de

213 1486 306 1529 Super
330 1482 519 1527 Ambaffiata
542 1483 586 1517 ad
607 1487 713 1531 Regem
742 1488 840 1518 szciae
866 1495 902 1524 ξς·
927 1485 969 1517 ad
992 1488 1218 1532 Imperatorem.

41 1569 172 1604 Anno.
193 1568 348 1625 Vlcefiono
372 1572 485 1609 Septimo
509 1571 551 1600 die
573 1570 751 1609 Novembris,
770 1574 856 1600 Anno
877 1582 944 1600 nono
967 1571 1040 1609 apud
1066 1570 1253 1601 W’estmona-

62 1618 148 1649 1430.
257 1608 369 1639 sterium
380 1631 390 1646 ,
405 1608 626 1640 Concordatum
641 1609 693 1639 fuit
705 1610 784 1647 quod
802 1609 846 1639 fiat
861 1609 1046 1639 Warrantum
1069 1609 1252 1638 Thesaurario

40 1654 139 1716 2129.
197 1646 230 1676 ὃ(
250 1645 417 1677 Camerariis
435 1647 471 1677 de
490 1648 655 1685 Scaccario,
673 1648 709 1678 de
732 1647 922 1677 Dcliberando
943 1646 1082 1685 Magistro
1105 1646 1255 1677 Willielmo

199 1688 309 1722 Spencer
324 1685 435 1724 Legum
451 1685 576 1716 Dostori
586 1709 595 1723 ,

45 1726 178 1754 Biblcot-
236 1723 401 1753 Tranfituro
427 1725 456 1754 in
483 1723 654 1754 Ambaffiata
673 1722 761 1761 Regis
782 1722 874 1753 versus
891 1726 986 1759 Regem
1011 1726 1107 1753 Dacia»
1118 1746 1127 1762 ,
1145 1722 1204 1759 &a
1223 1724 1257 1755 &

45 1764 179 1792 tomclem
199 1760 431 1793 Communitates
450 1762 587 1791 Villarum
603 1761 712 1791 Hanzae
729 1761 922 1798 Teutonicae,

45 1809 120 1839 patra
133 1805 160 1829 F.
238 1804 350 1829 Centum
368 1802 479 1828 Marcus
493 1809 541 1838 per
554 1801 630 1829 viam
648 1798 779 1837 praestiti,

45 1851 74 1875 ,ῃ-
238 1838 275 1868 Et
291 1839 400 1873 insuper
411 1837 509 1875 quod,
528 1847 576 1874 per
592 1837 704 1867 eosdem
722 1838 936 1867 Thesaurarium
961 1838 993 1868 &
1013 1838 1206 1876 camerarios,
1226 1839 1259 1869 li-

199 1877 331 1908 berentur
348 1875 488 1912 Magistro
506 1877 547 1905 W
548 1874 655 1906 illielmo
671 1879 775 1913 Swan,
794 1876 939 1906 transituro
954 1886 1022 1905 cum
1048 1878 1150 1908 Literis
1172 1878 1259 1918 Regis

199 1914 292 1946 versus
310 1917 501 1952 Imperatorem
659 1915 746 1945 etiam
766 1923 815 1953 per
831 1915 905 1945 viam
918 1914 1045 1953 praestiti.

203 2050 262 2082 Pro
297 2043 514 2088 Ambaffiatore
539 2046 676 2092 lffianm'ae
696 2073 706 2089 ,
744 2045 779 2079 de
797 2046 999 2093 proficzflendo
1021 2048 1123 2092 verfits
1146 2051 1262 2082 Ducem

251 2093 447 2141 Burguszdiae,
472 2098 508 2133 φ
526 2106 581 2141 pro
605 2093 748 2141 Johanne
776 2094 989 2143 Luffingbnrgh
1013 2106 1122 2128 retento
1147 2101 1177 2130 in
1193 2102 1263 2131 Ser·

208 2168 211 2169 ν
252 2148 329 2177 vitio
355 2145 452 2190 Regis.

54 2235 134 2267 Ann.
145 2233 185 2264 D.
211 2228 361 2286 SEcurzdo
376 2228 417 2258 die
426 2228 596 2276 Docembris,
615 2232 781 2275 Annonam»
793 2231 866 2269 apud
880 2230 1169 2276 westmonasterium
1184 2233 1268 2264 Con·

76 2282 164 2313 1430,
232 2307 236 2312 .
262 2268 371 2298 celium
387 2268 420 2298 &
435 2269 652 2311 Qoncordatum
668 2269 807 2313 fuitquod
819 2270 884 2300 fiant
896 2271 1014 2307 Literae,
1035 2272 1084 2300 sub
1100 2271 1216 2302 Privato
1224 2271 1268 2302 Si-

52 2316 111 2341 An.
124 2324 151 2347 9·
210 2307 297 2346 gillo,
312 2305 498 2336 Thesaurario
514 2307 546 2336 ὃς
564 2305 732 2338 Camerarus
748 2309 784 2338 de
802 2308 952 2339 Scaccario
969 2308 1093 2339 Domini
1112 2309 1200 2350 Regis
1215 2320 1269 2348 pro

56 2356 90 2379 H.
109 2352 139 2378 6.
211 2356 253 2374 xx
266 2344 296 2374 li.
312 2344 404 2375 solutis
417 2344 505 2374 Fratri
522 2345 717 2376 Ambaxiatori
731 2346 875 2386 Ispanniae.

55 2388 191 2454 fffflcclg-
248 2421 378 2458 ITEM,
397 2419 476 2459 quod
501 2421 568 2452 fiant
592 2422 694 2452 Litcrae
715 2422 817 2453 eisdem
843 2423 1031 2455 Thesaurario
1052 2427 1085 2456 ὃς
1107 2424 1273 2456 Camerariis

55 2472 133 2502 patra
152 2468 183 2492 F.
211 2470 266 2500 pro
288 2471 330 2489 xx
354 2459 384 2489 li.
409 2459 501 2489 solutis
524 2459 655 2498 Johanni
678 2464 866 2500 Moungomery
885 2462 1033 2501 Chivaler,
1060 2464 1206 2502 ordinato,
1224 2474 1273 2503 per

59 2513 89 2538 4,
212 2498 380 2529 Concilium
394 2497 498 2536 Regis,
519 2498 551 2528 ad
567 2499 819 2540 proficiscendum,
835 2501 871 2531 de
887 2500 960 2531 Villa
970 2500 1088 2540 Calesii,
1107 2503 1196 2533 versus
1211 2505 1274 2532 Du-

213 2549 267 2567 cem
280 2536 463 2574 Burgundiae,
481 2537 517 2566 de
533 2536 624 2567 Dono
639 2537 735 2577 Regis.

252 2614 322 2644 ITE
333 2621 376 2650 M,
391 2612 471 2650 quod
488 2612 535 2642 fiat
549 2613 599 2644 alia
623 2614 719 2645 Litora
733 2615 836 2646 eisdem
852 2615 1039 2647 Thesaurario
1061 2618 1094 2648 ὃς
1109 2617 1275 2649 Carnemriis

213 2662 266 2691 pro
282 2655 311 2680 D
335 2651 364 2680 li.
380 2650 474 2680 solutis
487 2650 616 2688 Johanm·
625 2652 840 2691 Luslhingburgh
850 2678 860 2691 ‚
878 2654 1035 2692 Traeiaro,
1055 2666 1101 2693 per
1112 2656 1274 2687 Dominum

216 2689 396 2720 C.irdinalem
407 2712 417 2726 ,
433 2689 468 2731 de
480 2689 594 2720 effendo
607 2690 642 2719 de
659 2692 821 2722 Retinentia
838 2692 923 2732 Regis
933 2716 942 2731 ,
958 2694 991 2723 :id
1007 2695 1166 2724 faciendum
1185 2697 1276 2726 cidem

218 2727 351 2759 Domino
370 2727 444 2765 Regi
459 2727 612 2758 Servitium
629 2728 748 2760 Guerrae
764 2732 792 2760 in
810 2730 919 2768 Regno
936 2732 984 2762 suo
1002 2732 1144 2771 anciae,
1163 2734 1223 2764 &c.

68 2862 200 2899 ,ξς-432,
473 2847 499 2873 ³*
514 2852 633 2897 Treuga
657 2863 724 2884 cnm
752 2856 828 2899 Rege
851 2855 1019 2888 Scotorum.

71 2937 201 2969 Ann.D.
223 2935 349 2992 HAEc
368 2935 657 2972 INDENTURA,

99 2985 186 3015 1430,
318 2974 367 3003 ΡΛ
378 2983 393 3002 c
402 2981 425 3002 τ
437 2982 454 3002 Α
474 2971 566 3009 Inter,
584 2972 787 3004 Reverendum
804 2975 833 3005 in
849 2975 967 3006 Christo
978 2976 1088 3008 Patrem
1099 3001 1108 3016 ,
1125 2977 1284 3015 Johannem

69 3019 122 3044 An.
139 3026 166 3049 9-
226 3011 380 3051 Epistopum
396 3010 585 3050 qufgueyzsersz
601 3010 811 3042 Cmcellarium
826 3013 950 3052 Scotiae,
966 3015 1122 3051 Johannem
1142 3017 1285 3056 Forestarii

70 3060 105 3081 11.
121 3055 150 3079 6.
225 3050 421 3079 Camerarium
438 3048 563 3079 Militem
575 3073 584 3087 ,
605 3049 783 3079 Willielmum
796 3052 827 3080 de
841 3053 931 3081 Foulis
947 3053 1051 3083 Privati
1067 3055 1156 3091 Sigilli
1178 3054 1285 3084 Custo-

71 3096 112 3120 Ex
125 3094 184 3119 Λιι-
224 3088 309 3125 dem,
326 3089 359 3118 &
376 3087 529 3117 Walterum
545 3088 577 3116 de
590 3087 684 3127 Ogilby
701 3089 874 3126 Magistrum
890 3091 1013 3129 Hospitii
1031 3092 1175 3130 Militem,
1191 3093 1286 3123 Com-

70 3136 136 3166 togr.
227 3126 378 3163 miffarios,
407 3125 583 3157 illustrissimi
606 3125 759 3165 Principis,
777 3127 894 3166 Jacobi,
912 3129 971 3159 Dei
994 3130 1113 3167 Gratia,
1130 3134 1206 3168 Regzs
1227 3135 1287 3160 Sco-

227 3172 332 3201 torum,
350 3163 383 3194 ad
400 3163 573 3201 Infrascripra
591 3164 758 3195 sufficienter
777 3167 949 3206 &legitime
970 3168 1133 3206 deputatos,
1150 3179 1181 3198 ex
1204 3169 1287 3199 Parte

230 3213 303 3240 una,
322 3202 371 3237 &,
389 3201 532 3232 Nobilem
542 3201 660 3240 Virum,
680 3203 838 3241 Johannem
855 3208 999 3236 Dominum
1014 3208 1159 3245 deScroop,
1177 3210 1209 3237 &
1220 3207 1288 3237 Ma-

230 3239 515 3282 gistrumJohannem
527 3241 618 3269 Stokes
629 3241 740 3280 Legum
748 3242 911 3274 Doctorem
922 3268 929 3281 ,
940 3245 1150 3275 Ambaxiatorcs
1158 3246 1189 3275 ἃ
1197 3244 1290 3274 Com-

232 3279 386 3314 missarios,
401 3278 572 3308 Serenissimi
586 3278 740 3318 Principis,
758 3283 886 3320 Henrici,
902 3284 1000 3313 eadem
1015 3284 1118 3321 gratia,
1135 3286 1211 3320 Regis
1225 3288 1290 3312 An-

231 3317 313 3384 gliaep,
329 3316 390 3351 &c.
403 3316 440 3384 lad
454 3315 631 3361 infrascripta
646 3319 729 3347 etiam
746 3318 916 3352 sufficienter
931 3323 963 3353 δ’,
980 3322 1108 3359 legitime
1129 3322 1290 3360 deputatos,

236 3365 269 3385 cx
314 3364 370 3384 arte
385 3365 401 3384 a
412 3365 485 3384 tera:

271 3393 360 3423 Prout
372 3402 406 3422 ex
420 3402 519 3423 eorum
535 3392 783 3424 Commiffionum
801 3395 921 3434 Literis‚

275 3470 406 3510 Quarum
419 3469 550 3499 Tenores
563 3469 712 3507 sequuntur
727 3471 760 3502 &
775 3470 836 3502 sunt
850 3472 952 3510 Tales,

275 3546 412 3585 Jacobus,
431 3545 488 3576 Dei
497 3546 613 3585 Gratia,
632 3549 691 3576 Rex
702 3551 852 3586 Scotorum,
870 3548 1033 3588 Universis,
1051 3550 1085 3580 ad
1100 3562 1170 3589 quos
1179 3553 1298 3590 praesen·

241 3596 281 3617 tes
302 3586 402 3616 Literae
420 3587 617 3624 pervenerint,
636 3585 772 3617 Salutem.

279 3625 375 3654 Sentis
398 3623 476 3661 quod
502 3623 710 3659 Deputavimus
730 3625 763 3655 δε
790 3623 1014 3663 constituimus,
1041 3627 1241 3658 Reverendum
1268 3629 1298 3658 in

246 3662 364 3692 Christo
383 3661 495 3692 Patrem
508 3685 517 3699 ,
534 3661 694 3700 Jolmnnem
709 3666 734 3692 E
752 3662 863 3701 ifiopzem
880 3663 1068 3704 Glassuenfhm
1093 3665 1301 3696 Cancellarium

245 3701 390 3738 nostrum,
404 3699 563 3738 Johanncm
579 3699 720 3768 Ρονῖζὶανίἰ
758 3702 923 3732 amerarium
933 3703 1060 3734 nostrum
1072 3703 1214 3742 Militem,
1229 3705 1303 3734 W1l<

249 3737 365 3767 lielmum
378 3740 409 3768 de
424 3738 512 3768 Foulis
528 3738 614 3768 nostri
657 3740 733 3769 riv-iti
753 3739 840 3778 Sigilli
853 3739 1030 3779 Custodem,
1050 3743 1082 3772 &
1099 3742 1250 3772 lValterum
1275 3743 1306 3772 de

250 3775 345 3813 Ogilby
362 3776 529 3815 Magistrum
543 3776 666 3815 Hospitii
682 3777 770 3807 nostri
788 3778 931 3818 Militem,
949 3789 982 3810 ac
998 3780 1088 3818 Tres,
1104 3782 1137 3811 &
1154 3781 1238 3812 Duos
1256 3792 1306 3811 eo-

250 3815 397 3851 rumdem,
413 3813 630 3845 commissarios
647 3815 759 3846 nostros
781 3816 924 3853 speciales,
943 3818 977 3848 ad
1000 3827 1088 3849 certas
1105 3820 1247 3858 Treugas,
1264 3821 1307 3849 in-

252 3861 292 3882 ter
305 3851 755 3898 Cariffimur-nhConsanguineum
770 3855 899 3884 nostrum
918 3857 1064 3899 Heoricum
1079 3860 1173 3896 Regem
1183 3857 1311 3895 Angliae,
1351 3861 1494 3898 Inierunt,
1515 3859 1752 3897 Concord-irunt,
1770 3862 1803 3891 &
1818 3861 2041 3897 Concluserunt,
2061 3859 2179 3899 Ineunt,
2203 3861 2408 3901 Concordaut,

253 3889 314 3924 &a
334 3891 367 3920 &
385 3890 454 3920 Nos
466 3900 543 3922 initas
556 3893 588 3922 ὅτ
609 3892 812 3931 concordatas,
831 3892 866 3923 ad
881 3893 1058 3924 Termmum
1080 3897 1219 3935 aliquem,
1238 3898 1310 3933 juxta
1355 3903 1388 3931 &
1407 3898 1595 3929 Concludunt
1612 3900 1715 3936 bonas,
1734 3898 1843 3936 firmas,
1862 3899 2004 3937 indubias,
2020 3900 2053 3929 &
2068 3900 2258 3939 inviolabiles,
2275 3902 2412 3941 Treugas,

255 3928 402 3958 dustorum
417 3927 681 3961 Commiffariorum
703 3930 864 3960 nostrorum
887 3931 1100 3972 discretionem,
1115 3945 1148 3965 ac
1171 3944 1254 3972 prout
1276 3937 1314 3964 eis

246 3967 326 3997 rutile
338 3966 370 3996 ὅ(
389 3967 534 4008 expediens
546 3968 608 3999 fore
622 3969 762 3999 videbitur
771 3993 779 4005 ,
796 3968 1032 4008 Prorogandum,

295 4004 350 4034 Seu
365 4004 428 4033 allas
440 4004 586 4043 Treugas,
604 4006 747 4038 Prioribus
762 4007 919 4043 supradietis
936 4008 1033 4038 similes
1045 4009 1090 4038 vel
1102 4010 1261 4048 dissimiles,
1277 4013 1320 4040 in-

258 4050 299 4071 ter
315 4042 461 4079 praefatum
478 4041 731 4081 Consanguineum
754 4045 881 4075 nostrum
900 4047 931 4076 &
953 4045 1041 4084 Nos,
1059 4057 1111 4084 pro
1125 4048 1241 4087 Nobis,
1259 4049 1321 4080 Re-

243 4089 315 4120 -gno
326 4102 335 4116 ,
349 4079 462 4119 Terris,
480 4079 644 4122 Dominiis,
667 4085 700 4116 ὃς
714 4084 836 4116 Subditis
851 4083 953 4115 nostris
971 4085 1005 4116 &
1020 4086 1160 4126 utriusque
1175 4087 1325 4128 nostrum,

291 4121 365 4149 Tam.
385 4120 433 4150 IV.
460 4120 494 4149 P.
511 4120 574 4150 116
604 4140 611 4144 -

2239 212 2319 256 169

1261 322 1332 352 inter
1347 323 1457 355 dicium
1473 324 1717 363 Conlatiguiiieum
1732 326 1859 357 nostrum
1871 328 1962 365 ejusve
1971 327 2187 359 Commissarios
2201 339 2232 359 ac
2244 339 2313 365 prae-

2360 332 2447 364 1430.

1264 361 1334 391 fatos
1347 361 1561 394 Commiffarios
1577 363 1685 393 nostros
1700 367 1885 396 conveniri&
1899 368 2172 407 concordaripvterit
2182 390 2190 404 ,
2210 366 2315 398 ineun-
2335 367 2397 391 ΗΜ·
2419 364 2448 390 ⁶·

1265 399 1353 437 dum,
1375 400 1635 439 Concordandum,
1654 403 1687 433 &
1702 401 1961 443 Concludendum,

1303 438 1428 469 Necnon
1442 439 1475 469 ad
1489 440 1684 470 Tra&andum
1703 441 1734 471 δε
1748 440 2032 473 Communicandum
2043 453 2109 472 curn
2126 443 2227 474 eodem
2237 442 2320 474 Con-

1265 474 1414 514 stmguineo
1430 478 1528 508 nostro
1561 478 1653 516 ejusve
1666 477 1889 517 Commissiriis,
1906 482 1941 511 de
1957 483 1988 512 &
2003 481 2080 518 super
2098 481 2185 511 Finali
2200 481 2271 512 Pace
2285 484 2319 513 &

1267 513 1422 552 Perpetua,
1439 525 1485 552 per
1502 500 1600 546 Nsedia
1619 527 1826 555 quaecumque,
1844 528 1968 557 congrua
1989 520 2022 550 ὃς
2037 519 2167 557 honesta,
2185 529 2249 557 quae
2266 519 2320 550 Pa-

1268 561 1333 582 cem
1348 552 1513 590 Perpetuam
1528 554 1685 592 hujusmodi
1702 557 1882 586 verilimiliter
1896 558 2027 588 inducere
2043 566 2172 596 poterunt
2194 559 2228 589 &
2250 568 2322 588 con-

1267 589 1372 621 servare
1384 601 1502 630 quoquo
1519 594 1625 630 modo,
1644 594 1714 622 inter
1731 594 1798 623 Nos
1821 604 1852 624 ex
1873 605 1926 625 una
1945 604 2019 633 parte
2034 597 2066 626 &
2089 596 2183 635 Ipsum
2206 594 2321 627 Cariffi-

1275 639 1354 659 mum
1370 629 1617 669 consanguineum
1630 631 1758 661 nostrum
1779 635 1872 669 Regem
1885 633 2012 672 Angliae,
2029 634 2089 664 &c
2106 644 2140 665 ex
2161 634 2242 664 Parte
2256 635 2324 665 alre-

1271 668 1317 705 ra,
1337 667 1496 706 Regnaque
1510 669 1620 706 nostra,
1636 669 1752 707 Terras,
1772 669 1927 711 Dominia,
1944 672 2062 711 Ligeos,
2081 672 2113 703 &
2129 673 2260 704 Subditos
2269 683 2324 704 no-

1273 705 1342 735 stros
1353 728 1362 743 ,
1381 706 1547 738 Obtinenda
1563 710 1595 738 ὃς
1610 708 1778 746 Ρὶττηαῃόῖι,

1311 743 1477 783 Caeteraque
1491 747 1589 775 omnia
1604 746 1654 775 alia
1669 748 1702 777 ὃ(
1717 746 1823 782 lingula
1837 747 2024 785 Faciendum,
2040 747 2273 788 Excercendum,
2291 751 2326 781 δε

1274 781 1505 821 Expediendum,
1524 794 1588 822 quae
1599 785 1628 813 in
1644 784 1792 814 Praemiffis
1805 786 1836 815 ὃ(
1852 787 1924 815 circa
1938 796 1969 815 ea
1992 786 2138 816 necess‘aria
2159 787 2261 818 fuerint
2280 787 2328 819 seu

1274 820 1490 887 quomodolibet
1512 831 1667 861 oportuna,
1691 824 1775 853 etiam
1798 823 1818 852 sl
1838 823 2005 854 Mandatum
2027 824 2138 864 exigant
2160 827 2246 864 magis
2267 826 2326 866 spe·

1275 868 1318 888 cia
1329 868 1345 888 e

1317 881 1530 935 promittentes,
1548 898 1578 926 in
1593 898 1684 928 verbo
1701 898 1816 937 Regio,
1835 899 1902 929 Nos
1920 898 2044 937 Ratum,
2063 899 2204 939 Gratum,
2222 902 2256 933 &
2272 901 2331 932 Fir-

1281 944 1363 964 mum
1380 935 1521 966 habituros
1536 936 1671 973 quicquid
1687 947 1735 974 per
1750 937 1840 966 diotos
1862 936 2080 968 Commiffarios
2096 939 2204 969 nostros
2214 961 2224 977 ,
2241 940 2331 978 Tres,

1280 982 1325 1003 aut
1341 972 1422 1003 Duos
1437 975 1618 1011 eorumdem,
1637 975 1744 1005 Acium
1759 975 1813 1006 live
1825 975 1948 1006 Gestum
1965 977 2046 1007 fuerit
2060 977 2089 1005 in
2104 976 2271 1017 Praemiffis,
2286 978 2334 1010 seu

1282 1011 1374 1050 aliquo
1390 1011 1612 1042 praemissorum.

1320 1050 1352 1079 ln
1367 1051 1445 1087 cujus
1458 1049 1512 1080 Rei
1529 1050 1740 1082 Testimonium
1756 1052 1803 1081 has
1824 1051 1929 1082 Literas
1944 1052 2051 1082 nostras
2067 1052 2126 1083 fieri
2142 1053 2260 1084 fecimus
2283 1053 2336 1085 Pa-

1285 1097 1392 1125 tentes,
1411 1089 1483 1125 apud
1499 1088 1679 1127 Edinhmgh,
1696 1089 1866 1122 Undecimo
1880 1090 1937 1121 Die
1954 1090 2059 1122 Mei-iiis
2073 1091 2261 1130 Decembris,
2280 1093 2348 1123 An-

1286 1136 1327 1156 no
1342 1125 1440 1163 Regni
1454 1126 1539 1157 nostri
1557 1127 1703 1158 Vicelimo
1718 1128 1839 1167 Qinto.

1841 1204 2212 1237 SUNERKETHING.

1328 1295 1475 1330 Henricus,
1503 1293 1560 1323 Dei
1584 1292 1701 1331 Gratia,
1717 1297 1776 1324 Rex
1799 1294 1912 1332 Angliae
1936 1293 1974 1330 όν
1999 1298 2137 1334 Franciae‚
2154 1294 2193 1331 &⁶
2216 1299 2347 1326 Dominus

1291 1332 1446 1370 Hibernae,
1461 1333 1599 1363 omnibus
1609 1357 1618 1370 ,
1636 1333 1670 1363 ad
1684 1343 1753 1372 quos
1766 1333 1911 1372 praesentes
1933 1334 2038 1364 Literae
2054 1336 2248 1373 pervenerint,
2266 1335 2346 1365 Salu—

1291 1379 1358 1400 tem.

1331 1409 1428 1438 Sciatis
1452 1408 1531 1446 quod
1557 1409 1644 1446 Nos,
1661 1409 1696 1439 de
1719 1409 1892 1440 avisamento
1919 1411 1951 1441 &
1970 1409 2075 1441 assensu
2095 1410 2222 1442 Concilii
2242 1410 2330 1443 nostri
2338 1434 2350 1450 ,

1295 1446 1500 1483 Deputavimus
1520 1448 1553 1477 &
1570 1446 1793 1485 Constituimus,
1812 1446 2005 1478 Venerabilern
2028 1451 2056 1478 in
2078 1448 2195 1480 Christo
2219 1449 2351 1488 Patrem,

1295 1485 1422 1515 Thomam
1444 1484 1648 1524 Dunelmenfiw
1666 1485 1837 1525 Epifi‘oputn,
1856 1489 1907 1523 ζέε,
1933 1485 2094 1517 Cariffimos
2119 1487 2352 1527 Consanguineos

1296 1523 1407 1554 nostros
1421 1524 1579 1561 Ricardum,
1599 1523 1630 1553 δε
1649 1526 1795 1553 Henricum
1808 1524 2030 1562 Northumbriae,
2046 1524 2191 1563 Comites,
2210 1537 2260 1562 ae,
2280 1526 2351 1556 dile-

1299 1563 1360 1592 ἃοε
1379 1563 1410 1591 δε
1425 1561 1517 1591 fideles
1534 1561 1658 1600 nostros,
1675 1563 1836 1600 Joloannem
1852 1566 1998 1592 Dominum
2012 1564 2044 1592 de
2059 1567 2166 1601 Scrcop,
2184 1566 2217 1595 &
2237 1563 2352 1602 Johan-

1299 1611 1358 1629 nem
1379 1603 1510 1629 Bai-onem
1523 1600 1554 1629 de
1572 1600 1702 1641 Graystok
1712 1624 1721 1638 ,
1737 1601 1881 1630 Robertum
1897 1599 2046 1640 Umfrcvill
2052 1600 2178 1632 Militem
2190 1625 2199 1640 ,
2214 1612 2246 1632 ac
2257 1625 2267 1637 ,
2285 1602 2353 1632 Ma-

1301 1639 1416 1677 gistros,
1435 1638 1594 1676 Johannem
1605 1639 1696 1668 stokes
1716 1639 1822 1678 Legum
1836 1639 1999 1669 Doctorem
2008 1662 2017 1677 ,
2033 1640 2066 1670 &
2078 1639 2237 1678 Johannem
2249 1640 2352 1669 Selowe

1303 1675 1485 1706 Canonicum
1501 1676 1725 1707 Refidentiarum
1740 1679 1768 1706 in
1787 1677 1910 1708 Ecclelia
1931 1679 2004 1708 beari
2025 1677 2101 1708 Petri
2118 1678 2302 1716 Eboracenl'i,
2321 1688 2355 1708 ac

1303 1714 1375 1753 Sex,
1394 1715 1551 1754 Qinque,
1571 1716 1721 1754 Qatuor,
1736 1716 1824 1753 Tres,
1842 1717 1874 1746 &
1898 1715 1981 1746 Duos
2005 1717 2192 1756 eorumdem,
2211 1715 2358 1747 Commis-

1304 1753 1384 1783 sarios
1400 1755 1432 1784 &
1451 1754 1483 1783 N
1489 1755 1587 1784 uncios
1603 1753 1714 1784 nostros
1728 1753 1870 1792 speciales,

1343 1791 1389 1821 Ad
1403 1791 1591 1830 quascumque
1609 1792 1796 1822 Pecuniarum
1811 1793 1941 1823 Summas
1951 1815 1960 1830 ,
1976 1802 2023 1830 per
2038 1791 2221 1824 Cariffimum
2231 1792 2360 1823 Consan-

1303 1831 1438 1868 guineum
1456 1830 1585 1868 nostrum
1601 1831 1619 1850 ²*
1633 1830 1769 1868 Jacobum
1781 1833 1874 1869 Regem
1888 1833 2021 1860 Scotorum
2038 1831 2136 1862 Nobis
2149 1832 2253 1862 debitas
2262 1854 2272 1868 ,
2290 1841 2360 1868 prae-

1305 1869 1398 1899 sertim
1416 1870 1523 1900 ratione
1544 1870 1685 1907 cujusdam
1705 1870 1983 1909 Appunctuamenti,
2001 1871 2072 1899 inter
2096 1869 2164 1901 Nos
2185 1871 2218 1901 &
2236 1869 2361 1900 eundern

1308 1905 1558 1945 Consanguineum
1573 1907 1702 1937 nostrum
1717 1908 1796 1945 super
1812 1909 1893 1946 ipfius
1909 1907 2089 1938 Liberatione
2101 1908 2186 1945 faeti,

1343 1945 1474 1975 Necnon
1490 1945 1701 1976 Liberationem
1717 1948 1748 1977 ὃ(
1769 1945 1965 1977 Traditionem
1983 1955 2127 1976 certorum
2150 1946 2310 1985 Obsidum,
2327 1945 2363 1977 ad

1306 1992 1391 2021 quos,
1409 1984 1561 2014 secundum
1577 1985 1657 2022 vim,
1673 1985 1811 2023 formam,
1829 1985 1862 2015 &
1878 1983 2017 2015 effeetum
2030 1985 2098 2014 dieti
2112 1985 2365 2024 Appuncstuamen-

1307 2023 1346 2060 ti,
1364 2022 1463 2052 Nobis
1479 2023 1640 2053 faciendum
1656 2021 1737 2054 Idem
1757 2022 1987 2061 Consanguineus
2008 2023 2105 2054 Nobis
2126 2032 2235 2054 tenetur
2255 2023 2366 2060 (videli-

1309 2060 1366 2097 cet)
1391 2061 1420 2090 in
1448 2060 1565 2091 Locum
1589 2060 1748 2098 Obfidum,
1772 2062 1827 2098 jam
1856 2061 2087 2099 Defirmffiorum,
2104 2062 2165 2092 alias
2186 2072 2233 2102 per
2255 2061 2367 2092 dictum

1310 2098 1424 2129 Consan
1445 2100 1557 2130 uineum
1575 2099 1704 2130 nostrum
1717 2099 1815 2130 Nobis
1834 2100 2034 2138 liberatorum,
2054 2100 2227 2138 Petendum,
2243 2099 2368 2140 Exigen-

1310 2137 1398 2175 dum,
1450 2137 1633 2176 btinendum,
1652 2139 1684 2169 ὃ(
1703 2137 1933 2175 Recipiendum,

1347 2175 1392 2206 Ac
1407 2176 1440 2206 ad
1455 2177 1602 2215 praefatum
1615 2176 1863 2215 Consanguineum
1879 2176 2006 2206 nostrum
2021 2176 2056 2207 de
2069 2176 2290 2216 quibuscumque
2309 2176 2367 2206 Pe-

1312 2215 1460 2245 cuniarum
1474 2215 1613 2251 Summis,
1632 2215 1669 2245 ab
1682 2214 1741 2253 ipso
1750 2214 1884 2245 Nomine
1896 2215 1993 2245 nostro
2008 2214 2207 2253 Recipiendis,
2225 2215 2368 2254 Qiietan-

1311 2252 1399 2290 dum,
1418 2253 1451 2283 δε
1466 2252 1572 2284 Literas
1587 2253 1815 2290 Qiietantiarum
1829 2253 1996 2284 sufficienter
2009 2254 2072 2284 inde
2086 2253 2276 2291 Faciendum,

1351 2292 1397 2321 Ac
1413 2292 1449 2321 de
1465 2293 1499 2322 &
1519 2293 1595 2329 super
1618 2290 1786 2329 Praemiffis,
1804 2292 1837 2322 ὃς
1859 2301 1961 2322 eorum
1982 2292 2126 2331 quolibet,
2152 2291 2370 2331 Tractandum,

1312 2329 1555 2369 Tranligendum,
1572 2329 1838 2368 Componendum,
1855 2331 1888 2361 δε
1903 2329 2168 2368 Concordandum,

1353 2368 1398 2399 Ac
1420 2369 1503 2398 etiarn
1523 2369 1557 2399 ad
1574 2377 1660 2398 certas
1679 2368 1822 2407 Treugas,
1840 2369 1913 2399 inter
1933 2368 1998 2398 Nos
2020 2370 2053 2399 &
2077 2369 2168 2407 ipsum
2191 2369 2372 2407 Consangui-

1315 2416 1400 2437 neum
1416 2407 1543 2436 nostrum
1560 2407 1636 2436 initas
1652 2406 1684 2436 ὃς
1699 2407 1902 2445 concordatas,
1919 2407 1952 2437 ad
1964 2407 2136 2437 Terminum
2151 2408 2290 2446 aliquem,
2303 2408 2370 2446 jux-

1317 2455 1346 2475 ta
1367 2445 1509 2475 dictorum
1529 2444 1798 2475 Commissariorum
1821 2445 1984 2476 nostrorum
2007 2445 2223 2484 discretionem,
2239 2456 2271 2477 ac
2289 2453 2374 2484 prout

1318 2484 1355 2513 eis
1371 2484 1436 2514 utile
1452 2485 1483 2513 &
1501 2484 1648 2523 expediens
1661 2484 1721 2515 fore
1735 2484 1888 2521 videbitur,
1905 2482 2138 2522 prorogandum,

1356 2521 1411 2553 Seu
1426 2521 1634 2560 aliasTreugas,
1652 2521 1795 2552 Prioribus
1810 2521 1969 2562 supradietis
1984 2522 2136 2553 similesseu
2151 2521 2311 2561 diffimiles,
2331 2523 2376 2552 in-

1319 2568 1361 2590 ter
1377 2560 1444 2591 Nos
1459 2562 1491 2591 &
1510 2561 1657 2598 praefatum
1675 2559 1923 2600 Consanguineum
1949 2560 2092 2598 nostrum,
2107 2571 2159 2600 pro
2178 2561 2297 2598 Nobis,
2316 2560 2376 2591 Re-

1319 2600 1396 2636 gnis,
1413 2600 1527 2637 Terris,
1549 2599 1707 2636 Dominiis,
1727 2600 1759 2629 ὅ(
1769 2599 1893 2629 Subdiris
1906 2599 2024 2636 nostris,
2039 2601 2071 2630 &
2086 2598 2223 2638 utriusque
2232 2597 2376 2636 nostrum,

1320 2638 1370 2667 sub
1387 2637 1501 2674 Modo,
1521 2637 1640 2674 Forma,
1659 2638 1692 2666 ὃ(
1707 2636 1945 2675 Conditionibus,
1961 2637 1994 2667 &
2009 2637 2043 2667 ad
2056 2638 2201 2676 Tempus,
2219 2637 2254 2667 de
2276 2639 2378 2676 quibus

1322 2677 1392 2705 inter
1411 2676 1522 2706 (lictum
1544 2675 1793 2714 Consanguineum
1809 2675 1938 2706 nostrum
1953 2697 1960 2711 ,
1982 2675 2073 2713 ejusve
2093 2675 2327 2713 Commiffirios,
2345 2686 2379 2706 ac

1324 2714 1452 2750 praefatos
1474 2714 1690 2744 Commiuzarssos
1710 2714 1820 2744 nostros
1841 2714 1989 2744 conveniri
2013 2714 2046 2744 &
2065 2715 2234 2745 concordari
2257 2715 2380 2752 poterit,

1324 2752 1483 2783 Iucundum
1493 2776 1502 2789 ,
1518 2751 1778 2789 Concordandum,
1793 2754 1827 2784 &
1841 2752 2103 2790 Concludendum,

1366 2790 1494 2821 Necnon
1509 2791 1542 2820 ad
1550 2791 1747 2820 Traecandum
1764 2792 1796 2821 ὅ(
1811 2790 2094 2821 Communicandum
2109 2800 2177 2821 cum
2186 2790 2288 2821 eodem
2299 2789 2384 2820 Con-

1325 2831 1476 2867 sanguineo
1490 2829 1606 2867 nostro,
1624 2829 1715 2865 ejusve
1740 2828 1964 2866 Commissariis,
1981 2828 2016 2859 de
2036 2830 2068 2860 &
2089 2828 2167 2865 super
2190 2829 2284 2858 Finale
2305 2827 2381 2859 Pace

1326 2869 1359 2898 ὅτ
1378 2866 1530 2905 Perpetua,
1547 2877 1593 2906 per
1616 2866 1715 2898 Media
1741 2877 1946 2905 quaecumque,
1964 2875 2088 2905 congrua
2108 2868 2141 2898 &
2158 2867 2292 2904 honesta,
2315 2876 2381 2905 quae

1327 2906 1432 2936 Pacem
1442 2907 1608 2943 Perpetuam
1623 2906 1782 2943 hujusmodi
1792 2905 1971 2935 verisimiliter
1980 2905 2110 2935 inducere
2119 2906 2294 2942 poterunt&
2309 2914 2380 2935 con-

1326 2944 1429 2975 servare
1445 2954 1560 2982 quoquo
1575 2943 1663 2973 modo
1673 2967 1683 2980 ,
1702 2944 1773 2973 inter
1787 2943 1853 2972 Nos
1890 2943 2004 2981 Resona,
2019 2943 2136 2981 Terras,
2157 2943 2296 2973 Domini-a
2306 2966 2315 2981 ,
2332 2944 2382 2974 Li-

1328 2991 1413 3020 geos,
1432 2984 1463 3012 &
1480 2983 1613 3012 Subditos
1627 2981 1752 3019 nostros,
1772 2982 1805 3012 &
1821 2966 1910 3018 ipsum
1931 2966 2112 3011 &ariminum
2132 2981 2383 3020 Conffinguineum

1329 3019 1458 3050 nostrum
1475 3024 1568 3057 Regem
1579 3023 1729 3057 Scotorum,
1747 3020 1897 3058 Regnum,
1914 3020 2031 3057 Terras,
2051 3018 2208 3059 Dominia,
2224 3020 2383 3059 Lige0s‚&

1330 3058 1465 3088 Subditos
1478 3060 1540 3088 suos
1556 3057 1719 3088 Obtinenda
1735 3057 1769 3087 &
1784 3057 1957 3095 Firmanda,

1367 3095 1533 3133 Caeteraque
1550 3097 1647 3126 omnia
1663 3097 1695 3126 ὃ(
1711 3095 1812 3134 lingula
1827 3096 1998 3126 Faciendum
2009 3119 2018 3135 ,
2034 3095 2266 3134 Excercendum,
2286 3097 2317 3127 ὅ(
2329 3097 2386 3127 Ex-

1329 3134 1498 3172 pediendum
1508 3157 1518 3173 ,
1536 3144 1600 3173 quic
1614 3135 1643 3163 in
1656 3134 1845 3165 Praemiffis&
1858 3135 1932 3164 circa
1943 3144 1973 3164 ea
1981 3133 2130 3165 necessaria
2143 3135 2244 3165 fuerint
2259 3135 2302 3165 seu
2313 3145 2386 3173 quo-

1332 3173 1487 3204 modolibet
1503 3182 1641 3210 oportuna
1652 3196 1661 3208 ,
1681 3173 1765 3202 etiam
1780 3174 1799 3203 fi
1816 3171 1986 3202 Mandatum
2000 3173 2109 3211 exigant
2123 3175 2208 3212 magis
2222 3174 2355 3211 speciale,

1372 3213 1585 3248 promittentes,
1601 3212 1630 3240 in
1650 3210 1749 3240 Verbo
1766 3211 1879 3249 Regio,
1897 3210 1965 3240 Nos
1979 3211 2102 3248 Ratum,
2123 3211 2245 3242 Gratum
2257 3234 2266 3250 ,
2285 3213 2387 3243 &Fir-

1334 3260 1416 3283 mum
1430 3251 1573 3280 habituros
1590 3250 1722 3286 quicquid
1740 3259 1788 3286 per
1799 3249 1892 3279 dictos
1907 3248 2124 3279 Commiffarios
2137 3252 2168 3280 ὃς
2186 3249 2218 3279 N
2223 3251 2320 3280 u.1ci0s
2335 3261 2388 3282 no-

1334 3293 1422 3326 flros,
1437 3290 1508 3325 Sex,
1528 3288 1681 3325 Quinque,
1702 3287 1850 3326 Quatuor,
1870 3288 1964 3325 Tres,
1982 3297 2026 3318 aut
2041 3287 2124 3318 Duos
2146 3288 2331 3326 eorumdem,
2348 3289 2389 3320 A-

1338 3330 1420 3359 etum
1437 3327 1491 3356 sive
1507 3325 1630 3356 Gestum
1643 3326 1724 3356 fuerit
1741 3327 1767 3355 in
1784 3325 1935 3356 Praemiffis
1948 3327 1992 3356 seu
2004 3326 2097 3362 aliquo
2114 3325 2333 3357 Praemiflbrum.

1371 3366 1405 3397 In
1421 3366 1499 3404 cujus
1511 3365 1550 3395 rei
1565 3363 1781 3394 Testimonium
1801 3364 1848 3394 has
1873 3363 1978 3394 Literas
1998 3364 2103 3394 nostras
2123 3363 2181 3395 fieri
2204 3364 2323 3395 fecimus
2338 3365 2392 3396 Pa-

1336 3414 1434 3436 tentes.

1374 3441 1462 3472 Teste
1476 3437 1622 3479 Humfrido
1637 3443 1711 3469 Duce
1725 3439 1895 3479 Glaucestriae
1909 3439 2035 3470 Custode
2050 3440 2160 3479 Angliae
2182 3442 2253 3471 aoud
2266 3440 2392 3480 lVejslmo-

1337 3481 1498 3551 fferam,
1516 3479 1642 3509 Decimo
1659 3479 1775 3516 Quinto
1797 3478 1856 3509 Die
1871 3478 2068 3517 Novembris,
2087 3483 2174 3509 Anno
2189 3479 2283 3518 Regni
2303 3480 2393 3511 nostri

1376 3530 1445 3550 ono.

1788 3565 1842 3592 Per
1858 3566 1950 3594 Breve
1963 3564 1994 3594 de
2009 3566 2127 3594 Privato
2141 3563 2238 3602 Sigillo.

2069 3639 2113 3671 W
2130 3650 2148 3670 Y
2169 3648 2196 3670 M
2217 3650 2235 3670 B
2255 3650 2274 3670 v
2295 3649 2308 3670 s
2327 3649 2359 3670 H.

1381 3708 1452 3739 Satis
1468 3707 1571 3747 liquet,

1383 3785 1414 3815 T
1427 3791 1444 3814 ε
1457 3793 1469 3814 s
1481 3791 1504 3813 τ
1515 3793 1534 3813 Α
1547 3791 1570 3812 T
1579 3791 1602 3813 υ
1614 3791 1636 3813 R
1647 3807 1656 3820 ‚
1673 3782 1751 3822 quod
1765 3783 1893 3823 praedicti
1919 3783 2113 3815 Cornrnissarii
2122 3808 2131 3823 ,
2147 3786 2175 3815 in
2191 3785 2258 3816 Vim
2277 3785 2404 3818 Potesta-

1348 3833 1410 3854 tum
1433 3824 1466 3853 &c
1489 3821 1753 3860 Commiffionum,
1777 3823 1816 3852 eis
1841 3833 1889 3860 per
1906 3823 2055 3861 praediCtos
2080 3822 2175 3860 Reges
2194 3825 2406 3864 attributarum,

1356 3939 1389 3968 ὃς
1403 3937 1577 3967 Guerrarum
1594 3936 1798 3974 Abstinentias,
1815 3937 1859 3967 seu
1874 3936 2071 3974 Sufferentias3
2088 3939 2231 3976 videlicet,

1397 3974 1448 4005 Per
1470 3975 1590 4005 Terram
1612 3975 1809 4012 particulares,
1824 3975 1972 4005 occasione
1995 3975 2221 4015 Exceptionum,
2245 3978 2281 4008 ab
2299 3985 2413 4017 utraque

1360 4014 1483 4045 Partium
1493 4035 1502 4049 ,
1521 4022 1604 4051 prout
1622 4014 1734 4043 inferius
1748 4013 1910 4043 describitur
1925 4014 2059 4044 factarum
2070 4036 2079 4051 ,

1400 4051 1437 4082 Et
1453 4061 1501 4089 per
1523 4051 1605 4081 Mare
1620 4051 1789 4089 Generales,

1402 4089 1459 4120 Pro
1473 4089 1555 4121 dietis
1568 4089 1711 4128 Regibus,
1727 4099 1882 4128 eorumque
1896 4088 2084 4128 Haeredibus,
2101 4090 2135 4122 &
2147 4089 2417 4160 Succefforibuskac

2395 4139 2426 4161 e-

1866 4127 1894 4158 Y

2378 1840 2393 1856 *
2405 1835 2478 1872 X.48

2483 1844 2496 1855 „

2485 1856 2510 1875 ,.
