2562 4274
224 84 302 111 100

85 156 162 186 Ann.
176 154 216 184 D.

105 203 191 231 1419.

687 58 1495 107 CONVENTIONES,
1551 57 1940 114 LITERAE,

2415 147 2493 180 Arm.
2505 148 2551 179 D.-

2445 197 2530 228 1419.

84 237 149 260 Heu.
170 241 197 267 5·
230 240 257 266 ἈΕ
288 243 337 274 De
360 236 531 272 Trafiando
550 237 642 282 saper
665 234 853 282 Sponshlibus
871 264 881 281 ‚
917 240 996 268 inter
1020 240 1142 271 Ducem
1170 234 1296 279 Bedfor-
1339 240 1388 272 De
1407 235 1579 271 Traelando
1589 237 1680 284 ficper
1699 241 1904 273 Matrimonia
1918 265 1927 281 ,
1953 241 2031 271 inter
2049 226 2168 273 Ducem
2187 237 2348 285 Bedfordiae
2361 243 2399 279 ὠ
2419 233 2482 256 Hm.
2502 236 2533 263 5·

83 270 103 289 ²*
124 272 175 298 IX.

83 317 149 344 7¹0·

80 446 133 471 An.
151 443 179 470 6.

80 485 116 510 Η.
133 491 159 515 5-

80 523 166 547 franc.
185 518 201 544 6

80 562 116 585 H.
132 566 160 593 5.
176 566 201 584 m

84 604 107 624 Ι.

77 3049 166 3075 ⁶1x.

80 3096 144 3123 7¹¹·

282 289 334 322 dia
366 291 402 325 ῤ’
433 287 544 319 Filiam
570 287 693 317 unicam
723 287 824 320 Ducis
854 282 1104 329 Nurenburierfis
1123 311 1134 327 ‚
1175 294 1295 317 contra·

284 335 397 370 hendis.

233 420 353 479 REX
370 422 534 460 Omnibus,
553 422 587 454 ad
601 434 691 463 quos,
709 425 770 456 &c.
789 423 925 456 Salutem.

329 460 546 493 Considerantes
568 463 602 494 &
627 472 755 494 recenter
770 463 801 493 in
820 463 961 492 memoria
976 462 1125 492 retinentes
1139 460 1294 491 exuberan-

230 500 264 529 tis
280 499 425 531 Amicitiae
437 500 469 531 &
487 500 650 532 Fraternalis
665 502 779 533 Amoris
799 501 1017 538 pulcritudinem
1027 524 1036 536 ,
1054 508 1119 537 quse
1140 500 1227 536 inter,
1243 499 1295 529 Se-

229 537 406 568 reniffimum
427 537 590 578 Principem
603 563 613 578 ,
643 543 696 578 Sigi
711 540 839 570 mundum
862 543 1043 570 Romanorum
1062 541 1158 575 Regem
1185 540 1294 577 semper

207 575 390 616 ‘Augustum
405 601 415 616 ,
441 577 627 617 Fratremque
646 589 684 609 no
711 589 775 610 rum
799 578 1032 616 praecariffimum
1045 601 1056 614 ,
1078 576 1238 614 Terrasque
1260 576 1295 606 δε

228 615 368 646 Dominia
387 616 446 655 sua,
466 617 501 647 &
525 619 602 655 Nos,
619 627 651 647 ac
673 617 806 649 Domum
824 617 954 656 Angliae,
969 614 1146 653 Terrasque,
1165 616 1198 647 &
1226 614 1294 645 Do-

228 656 312 684 minia
325 654 437 692 nostra,
456 656 549 695 viget,
567 666 600 686 ac
614 656 774 695 Alligantias
788 655 992 686 indissolubiles
1015 655 1087 685 inter
1107 654 1197 692 ipsum
1220 663 1293 694 prae-

226 692 398 724 carissimum
420 694 546 725 Fratrem
569 694 697 725 nostrum
723 696 756 726 δε
779 695 915 726 Subditos
938 694 1073 733 Imperii,
1095 702 1129 724 ac
1152 691 1241 731 Nos,
1259 693 1293 724 &

225 732 362 763 Subditos
375 732 502 771 nostros,
519 735 598 765 initas
613 735 646 766 &
663 733 838 771 contrastaS,

263 770 456 810 Volentesque
480 772 599 803 eandem
624 773 788 803 Amicitiam
812 773 843 802 &
866 770 1056 802 Fraternaletn
1080 770 1294 808 Dssecstionem,

223 817 275 848 per
289 810 435 850 Sanguinis
451 811 484 841 δε
501 811 655 843 Parentelae
670 812 974 850 Approximationem,
990 809 1170 840 affectuosius
1191 816 1292 847 perpe-

224 857 318 885 tuate,

262 886 410 918 Dilestum
426 888 458 919 &
475 887 586 919 fidelem
604 888 731 919 Militem
750 888 896 924 nostrum,

224 924 360 956 dile¹stum
377 925 524 957 Clericum
539 927 687 965 nostrum,
709 926 881 965 Magistrum
896 926 1042 955 Ricardum
1059 926 1156 968 xLeyot
1178 923 1204 954 L
1242 933 1292 954 um

223 964 411 1001 Doc‘Iorem,
428 975 461 995 ac
477 964 628 995 Decanum
652 965 788 995 Ecclenae
810 963 984 994 Car'nedralis
1007 962 1183 999 Aslavensis,
1241 973 1293 993 un·-

224 1004 304 1041 cios,
323 1003 541 1033 Commiliarios
575 1006 608 1035 δε
628 1003 848 1034 Ambaffiatores
874 1002 1003 1040 nostros,
1022 1001 1142 1033 Tenore
1164 1001 1292 1032 Praesen-

224 1043 314 1079 tium,
335 1041 530 1078 Deputamus,
549 1027 696 1079 Facimus,
715 1043 747 1072 ἃ
765 1041 956 1079 Ordinamus,
1005 1079 1010 1084 ,

260 1079 366 1109 Dantes
380 1081 413 1111 &
427 1079 632 1112 Concedentes
646 1081 750 1111 eisdem
765 1081 799 1112 &
811 1089 916 1111 eorum
935 1080 1028 1117 alteri,
1046 1077 1220 1109 Potestatem
1239 1087 1289 1118 ge-

225 1119 348 1148 neralem
359 1141 367 1157 ,
385 1119 419 1149 &
434 1118 605 1150 Mandatum
620 1120 752 1158 speciale,
771 1118 805 1150 ad
820 1118 1017 1155 Praesentiam,
1035 1117 1184 1156 Magnifici
1207 1116 1293 1148 Prin-

225 1158 310 1196 cipis,
328 1157 463 1187 Frederici
477 1161 630 1196 Burgravii
646 1157 892 1199 Nurburginenfis,
911 1157 1022 1188 Subditi
1044 1157 1078 1188 &
1098 1155 1203 1187 Affinis
1221 1157 1291 1188 dicti

223 1196 324 1227 Fratris
338 1196 545 1235 praecarisfimi,
563 1197 589 1228 se
602 1197 824 1236 transportandi,

261 1235 306 1266 Ac
330 1245 428 1265 coram
449 1246 504 1274 eo,
529 1236 574 1267 seu
599 1235 810 1266 Commissariis
832 1234 879 1267 vel
901 1234 1053 1272 Deputatis
1073 1233 1214 1273 ejusdem,
1237 1243 1290 1266 no-

224 1272 308 1304 stram
328 1273 514 1304 Voluntatem
529 1276 562 1306 &
577 1273 770 1305 Intentionem
785 1275 904 1305 nomine
919 1272 1017 1303 nostro
1029 1272 1197 1304 declarandi.

260 1312 305 1343 Ac
331 1312 367 1342 de
391 1312 572 1351 Sponsalibus
598 1313 644 1343 seu
664 1313 856 1344 Matrimonio
870 1336 880 1350 ,
906 1313 979 1342 inter
994 1335 1004 1349 ,
1029 1311 1161 1343 inclitum
1181 1312 1291 1343 Princi-

221 1360 288 1388 pem
303 1375 313 1389 ,
341 1350 502 1389 Johannem
517 1355 619 1382 Ducem
639 1351 813 1392 Bedfordiae,
840 1349 1002 1382 Custodem
1021 1350 1055 1381 &
1075 1350 1292 1382 Locumtenen-

222 1398 284 1419 tem
304 1389 434 1420 nostrum
452 1390 564 1429 Angliae
584 1415 594 1428 ,
620 1391 745 1421 Fratrem
764 1390 895 1421 nostrum
921 1387 1096 1420 carissimum
1114 1412 1123 1428 ,
1147 1390 1182 1421 &
1204 1385 1290 1420 filiam

223 1430 337 1459 unicam
357 1430 391 1460 ὃ(
409 1428 566 1460 Haeredem
586 1429 666 1466 ipsius
687 1429 840 1466 Frederici,
864 1427 961 1459 divina
980 1427 1128 1465 inspirante
1152 1427 1292 1459 Clemen-

222 1467 260 1498 tia
278 1491 287 1505 ,
311 1467 529 1506 contrahendis,
557 1468 732 1507 Trafflnffi,
758 1467 990 1505 Interloquendi,
1015 1467 1049 1498 &
1068 1465 1291 1506 concludendi,

222 1506 321 1536 talibus
347 1506 439 1536 modis
464 1507 498 1537 &
524 1508 623 1537 formis
642 1507 743 1544 quibus
762 1506 844 1538 dictis
862 1505 965 1536 nostris
986 1505 1239 1537 Ambaffiatoribus
1257 1507 1291 1538 &

221 1554 323 1575 eorum
344 1546 420 1575 alteri
440 1545 579 1575 videbitur
597 1545 743 1584 expedire,

260 1583 388 1614 Necnon
405 1584 438 1614 ad
457 1583 628 1615 Faciendum
647 1584 680 1614 δε
696 1582 914 1622 Expediendum
931 1583 1029 1613 omnia
1043 1582 1078 1614 δε
1092 1582 1214 1622 singula,
1226 1593 1291 1622 quae

222 1624 251 1652 in
270 1621 438 1660 mernfflis,
457 1622 501 1653 seu
518 1624 593 1653 circa
609 1633 659 1661 ea,
678 1622 712 1653 δε
727 1632 796 1653 cum
810 1622 861 1652 suis
880 1622 1086 1660 incidentibus,
1104 1621 1292 1660 dependenti-

221 1663 292 1698 bus,
309 1662 341 1692 δε
358 1662 512 1698 connexis,
530 1661 681 1691 necessaria
693 1660 795 1692 fuerint
811 1660 866 1690 five
890 1660 1112 1698 quomodolibet
1130 1670 1271 1697 oportuna
1282 1685 1291 1699 ,

222 1701 304 1731 eriam
329 1699 346 1728 si
371 1698 539 1730 Mandatum
562 1701 673 1739 exigant
695 1700 783 1740 magis
797 1698 914 1737 speciale
927 1699 1015 1738 quam
1027 1699 1143 1737 aliquod
1159 1698 1292 1730 Praemis-

220 1741 333 1775 lorum,
350 1740 383 1769 ὅ(
401 1748 465 1777 quae
480 1738 549 1769 Nos
561 1739 610 1777 ipsi
628 1739 720 1770 facere
734 1739 891 1777 poterimus
904 1738 923 1769 fi
948 1737 1128 1777 personaliter
1150 1738 1292 1770 interesse-

220 1786 304 1814 mus,

258 1814 298 1845 Et
319 1813 536 1854 promittimus,
561 1817 589 1847 in
611 1815 690 1847 bona
713 1814 785 1854 fide,
812 1814 881 1846 Nos
902 1813 1030 1853 Ratum,
1057 1815 1201 1854 Gratum,
1230 1815 1293 1846 Fir-

220 1862 320 1890 mum,
339 1854 371 1883 &
386 1853 509 1892 Stabile,
529 1856 667 1893 perpetuis
683 1855 881 1893 temporibus,
891 1854 1034 1885 habituros
1051 1863 1146 1885 totum
1162 1855 1195 1885 &
1211 1856 1292 1894 quic-

220 1892 288 1929 quid
308 1892 376 1922 ditsli
399 1892 620 1924 Ambaffiatores
641 1895 676 1926 &
702 1894 801 1924 nuncii
818 1893 923 1932 nostri,
940 1893 985 1924 seu
1004 1903 1107 1924 eorum
1121 1893 1205 1930 alter,
1223 1904 1292 1931 ege-

219 1931 293 1969 rint,
309 1930 354 1960 vel
368 1933 475 1969 egerit,
493 1933 521 1961 in
537 1931 689 1963 Praemiffis
702 1932 747 1963 seu
763 1932 859 1971 aliquo
882 1931 1117 1969 Praemifforum,
1136 1931 1185 1962 sub
1209 1932 1292 1971 Ypo-

217 1976 280 2000 teca
293 1969 326 2000 &
339 1969 524 2011 Obligatione
536 1972 670 2003 omnium
685 1971 834 2003 Bonorum
848 1970 1013 2002 nostrorum
1022 1994 1032 2010 ,
1047 1969 1226 2009 praesentium
1235 1995 1244 2010 ,
1257 1972 1290 2003 &

217 2006 390 2039 futurorum.

251 2045 288 2078 In
305 2048 384 2081 cuius
400 2048 439 2078 rei
453 2047 671 2079 Testimonium
686 2048 733 2078 has
750 2047 869 2080 Litteras
885 2047 994 2079 nostras
1011 2047 1143 2080 Patentes
1164 2048 1239 2088 fieri,
1258 2049 1292 2080 &

219 2084 322 2124 Magni
334 2086 422 2124 Sigilli
437 2086 527 2116 nostri
548 2088 710 2117 munimine
724 2087 842 2125 fecimus
853 2087 1023 2125 consignari.

257 2124 324 2155 Dat.
344 2126 375 2156 in
391 2125 502 2156 Palatio
518 2129 597 2165 Regis
616 2125 842 2165 Westmonasterii
858 2126 977 2157 decimo
990 2125 1098 2157 odlavo
1112 2125 1160 2157 die
1184 2124 1293 2157 Martii.

916 886 1079 925 Johannem
1094 885 1226 923 colville‚
1239 895 1272 916 ac
1281 909 1291 923 ,

934 2205 989 2233 Per
1007 2202 1159 2234 Concilium.

222 2329 271 2360 De
286 2326 457 2362 Traflando
472 2328 562 2373 fitper
579 2330 787 2361 Matrimonia
799 2355 808 2370 ‚
835 2332 913 2360 inter
932 2330 1050 2362 Ducem
1069 2327 1232 2373 Bedfhrdiae
1252 2332 1290 2367 ἔφ’

343 2376 456 2409 Filiam
473 2380 596 2409 unicam
615 2380 715 2411 Ducis
735 2379 927 2423 Lotoringiae,
953 2375 1161 2412 contrahendo.

201 2498 206 2504 .
227 2459 345 2516 REX
361 2460 524 2499 Omnibus,
541 2461 576 2491 ad
590 2471 677 2500 quos,
695 2463 759 2494 &c.
777 2462 914 2493 Salutem.

325 2499 519 2530 Deliderantes
538 2500 714 2531 parentelam
725 2525 734 2538 ,
754 2511 838 2540 quae,
856 2502 976 2539 antiquis
989 2502 1184 2542 temporibus,
1202 2503 1292 2541 viguit

161 2537 181 2580 ι’
223 2537 294 2567 inter
319 2538 429 2567 inclitos
452 2538 649 2577 progenitores
669 2539 782 2569 nostros
804 2540 838 2570 &
861 2539 1059 2579 Progenitores
1076 2565 1086 2577 ,
1119 2541 1232 2571 illustris
1256 2543 1290 2572 &

223 2575 364 2615 magnifici
390 2574 541 2614 Principis,
560 2580 643 2606 Ducis
665 2580 848 2615 Lotoringiae,
873 2577 1084 2618 Consanguinei
1107 2578 1213 2618 nostri,
1240 2588 1291 2617 per

151 2613 156 2618 '
170 2653 176 2658 ¹
221 2613 369 2651 Sanguinis
382 2616 653 2652 approximationem
667 2625 805 2646 renovare
814 2639 824 2654 ,

261 2652 311 2683 De
331 2652 477 2690 fidelitate,
495 2653 770 2692 circumspectione,
790 2656 824 2685 &
848 2654 998 2692 industria,
1027 2654 1124 2686 dilecti
1146 2655 1179 2686 &
1204 2653 1292 2685 fidelis

225 2691 329 2722 Militis
343 2690 454 2729 nostri,
472 2690 612 2729 Johannis
630 2691 765 2729 Cale-ille,
785 2694 836 2730 &,
855 2693 951 2723 dilesti
966 2693 1074 2724 Clerici
1096 2693 1204 2730 nostri,
1227 2693 1292 2723 Ma-

223 2729 302 2768 gistri
319 2730 429 2759 Ricardi
450 2733 537 2771 Leyot
554 2730 668 2767 Legum
685 2729 840 2768 Doctoris,
859 2740 892 2761 ac
908 2731 1021 2762 Decani
1035 2731 1173 2763 Ecclesiae
1186 2731 1293 2762 Cathe-

223 2769 305 2799 dralis
320 2768 491 2806 Affavenfis,
512 2768 635 2806 plenarie
651 2768 843 2807 confidentes,

262 2806 338 2846 Ipsos
355 2807 506 2845 Nuncios,
524 2806 758 2845 Commillarios,
776 2809 810 2839 &
829 2807 1069 2848 Ambassiatores,
1086 2808 1205 2839 Tenore
1215 2808 1292 2839 Prae-

223 2847 344 2878 sentium
360 2845 554 2883 Deputamus,
572 2845 691 2876 facimus
727 2848 760 2876 ὅ(
773 2845 955 2884 ordinamus,

262 2884 371 2915 Dantes
386 2885 418 2915 &
434 2883 636 2916 Concedentes
651 2869 754 2915 eisdem
769 2885 803 2916 δι’.
816 2895 918 2916 eorum
933 2886 1029 2924 alteri,
1048 2884 1224 2916 Potestatem
1242 2894 1293 2923 ge-

225 2922 367 2966 neralem,
384 2922 604 2991 &S‘Mandatum
624 2923 758 2963 speciale,
777 2923 812 2954 ad
834 2923 1008 2963 praesentiam
1022 2923 1139 2964 praefati
1158 2927 1243 2955 Ducis
1265 2924 1294 2955 se

225 2966 295 2994 trani
318 2971 397 2992 ortan
419 2972 427 2991 i

267 2972 316 3032 AS
330 3009 398 3031 cum
421 2985 509 3030 ezdem
530 3003 623 3037 Duce,
641 3000 686 3031 seu
702 2999 929 3038 Commiffariis,
947 3009 994 3032 aut
1015 3000 1165 3040 Deputatis
1187 3001 1237 3032 suis
1257 3000 1293 3031 de

227 3039 404 3077 sponsalibus
427 3040 445 3058 ³*
467 3039 513 3069 seu
533 3038 740 3077 Matrimonio,
757 3040 846 3076 inter,
874 3040 1006 3071 inclitum
1032 3039 1216 3080 Principem,
1243 3041 1294 3077 Jo-

226 3076 343 3108 hannem
356 3081 458 3108 Ducem
473 3075 646 3117 Bedfhrdiae,
665 3077 826 3110 Custodem
839 3079 871 3109 &
883 3078 1144 3110 Locumtenentem
1161 3078 1291 3109 nostrum

229 3117 341 3155 Angliae
358 3140 367 3153 ,
394 3116 519 3147 Fratrem
544 3115 675 3146 nostrum
697 3116 869 3147 carissimum
886 3139 895 3155 ,
921 3119 955 3149 &
980 3117 1078 3148 Filiam
1102 3117 1233 3148 Unicam
1259 3118 1292 3148 ὃ(

227 3154 382 3185 Haeredem
401 3154 478 3195 ipfius
501 3158 585 3184 Ducis
604 3157 771 3193 Lotoringiae
787 3179 796 3193 ‚
823 3155 919 3185 divina
941 3155 988 3185 ins
1003 3157 1090 3186 irante
1112 3154 1293 3194 Clementia,

227 3193 441 3231 contrahendis,
459 3192 884 3231 Tractandi,1nter10quendi,
910 3194 942 3223 &
993 3193 1167 3224 oncludendi
1194 3194 1293 3225 talibus

228 3232 321 3261 modis
344 3233 377 3262 ὃς
398 3232 498 3262 formis
518 3233 619 3270 quibus
637 3231 719 3262 dietis
742 3231 842 3262 nostris
855 3231 1124 3270 Ambaffiatoribus‚
1141 3233 1175 3264 &
1191 3242 1293 3263 eorum

231 3270 325 3308 alteri,
343 3269 483 3300 videbitur
496 3270 646 3309 expedire,

269 3307 399 3339 Necnon
411 3308 443 3337 ad
465 3308 635 3339 Faciendum
650 3309 683 3340 δε
698 3307 913 3345 Expediendum
931 3309 1028 3339 omnia
1043 3309 1076 3339 δε
1091 3307 1209 3346 singula,
1231 3318 1294 3346 quae

230 3349 260 3379 'm
276 3345 443 3384 Praemiffis,
459 3346 503 3377 seu
516 3348 592 3377 circa
603 3357 652 3384 ea,
670 3348 704 3378 ὃ(
718 3357 786 3377 cum
809 3348 860 3378 suis
884 3346 1092 3384 Incidentibus,
1111 3346 1295 3384 dependenti-

229 3386 301 3423 bus,
318 3386 352 3415 &
366 3386 519 3423 connexis,
537 3385 686 3416 necessaria
697 3385 799 3416 fuerint
814 3385 870 3416 sive
893 3384 1113 3423 quomodolibet
1134 3395 1154 3415 o
1196 3395 1296 3424 rtuna,

230 3425 315 3454 ctiam
332 3423 351 3454 fi
370 3422 541 3453 Mandatum
555 3425 666 3467 exigant
681 3425 768 3463 magis
783 3424 898 3462 speciale
914 3425 1000 3493 poam
1023 3423 1058 3454 ali
1081 3423 1138 3467 uod
1157 3463 1162 3467 ·
1188 3425 1299 3453 raemis-

231 3463 346 3500 sorum,
364 3462 395 3492 &
411 3471 474 3500 quae
488 3462 557 3492 Nos
568 3464 617 3500 iph
629 3463 720 3493 facere
737 3464 892 3503 poterimus
924 3474 934 3494 1
953 3462 1071 3501 persona
1081 3471 1132 3493 iter
1155 3462 1296 3493 interesse-

234 3511 315 3569 unffi,
328 3537 545 3582 promittimus,
571 3539 599 3568 in
620 3538 696 3569 bona
721 3538 791 3576 fide,
815 3539 886 3569 Nos
907 3538 1017 3584 Rarum
1030 3561 1041 3578 ,
1062 3538 1187 3570 Gratum
1204 3562 1214 3577 ,
1237 3538 1297 3584 Fir-

237 3587 337 3615 mum,
356 3578 387 3607 &
403 3576 524 3612 Stabile,
539 3585 678 3614 perpetuis
693 3579 887 3616 temporibus,
904 3577 1048 3609 habituros
1060 3586 1155 3609 totum
1171 3578 1206 3609 &
1218 3588 1298 3616 quic-

235 3616 303 3653 quid
317 3616 388 3646 dicti
407 3615 625 3646 Ambaffiatores
636 3615 669 3645 &
686 3614 798 3646 Nuncii
814 3616 921 3654 nostri,
940 3617 987 3646 seu
1005 3626 1106 3646 eorum
1129 3617 1213 3654 alter,
1229 3626 1298 3654 ege-

236 3656 308 3691 rint,
328 3655 371 3684 vel
428 3655 497 3691 erit,
516 3654 545 3683 in
566 3652 736 3691 praemissis,
754 3654 799 3685 seu
820 3654 915 3692 aliquo
942 3654 1175 3694 Praemiflorum,
1189 3655 1239 3685 sub
1253 3655 1297 3686 Y-

236 3702 336 3729 poteca
353 3662 590 3731 &essbligatione
604 3691 747 3723 Omnium
763 3691 911 3724 Bonorum
926 3692 1109 3733 nostrorum,
1118 3693 1296 3733 praesentium

237 3732 269 3761 &
287 3731 456 3761 futurorum.

277 3767 309 3798 ln
325 3770 419 3807 cujus,
437 3770 505 3807 ὅτε..

311 3804 378 3838 Dat.
396 3816 427 3839 ut
439 3807 525 3846 supra.

921 3844 974 3875 Per
987 3843 1138 3876 concilim.

1425 287 1565 333 aliquam
1586 287 1840 335 Consknguineam
1859 289 2074 333 Imperatoris,
2099 287 2314 322 Contrahemlo.

1341 372 1461 430 REX
1475 373 1640 413 Omnibus,
1655 374 1690 406 ad
1703 385 1792 414 quos,
1809 378 1871 408 διε.
1891 376 2028 409 Salutem.

1438 411 1655 443 Considerantes
1673 414 1707 444 &
1729 424 1855 445 recenter
1870 417 1897 446 in
1914 417 2052 448 memoria
2064 416 2215 447 retinentes
2227 417 2402 448 exuberantis

1337 451 1470 482 amicitiae
1483 451 1517 482 &
1532 451 1683 483 fraternalis
1695 454 1799 483 amoris
1813 454 2055 494 Pulcritudinem,
2072 464 2137 494 quae
2152 455 2242 493 inter,
2256 455 2401 487 Sereniffi-

1340 498 1422 520 mum
1448 490 1630 528 Principem,
1653 490 1846 530 Sigxflnundum
1865 496 2044 525 Romanorum
2061 496 2158 532 Regem
2174 493 2282 533 semper
2298 494 2401 532 Augu-

1338 525 1431 567 stum,
1448 528 1577 560 Fratrem
1597 527 1726 559 nostrum
1749 531 1998 572 praecariffimum,
2015 532 2190 571 Terrasque,
2207 532 2240 563 &
2265 531 2402 564 Dominia

1337 565 1400 610 sua,
1419 569 1453 599 &
1465 569 1542 605 Nos,
1559 577 1593 598 ac
1607 566 1742 611 Domum
1759 569 1891 608 Angliae,
1908 571 2066 610 Terrasque
2088 571 2122 602 &
2147 570 2287 601 Dominia
2305 571 2403 603 nostra

1338 614 1433 645 Vlget,
1449 616 1483 637 ac
1497 607 1658 646 Alligantias
1673 606 1872 638 indissolubiles
1885 610 1978 640 interi
1998 611 2058 641 sum
2082 609 2316 650 praecariffimum
2338 610 2404 641 Fra-

1339 651 1412 688 trem
1428 644 1576 683 nostrum,
1594 645 1628 676 &
1641 644 1776 676 Subditos
1788 645 1923 685 Imperii,
1941 619 2070 688 acgqos,
2087 649 2121 681 &
2133 648 2266 680 Subditos
2279 648 2402 688 nostros,

1338 685 1417 714 initas
1431 685 1465 715 ὃς
1481 684 1658 720 contractas,
1677 684 1711 714 &
1725 693 1762 714 eo
1777 683 1886 714 firmius
1897 685 2045 717 foederatas
2065 696 2101 718 ex
2120 697 2180 726 quo
2203 687 2296 718 dictus
2317 687 2402 719 Incli-

1338 721 1459 753 tiffimus
1476 722 1572 753 Frater
1586 721 1683 753 noster
1696 721 1927 761 praecariffimus,
1942 723 1978 754 de
1997 725 2043 756 sua
2054 727 2171 763 gratuita
2184 727 2329 764 bonitate,
2346 727 2403 758 So-

1337 762 1397 792 cius
1411 762 1445 793 &
1460 761 1556 792 Frater
1566 760 1682 792 devenit
1697 760 1821 800 Collegii
1835 761 1923 792 nostri
1941 761 2072 793 Militaris
2085 763 2122 794 de
2142 764 2295 803 Garterio,
2312 765 2403 796 Ordi-

1338 809 1405 830 nem
1425 800 1548 838 ejusdem
1571 798 1695 839 Collegii
1719 799 1830 838 nostri,
1853 801 1882 830 in
1907 801 2028 841 Signum
2042 806 2184 840 perpetuae
2201 803 2346 835 Amicitiae
2366 805 2401 836 &

1338 838 1451 869 sincerae
1466 838 1652 870 Fraternitatis
1659 861 1669 877 ,
1689 838 1866 878 profitendo,

1375 877 1567 916 Volentesque
1587 877 1705 908 eandem
1726 877 1895 909 Amicitiam
1918 879 1953 910 ὃς
1973 877 2162 909 Fraternalem
2185 877 2402 920 Dilefflonem,

1337 924 1388 952 per
1411 915 1560 955 Sanguinis
1582 916 1616 947 &
1639 915 1796 948 Parentelae
1820 914 2126 957 Approximationem,
2145 915 2327 949 affe&quus
2341 929 2401 957 per-

1356 962 1451 984 etuare

1336 962 1355 992 p
1373 977 1525 1024 Dilecium
1537 992 1571 1023 &
1586 991 1701 1023 fidelem
1720 991 1846 1024 Militem
1862 994 2008 1032 nostrum,
2025 993 2185 1034 Johannem
2207 993 2341 1034 colevill,
2366 996 2401 1028 &

1334 1029 1474 1062 dilectum
1487 1030 1635 1062 Clericum
1651 1031 1800 1070 nostrum,
1821 1031 1990 1071 Magistrum
2003 1033 2150 1064 Ricardum
2172 1036 2259 1074 Leyot
2287 1034 2312 1064 L
2351 1044 2402 1066 um

1334 1068 1501 1100 DoCtorem
1519 1080 1552 1101 ac
1574 1069 1728 1101 Decanum
1747 1069 1885 1102 Ecclefiae
1906 1070 2082 1103 Cathedralis
2105 1072 2281 1111 Affivenfis,
2348 1081 2402 1104 un-

1334 1109 1416 1148 cios,
1434 1108 1654 1140 Commiffarios
1687 1109 1721 1140 &
1745 1108 1963 1141 Ambaffiatoree
1986 1110 2113 1150 nostros,
2131 1110 2251 1142 Tenore
2275 1111 2403 1143 Praesen⁴

1335 1148 1408 1178 tium
1421 1171 1431 1186 ,
1449 1145 1646 1187 Deputamus,
1661 1131 1811 1185 Facimus,
1830 1149 1864 1179 &
1878 1148 2070 1187 Ordinamus,

1372 1185 1481 1217 Dantes
1503 1188 1536 1218 &
1560 1186 1763 1217 Concedentcs
1784 1186 1907 1225 eisdem,
1931 1189 1965 1219 &
1985 1198 2085 1218 eorum
2105 1187 2198 1224 alteri,
2226 1188 2402 1221 Potestatem

1334 1226 1510 1264 generalem,
1528 1226 1562 1256 &
1580 1225 1751 1256 Mandatum
1767 1225 1897 1264 speciale,
1916 1227 1950 1256 ad
1972 1227 2145 1264 praesentiam
2170 1227 2278 1265 praefati
2297 1239 2402 1269 praeca*

1335 1263 1432 1294 riffimi
1447 1264 1547 1294 Fratris
1562 1264 1648 1295 nostri
1663 1268 1845 1295 Romanorum
1859 1267 1939 1303 Regis
1953 1265 1980 1295 se
1997 1265 2238 1304 Transportandi,

1372 1303 1416 1334 Ac
1433 1313 1532 1334 coram
1546 1303 1774 1339 serenitatem,
1793 1305 1838 1334 seu
1860 1302 2073 1334 Commissariis
2096 1312 2143 1335 aut
2165 1303 2315 1342 Deputatis
2332 1306 2405 1344 ejus-

1335 1340 1420 1379 dem,
1438 1341 1566 1372 nostram
1589 1341 1775 1372 Voluntatem
1797 1342 1831 1373 ὃ(
1854 1342 2067 1381 intentionem,
2085 1344 2326 1375 concernentibus
2344 1354 2406 1374 am-

1335 1380 1500 1417 pliationem
1515 1382 1549 1413 &
1565 1381 1757 1411 extensionem
1772 1380 1936 1412 ulteriorem
1950 1382 1972 1412 F
1974 1391 2091 1412 raternae
2108 1380 2283 1414 Dilectionis
2297 1382 2406 1414 antedi-

1335 1419 1407 1456 ἀπ,
1426 1419 1524 1450 nostro
1539 1421 1660 1450 nomine
1676 1419 1865 1458 Declarandi,

1374 1461 1417 1488 Ac
1439 1458 1475 1490 de
1496 1458 1529 1489 &
1551 1459 1631 1495 super
1652 1459 1879 1497 quibuscumque
1898 1460 1951 1489 viis
1975 1460 2009 1491 δε
2025 1458 2119 1490 modis
2135 1459 2347 1496 ampliationem
2361 1459 2405 1490 di·-

1336 1496 1447 1528 ‹starum
1464 1496 1486 1527 F
1488 1498 1649 1527 raternitatis
1662 1497 1695 1528 &
1713 1498 1861 1529 Amicitiae
1878 1498 2086 1536 respicientibus
2105 1499 2138 1530 &
2156 1498 2269 1529 firmare
2282 1499 2403 1531 valenti-

1336 1535 1405 1573 bus,
1421 1535 1690 1574 communicandi,

1373 1573 1500 1612 Ipsasque
1522 1576 1579 1605 vias
1601 1576 1635 1606 &
1658 1574 1762 1605 modos
1784 1574 1955 1615 Aperiendi‚
1980 1575 2014 1607 ὃ(
2036 1575 2147 1613 Apctiri
2170 1574 2318 1614 audiendi,
2347 1576 2402 1614 &,

1337 1613 1490 1649 praesertim
1511 1623 1545 1644 ac
1567 1614 1595 1643 in
1621 1613 1729 1651 specie,
1748 1614 1823 1644 viam
1847 1613 2077 1653 sponsaliorum,
2094 1613 2139 1644 seu
2156 1613 2338 1645 Matrimonii
2362 1615 2404 1645 in-

1338 1660 1399 1689 ter,
1422 1653 1552 1682 inclitum
1577 1651 1762 1690 Principem,
1786 1651 1946 1690 Johannem
1968 1656 2070 1683 Ducem
2095 1652 2270 1691 Bedfordiae,
2295 1652 2404 1684 Custo-

1337 1689 1403 1720 dem
1420 1691 1453 1721 &
1472 1690 1736 1721 Locumtenentem
1752 1690 1881 1720 nostrum
1907 1691 2037 1729 Angliae,
2056 1691 2182 1722 Fratrem
2204 1691 2334 1723 nostrum
2357 1702 2405 1723 ca-

1338 1728 1478 1759 rissimum
1493 1751 1502 1767 ‚
1531 1730 1564 1759 ὅ(
1583 1729 1704 1767 aliquam
1727 1727 1976 1768 Consanguineam
1995 1729 2103 1768 praefati
2124 1730 2314 1767 praecariffimi
2337 1730 2404 1761 Fra-

1339 1769 1386 1798 tris
1404 1766 1494 1797 nostri
1509 1771 1690 1798 Romanorum
1709 1770 1806 1805 Regis,
1825 1767 1915 1798 Statui
1932 1767 2015 1805 ipsius
2030 1767 2131 1797 Fratris
2143 1767 2232 1798 nostri
2248 1767 2404 1808 Bedfordiae

1338 1815 1566 1845 congruentem,
1583 1805 1681 1837 divina
1695 1807 1843 1844 inspirante
1857 1805 2037 1845 Clementia,
2053 1805 2258 1844 contrahendi,

1375 1843 1482 1883 Deque
1501 1847 1534 1877 &
1555 1855 1624 1875 curn
1643 1845 1746 1876 eisdem
1766 1844 1939 1883 Trastandi,
1968 1844 2074 1876 Interlo
2096 1844 2201 1883 uendi,
2216 1846 2249 1876 &
2274 1844 2410 1877 Conclu*

1338 1883 1425 1915 dendi
1442 1883 1542 1915 talibus
1556 1883 1650 1914 modis
1665 1885 1698 1915 &
1711 1884 1812 1914 formis
1824 1884 1927 1921 quibus
1940 1883 2023 1915 dietis
2036 1889 2087 1914 nol
2102 1884 2136 1914 tis
2142 1883 2410 1924 Ambaffiaroribus,

1338 1924 1372 1955 &
1391 1933 1494 1954 eorum
1511 1922 1605 1960 alteri,
1619 1922 1760 1953 videbitur
1775 1931 1809 1952 ex
1830 1922 1926 1960 edire,

1370 1955 1506 1992 Necnon
1520 1961 1554 1991 ad
1574 1961 1748 1992 Faciendum
1763 1961 1796 1992 &
1829 1960 2032 2001 'xpediendum
2049 1961 2149 1991 omnia
2163 1961 2197 1992 &
2214 1961 2318 2000 singula
2340 1971 2406 2000 quae

1337 2000 1365 2030 in
1387 1999 1556 2038 Praemissis,
1577 2000 1623 2030 seu
1647 2002 1723 2031 circa
1743 2009 1794 2038 ea,
1820 2009 1887 2030 cum
1910 2000 1964 2030 suis
1990 1999 2204 2038 Incidentibus,
2222 2000 2407 2038 dependenti·

1337 2038 1407 2077 bus,
1423 2040 1456 2070 &
1471 2040 1627 2076 connexis,
1645 2038 1795 2070 necessaria
1811 2038 1915 2069 fuerint
1930 2038 1988 2069 sive
2010 2038 2228 2076 quomodolibet
2248 2049 2388 2077 oportuna
2398 2062 2409 2078 ‚

1337 2078 1422 2108 etiam
1442 2077 1462 2108 si
1487 2077 1659 2108 Mandatum
1680 2078 1794 2115 exigant
1808 2078 1894 2116 magis
1908 2077 2026 2115 speciale
2042 2079 2129 2115 quam
2146 2077 2260 2114 aliquod
2279 2077 2411 2108 Praemis-

1338 2115 1433 2147 sorum
1444 2139 1454 2155 ,
1472 2118 1506 2149 &
1523 2127 1587 2156 quae
1602 2115 1672 2147 Nos
1686 2116 1736 2154 ipsi
1752 2115 1844 2147 facere
1860 2117 2014 2154 poterimus
2028 2117 2047 2145 si
2064 2116 2241 2154 personaliter
2264 2115 2409 2148 interesse-

1338 2165 1402 2186 mus
1678 2172 1682 2176 -

1375 2179 1646 2232 Et’Promittimus,
1664 2193 1743 2224 boni
1765 2191 1839 2232 fide,
1857 2192 1928 2224 Nos
1952 2192 2075 2231 Ramm,
2094 2191 2238 2230 Gratum,
2257 2191 2409 2232 firmum,

1338 2231 1372 2263 &
1391 2231 1514 2270 Stabile,
1532 2233 1669 2271 perpetuis
1683 2241 1741 2262 tem
1785 2233 1878 2270 ribus,
1896 2232 2040 2263 habituros
2054 2240 2149 2262 totum
2171 2232 2204 2263 &
2228 2231 2246 2250 ⁴*
2270 2233 2407 2270 quicquid

1338 2270 1409 2302 dieti
1431 2270 1652 2302 Ambaffiatores
1669 2271 1702 2302 &
1761 2272 1838 2302 uncii
1864 2271 1971 2306 nostri,
1990 2271 2034 2301 seu
2055 2280 2157 2301 eorum
2179 2270 2264 2308 alter,
2316 2273 2408 2317 erint,

1338 2310 1383 2340 vel
1406 2320 1422 2340 e
1442 2310 1509 2347 erit,
1527 2310 1556 2340 in
1579 2309 1751 2346 Praemiffis,
1770 2310 1815 2340 seu
1835 2309 1928 2348 aliquo
1947 2307 2183 2346 Praemis'sorum,
2201 2309 2253 2340 sub
2306 2318 2409 2349 poteca

1339 2350 1373 2381 &
1389 2349 1420 2380 O
1443 2349 1576 2387 ligatione
1588 2350 1722 2379 omnium
1737 2348 1888 2380 Bonorum
1912 2347 2094 2386 nostrorum,
2110 2348 2290 2386 praesentium
2308 2350 2343 2380 δε
2363 2348 2405 2380 fu-

1339 2396 1482 2420 tutorum.

1375 2425 1408 2457 In
1423 2427 1522 2464 cujus,
1539 2426 1600 2458 &c.

1414 2464 1483 2496 Dat.
1504 2474 1534 2496 ut
1551 2466 1640 2504 supra.

2027 2500 2080 2533 Per
2095 2500 2246 2532 Concilium.

1692 2630 1742 2662 De
1765 2629 1883 2674 Praefint
1887 2626 2044 2661 titionibus.

1367 2711 1495 2743 ohannes
1518 2713 1600 2743 Paiot
1623 2711 1791 2751 Capellanus
1810 2713 1894 2744 habet
1909 2713 2016 2744 Literas
2033 2711 2125 2749 Regis
2138 2711 2174 2743 de
2186 2711 2405 2744 Praesentatione

1393 2751 1428 2782 ad
1451 2752 1589 2790 majorem
1612 2751 1780 2782 Portionem
1808 2751 1943 2782 Ecclesiae
1976 2752 2012 2782 de
2044 2751 2214 2789 Basquevilla
2240 2751 2404 2781 Rothoma·

1337 2791 1414 2827 genfi
1437 2790 1572 2822 Dioecese
1587 2815 1596 2828 ,
1623 2800 1672 2828 per
1694 2790 1828 2822 Mortem
1854 2790 1985 2828 Magistri
2006 2789 2149 2829 Johannis
2172 2789 2333 2827 Ber-nardi,
2361 2787 2404 2819 ul-

1338 2831 1419 2859 timae
1440 2828 1574 2860 Personae
1596 2828 1718 2868 ejusdem
1733 2852 1743 2868 ,
1766 2838 1915 2860 vacantem
1927 2852 1937 2868 ,
1963 2829 1997 2861 &
2015 2827 2050 2860 ad
2071 2828 2163 2866 Regis
2183 2827 2404 2866 Donationem,

1338 2869 1415 2937 &iit
1439 2904 1594 2944 diriguntur
1621 2906 1726 2937 Literae
1746 2906 1801 2937 illae
1824 2909 1861 2936 L.
1883 2905 2084 2945 Art-hiepifiopo
2107 2902 2332 2945 Rothomagenfi,
2359 2903 2406 2937 vel

1339 2945 1398 2984 ejus
1417 2944 1533 2988 Vicario
1547 2943 1700 2983 Generali,
1718 2946 1778 2985 ipso
1791 2944 2016 2983 Archiepiscopo
2030 2945 2061 2974 in
2075 2941 2210 2974 Remotis
2224 2951 2334 2982 agente.

1375 2982 1651 3061 ssesctkejljlsggicgpud
1667 3021 1791 3060 Caſtrum
1798 3020 1881 3061 fitam
1895 3018 2056 3058 Rothomagi
2067 3020 2120 3050 xxi.
2139 3018 2186 3050 die
2201 3017 2311 3050 Martii.

2026 3099 2082 3127 Per
2094 3095 2179 3136 ipfiam
2197 3099 2300 3135 Regem.

1603 3172 1775 3205 consimiles
1790 3173 1898 3206 Literas
1911 3173 2001 3214 Regis
2017 3174 2143 3213 habent,

2418 382 2471 407 An.
2484 380 2511 407 6.

2420 422 2504 453 H-5-

2415 457 2481 485 thid.

2425 2225 2443 2246 ¹¹
2460 2226 2514 2257 ΙΧ,

2425 2275 2489 2302 71²·

2460 2624 2519 2666 Π

2421 2710 2498 2742 Ann.
2514 2710 2559 2748 D,

2442 2759 2530 2789 1419·

2420 2792 2473 2818 Aa.
2489 2793 2518 2818 6.

2419 2832 2454 2856 H.
2473 2836 2502 2863 5.

2422 2870 2481 2895 Par.

2422 2909 2512 2934 Norm.
2528 2914 2558 2940 7¹

2423 2947 2517 2980 H.5.p.
2529 2952 2553 2972 t.

2424 2991 2462 3010 m.
2476 2981 2522 3010 81.

1377 3251 1508 3283 Robertus
1523 3250 1555 3281 de
1569 3252 1636 3280 Brec
1661 3274 1670 3289 ,
1693 3249 1832 3290 Magister
1847 3252 1876 3282 in
1894 3251 2010 3283 Artibus
2024 3252 2057 3283 ὃς
2075 3250 2229 3282 Bacalarius
2245 3250 2276 3281 in
2294 3248 2403 3282 Decre·
2443 3237 2447 3242 .

1338 3292 1372 3322 tis
1410 3291 1443 3321 ad
1460 3288 1614 3320 Ecclesiam
1644 3290 1827 3320 arochialem
1844 3290 1880 3321 de
1898 3290 2048 3322 Daubolio
2060 3289 2146 3321 dietae
2158 3288 2317 3326 Dioeces1s;

1379 3314 1416 3359 fir
1435 3329 1592 3366 diriguntur
1608 3328 1663 3359 illae
1679 3327 1800 3367 Literae‚
1818 3336 1850 3358 ut
1880 3337 1956 3367 upra.

1376 3370 1474 3398 Petrus
1491 3366 1581 3404 Hense
1595 3365 1638 3397 Ca
1661 3366 1765 3397 ellanus
1778 3367 1812 3397 ad
1831 3366 1988 3399 Ecclefiam
2006 3365 2203 3398 Parochialem
2225 3364 2264 3396 de
2284 3363 2403 3395 Guene-

1338 3406 1404 3439 villa
1417 3405 1625 3443 Rothomagen
1638 3415 1658 3436 is
1673 3404 1832 3436 Dioecefis:

1378 3443 1548 3485 Dii-iguntur
1562 3443 1668 3475 Literae
1683 3444 1752 3483 illae,
1770 3452 1802 3474 ut
1811 3444 1908 3484 fiepra.

1656 3519 1827 3551 Consirniles
1843 3519 1952 3551 Literas
1965 3494 2088 3557 habent,

1378 3597 1541 3636 Reginaldus
1554 3596 1669 3627 Harelle
1679 3596 1849 3636 Capelianus
1859 3596 1895 3627 ad
1903 3594 2058 3626 Ecclesiam
2071 3591 2267 3637 Parochialem
2282 3593 2318 3624 de
2328 3593 2404 3625 Har-

1343 3637 1483 3677 qucuvilla
1505 3636 1591 3668 dictae
1610 3635 1769 3675 Dioecesis,
1785 3645 1835 3674 per
1854 3634 1988 3665 Mortem
2009 3632 2134 3663 Domini
2156 3633 2236 3663 Petri
2256 3631 2281 3663 le
2297 3632 2404 3673 Blam,

1342 3678 1447 3709 ultimae
1464 3674 1596 3706 Personae
1609 3675 1748 3706 e'usdem:

1380 3714 1417 3748 Et
1432 3714 1588 3753 diriguntur
1604 3715 1613 3743 i
1672 3713 1794 3752 Lirerae,
1809 3710 1944 3751 utsupra.

1378 3753 1477 3784 Petrus
1492 3752 1525 3782 de
1539 3751 1700 3796 clynchaqn,
1719 3749 1856 3819 Μαῗὲα
1871 3750 1900 3778 in
1926 3746 2061 3785 Artibus,
2077 3744 2112 3776 ad
2136 3745 2293 3778 Ecclesiam
2314 3747 2402 3779 Paro-

1342 3791 1464 3822 chialem
1485 3791 1574 3822 boetae
1596 3790 1698 3820 Manae
1717 3789 1757 3820 de

1837 3795 1896 3817 rant
1919 3783 2143 3828 Constantienfis
2166 3784 2306 3818 Dioecefis
2322 3809 2333 3826 ‚
2353 3795 2403 3827 per

1343 3829 1476 3861 Mortem
1490 3829 1603 3859 Roberti
1616 3826 1688 3867 Faffl
1698 3851 1707 3865 ,
1722 3827 1831 3858 ultimae
1851 3823 1982 3868 Persbnae
1995 3822 2134 3867 ejusdem,
2152 3824 2213 3856 &c.

1378 3867 1415 3898 Et
1429 3868 1586 3906 diriguntur
1601 3866 1774 3896 Literaeillae
1790 3863 1908 3907 Cantor!
1923 3864 1957 3893 δε
1979 3860 2115 3899 Capitulo
2135 3861 2271 3894 Ecclesiae
2296 3861 2404 3894 Cathe-

1341 3906 1424 3938 dralis
1440 3905 1681 3942 Constantiensis,
1698 3903 1770 3934 Sede
1781 3900 1888 3932 ibidem
1902 3909 2026 3931 vacante.

2419 3366 2482 3394 thid.

1381 3943 1539 3974 Gullielmus
1554 3943 1709 3982 Villequin,
1729 3939 1865 3979 Magister
1878 3939 1906 3968 in
1925 3938 2059 3977 Artibus,
2076 3938 2111 3970 ad
2135 3937 2292 3972 Ecclesiam
2311 3938 2401 3970 Paro-
2414 3943 2518 3972 Ibidem.

1342 3982 1462 4014 chialem
1473 3982 1509 4014 de
1525 3980 1688 4013 Lindebeuf
1700 3976 1938 4017 Rothomagenfis
1954 3976 2111 4008 Dioecefis:
2366 4013 2406 4047 Et

2415 3991 2451 4010 m.
2470 3990 2517 4018 79.
