2562 4274
760 138 870 183 ET
954 139 1218 199 ACTA

52 224 127 258 Ann.
139 224 180 255 D.

72 271 159 304 1417.

50 309 114 335 Heu,
133 312 162 338 ς.

444 312 508 345 Pro
529 307 606 344 ditio
629 312 751 353 Priore,
779 308 815 342 de
839 308 992 356 Requestn.

49 411 101 436 An.
117 413 144 442 ς.
202 394 318 452 REX
340 394 487 440 Univerfis
511 395 544 425 &
569 392 679 439 singulis
699 394 851 439 Regibus,
877 395 1073 441 PrincipibuS,
1102 395 1251 441 Ducibu5‚

48 451 83 474 H.
104 455 130 481 5·
212 473 227 479 υ
277 434 495 478 Μαῑ-εὴιοηὼυε
507 456 516 471 ,
532 432 716 477 Comitibus,
732 433 909 471 Nobilibus,
920 434 1084 479 ‘Admirallis
1094 435 1250 504 ,gusticia-

47 485 113 512 ibid.
128 493 164 512 m,
195 472 410 510 riis,Scabinis,
428 470 604 502 custodibus
617 470 803 508 Castrorum,
823 472 1051 511 Fortalitiorum‚
1062 483 1095 503 ac
1133 483 1251 505 ortuum

195 511 301 548 Maris,
320 511 352 541 &
367 511 486 541 aliorum
500 509 650 541 Locorum
666 507 896 550 Maritimorum,
914 522 946 542 ac
962 511 1077 549 Populis
1091 512 1251 550 cujuscum-

195 559 252 587 que
276 548 386 588 Statfis,
410 547 543 586 Gradfis,
561 548 732 588 Dignitatis‚
749 548 947 587 Conditionis,
967 549 1071 588 Ritus,
1088 551 1133 581 seu
1156 551 1251 582 Sectae

194 588 313 626 fuerim,
332 598 381 625 per
397 587 558 618 universum
572 586 704 624 Orbem,
721 596 778 618 tam
795 597 843 625 per
857 588 994 626 Terram,
1011 589 1100 626 quam
1113 599 1162 627 per
1186 589 1252 619 Ma-

191 637 222 658 re
254 626 432 665 constitutis,
451 625 596 663 praesentes
610 624 716 656 Literas
730 627 909 666 inspedturis,
928 627 1051 659 Salutem
1065 629 1094 658 in
1117 629 1251 659 omnium

191 649 343 698 Salvatore.

229 704 329 736 Sciatis
347 702 445 741 quod,

233 742 330 780 Cum,
348 741 465 771 dileetus
479 740 561 771 nobis
577 741 605 771 in
620 739 736 772 Christo
751 740 914 772 Willielmus
934 741 1046 780 Hulles,
1067 738 1150 773 Prior
1170 741 1252 774 Hos-

193 781 284 819 pitalis
297 780 393 811 Sanan
404 779 541 818 Johannis
553 779 704 818 Jerusalem
720 781 750 810 in
767 780 888 818 Anglia‚

234 818 286 849 Vir
305 819 421 848 Militiae
435 818 569 856 Nobilis,
587 819 620 850 &
634 817 793 858 Religionis
806 819 860 850 suae
873 818 976 850 Cultor
996 818 1167 856 profundus,
1182 817 1252 849 No-

194 856 237 887 bis
259 857 369 898 insuper
391 858 425 889 &
446 858 500 888 toti
522 857 626 897 Regno
645 856 760 895 nostro,
778 857 831 887 suis
855 857 1028 895 exigentibus
1051 856 1179 895 Meritis,
1194 857 1253 888 satis

188 905 269 927 curus

226 919 323 972 Capto
334 935 414 964 bono
429 934 602 966 &laudabili
620 933 790 971 Proposito,
807 933 824 962 ἐι
839 932 908 963 Deo
931 934 966 965 &
987 933 1096 964 cunctis
1115 933 1254 972 Principi-

192 971 245 1003 bus
270 972 426 1004 Catholicis
447 974 550 1003 merito
575 971 826 1009 commendando,
844 972 870 1002 se
891 972 924 1003 ad
944 972 1038 1003 Partes
1056 972 1091 1004 de
1103 971 1203 1004 Rodes
1223 974 1253 1003 in

194 1012 504 1050 proximo-divertere,
522 1011 555 1042 δε
580 1010 688 1041 ibidem
709 1019 759 1048 per
780 1019 889 1041 certum
908 1019 1019 1048 tempus
1034 1012 1093 1049 jam
1108 1010 1255 1049 futurum,

195 1050 335 1089 adjutorio
352 1049 504 1086 Altisiimi,
519 1059 536 1078 a
550 1058 608 1085 quo
623 1049 717 1079 omnis
732 1048 830 1080 Gratia
854 1050 1001 1086 procedit,
1018 1060 1070 1086 pro
1091 1050 1254 1081 defensione

191 1090 225 1119 &
242 1089 390 1120 salvatione
405 1088 515 1118 Sanetae
527 1086 628 1117 Matris
641 1086 774 1118 Ecclesiae
784 1112 793 1124 ,
809 1097 842 1118 ac
857 1087 995 1118 FideIIum
1010 1088 1253 1120 &Innocentium

192 1125 419 1164 cristianorum,
436 1134 536 1157 contra
554 1125 744 1157 Inimicorum
767 1126 876 1157 Christi
898 1127 1102 1158 Saracenorum
1128 1129 1161 1158 ὃς
1175 1129 1254 1159 Tur-

192 1175 294 1196 corum
310 1165 505 1204 Proterviam,
525 1174 636 1195 moram
651 1165 757 1196 trahere
772 1166 805 1197 ὃς
819 1165 977 1203 conversari
999 1166 1140 1205 intendat,
1157 1166 1254 1197 nostra

193 1203 328 1272 Liffintia
336 1204 493 1241 mediante,

269 1253 301 1273 os

231 1265 370 1312 voiesstae
384 1290 421 1311 eo
435 1279 640 1311 desiderabimus
653 1280 685 1310 sc
699 1279 824 1318 avidius,
843 1280 877 1311 ad
891 1279 1017 1313 Laudem
1033 1278 1108 1317 Dei,
1125 1279 1158 1310 ὃς
1178 1278 1253 1310 Pro-

191 1319 274 1360 positi
287 1319 417 1358 praediffi
435 1318 711 1357 Complernentum,
729 1328 781 1358 pro
795 1320 900 1356 majore
915 1318 1069 1350 Securitate
1084 1321 1116 1350 &
1134 1318 1253 1349 Releva-

194 1359 272 1389 mine
291 1359 372 1397 ipsius
394 1360 512 1395 Prioris,
527 1358 597 1387 dum
622 1357 660 1388 sic
683 1358 711 1386 in
735 1357 868 1388 Remotis
892 1356 1014 1394 steterit,
1036 1357 1193 1396 prospicere
1218 1358 1252 1388 &

194 1397 345 1437 providere
361 1420 370 1435 ,
396 1406 454 1435 quo
479 1395 638 1435 hujusmodi
663 1394 846 1433 Propositum
870 1405 1028 1427 commune
1050 1394 1253 1426 Commodum

195 1437 329 1467 omnium
343 1436 375 1467 ὃς
390 1435 565 1472 singulorum
581 1433 808 1464 Christianorum
823 1444 996 1465 concernere
1009 1434 1187 1472 dinoscatur,

233 1473 363 1504 Vestram
381 1475 468 1512 igitur
488 1472 712 1504 Univerfitatem
732 1472 949 1510 honorabilem,
969 1475 1003 1504 &
1023 1473 1183 1510 quemlibet
1204 1483 1254 1503 ve-

195 1512 287 1542 strfim
302 1523 350 1550 per
364 1512 409 1551 se,
428 1512 574 1549 attentius,
591 1510 753 1548 efficacius,
771 1512 803 1542 &
817 1511 996 1542 affeetuosius
1010 1522 1068 1550 quo
1089 1512 1254 1551 poffumus,

192 1549 312 1582 Tenore
327 1550 527 1588 Praesentium,
546 1550 730 1588 Requirimus
744 1550 777 1580 ὃς
794 1549 962 1589 Rogamus,

260 1596 374 1620 uatenus

224 1590 391 1658 &semissis>
398 1626 542 1665 condigne
557 1625 753 1664 consideratis,
772 1627 860 1664 ipsum
876 1629 1011 1663 Priorem,

229 1666 292 1703 Qui
313 1666 403 1696 versus
426 1672 515 1702 partes
539 1663 684 1702 praediaas
697 1687 707 1701 ,
735 1673 767 1696 ut
787 1665 956 1702 praedietum
979 1665 1020 1695 est
1035 1689 1044 1703 ,
1071 1675 1120 1702 per
1141 1673 1252 1704 tempus

191 1705 361 1743 praediCtum
378 1703 484 1734 ibidem
500 1712 675 1740 moraturus,
690 1703 723 1733 &
738 1703 838 1734 exinde
856 1704 946 1734 versus
965 1704 1103 1743 Regnum
1121 1703 1252 1735 nostrum

193 1743 240 1775 An
261 1743 305 1774 liae
322 1742 494 1780 reversurus,
508 1741 570 1772 suos
585 1741 692 1780 gressus
702 1742 798 1779 dirigit
815 1743 842 1772 in
857 1742 1002 1782 praesenti,

231 1753 311 1813 gum
325 1781 493 1822 praedictum
507 1782 629 1810 Priorem
648 1781 708 1819 (qui
728 1779 771 1818 se,
787 1781 865 1817 suos,
881 1781 915 1812 ὅ(
938 1781 1000 1819 sua,
1017 1789 1132 1819 propter
1155 1780 1254 1812 Bono-¹

191 1831 255 1852 rum
270 1820 474 1858 praediitorum
486 1819 693 1856 expletionem,
711 1818 757 1855 spe
773 1818 917 1850 Mercedis
937 1820 956 1840 '¹‘
979 1829 1093 1851 aeternae
1103 1843 1113 1858 ,
1132 1820 1253 1851 Labori-

189 1859 242 1889 bus
260 1859 292 1889 &
311 1858 446 1888 Periculis
461 1866 568 1895 ponere
584 1866 643 1887 non
660 1856 755 1893 evitat)
772 1867 820 1894 per
835 1857 881 1887 Re
901 1867 936 1888 na
947 1880 957 1896 ,
976 1857 1131 1895 Dominia,
1146 1859 1252 1898 Passus,

190 1897 344 1928 Distrie'tus
354 1919 363 1935 ,
380 1895 502 1933 Pontes,
519 1895 618 1933 Loca,
632 1894 839 1932 Jurisdifflones
849 1918 859 1934 ,
902 1896 1047 1935 otestateS,
1062 1905 1109 1928 aut
1123 1896 1253 1928 Territo-

191 1937 229 1966 ria
245 1935 356 1973 vestra,
373 1933 419 1965 seu
432 1934 544 1970 alicujus
558 1932 685 1965 vestrum
694 1956 705 1972 ,
722 1944 791 1964 cum
806 1935 942 1972 Triginta
955 1935 1102 1974 Personis,
1119 1935 1174 1966 Tri
1197 1938 1250 1968 inta

191 1974 297 2012 Equis,
317 1974 360 2004 vel
376 1973 566 2010 paucioribus,
584 1971 714 2009 Valefiis,
728 1972 889 2012 Jocalibus,
908 1973 1007 2012 Auro,
1029 1974 1176 2014 Argento,
1216 1984 1251 2005 o-

191 2013 250 2050 bis,
270 2013 303 2042 &
320 2011 521 2049 Vestimentis,
540 2020 573 2041 ac
590 2010 645 2040 aliis
658 2010 762 2047 Bonis,
782 2010 898 2049 Rebus,
915 2013 949 2043 &
966 2012 1110 2043 Hernesiis
1123 2013 1176 2044 suis
1189 2014 1252 2052 qui-

190 2050 385 2088 buscumque,
404 2051 436 2081 &
454 2059 638 2087 quocumque
652 2050 772 2079 nomine
795 2050 971 2089 censeantur,
988 2051 1115 2090 transire,
1133 2053 1252 2090 reverti,

191 2089 237 2120 seu
254 2089 321 2119 inibi
336 2089 441 2119 morari
455 2089 620 2127 contigerit,

229 2127 335 2158 Nostri
350 2125 436 2158 status
453 2127 572 2164 intuitu,
589 2126 622 2156 &
639 2123 739 2156 harum
754 2124 876 2157 Precum
894 2126 1054 2158 nostrarum
1080 2128 1188 2166 speciali
1209 2129 1254 2158 in-

189 2173 334 2235 ἰετζεηω,
352 2176 386 2196 ac
410 2165 652 2204 contemplatione
674 2164 789 2203 nostra,
804 2166 964 2204 propensius
985 2167 1253 2198 recommendatum

212 2215 225 2234 a
247 2213 322 2234 entes

230 2227 362 2273 Eunde'm
378 2243 515 2280 Priorem,
530 2251 599 2272 cum
613 2241 756 2279 Personis,
771 2241 879 2281 Equis,
896 2242 956 2279 &a
975 2250 1006 2273 ut
1019 2246 1048 2273 in
1062 2243 1194 2285 fimilibus
1217 2243 1250 2273 de

191 2280 320 2321 Requsstu
336 2283 448 2310 Literis.

54 522 105 559 ¹8„

44 1825 63 1846 ¹⁸
84 1827 137 1858 ix.

229 2357 263 2388 In
279 2358 356 2395 cujus
369 2358 407 2387 rei
423 2356 637 2387 Testimonium
653 2356 701 2387 has
718 2357 821 2387 Literas
837 2357 944 2388 nostras
967 2359 1097 2390 Patentes
1118 2358 1197 2397 fieri,
1215 2358 1250 2389 δε

192 2394 296 2435 Magni
311 2395 398 2435 Sigilli
412 2394 500 2425 nostri
512 2396 670 2425 munimine
687 2396 807 2427 fecimus
821 2396 987 2434 consignari.

188 2467 296 2541 MDat.
323 2471 396 2511 apud
414 2470 554 2502 Palatium
573 2474 651 2510 Regis
679 2471 900 2512 Wstmonasterii
923 2473 1059 2505 vicesimo
1082 2482 1182 2513 quarto
1205 2473 1251 2505 die

228 2520 272 2541 aii.

847 2586 901 2617 Per
916 2586 999 2627 ipficm
1013 2591 1117 2627 Regem.

512 2711 571 2742 Pro
597 2711 709 2744 Comite
731 2706 928 2753 Wmolocierfi.

43 2800 173 2833 Ann.D.

68 2848 152 2879 1417.

42 2882 96 2907 An.
112 2888 140 2914 5.

47 2922 83 2945 H.
105 2927 132 2952 ς,

43 2960 133 2983 franc.
150 2964 176 2991 5.

44 2998 79 3021 H·
99 3003 128 3029 5⁶

42 3041 80 3059 m.
100 3041 141 3068 ¹9·

190 2792 322 2851 REX,
341 2803 390 2834 per
407 2795 511 2826 Literas
527 2794 583 2825 suas
599 2795 745 2832 PatenteS,
764 2796 850 2833 usque
865 2796 894 2824 in
912 2793 1074 2826 Crastinum
1091 2792 1163 2826 Festi
1179 2805 1246 2826 orn-

261 2835 341 2864 nium
362 2834 531 2864 Sanctorum
546 2835 681 2872 proximo
696 2835 822 2864 futurum
841 2833 998 2871 duraturas,
1017 2834 1134 2872 suscepit
1149 2835 1178 2864 in
1197 2836 1246 2864 sal-

189 2881 259 2902 vum
280 2874 312 2904 &
334 2873 463 2904 securum
486 2871 676 2902 Conductum
699 2873 797 2908 suum,
815 2881 848 2903 ac
869 2873 900 2902 in
921 2871 1151 2911 Protectionem,
1170 2872 1245 2904 Tui—

190 2911 316 2949 tionem,
343 2912 376 2942 δε
402 2910 607 2940 Defensionem
631 2911 687 2940 suas
708 2910 836 2947 speciales
850 2931 860 2948 ,
882 2910 1058 2940 Lodowicum
1078 2911 1111 2940 a'e
1133 2912 1244 2942 Burbon

192 2950 316 2979 Comitem
335 2951 367 2980 de
383 2949 511 2980 Vendome
525 2950 561 2979 de
576 2949 691 2979 Francia
705 2948 892 2979 Prisonarium
910 2947 1014 2987 Regis,
1032 2951 1062 2979 in
1076 2949 1182 2988 Regno
1195 2951 1244 2981 suo

195 2986 304 3024 Angliae
321 2989 379 3027 jam
400 2988 583 3026 existentem,
601 2997 669 3017 cum
694 2986 803 3025 Viginti
823 2987 856 3016 ὃς
874 2986 1008 3024 Qatuor
1024 2987 1170 3026 Personis,
1188 2998 1244 3019 tam

194 3023 354 3063 Militibus,
372 3027 458 3064 quarn
477 3027 552 3064 aliis,
567 3026 771 3064 cujuscumque
793 3022 973 3055 Conditionis
992 3026 1110 3064 fuerint,
1128 3028 1157 3056 in
1181 3026 1245 3058 Co-

196 3063 293 3093 mitiva
309 3063 372 3100 sua,
389 3065 481 3094 versus
492 3073 580 3102 partes
596 3065 720 3095 Franciae
732 3063 914 3100 transeundo,
926 3063 959 3094 δε
970 3064 1072 3094 exinde
1087 3066 1116 3094 in
1131 3065 1241 3096 die‘turn

191 3100 330 3138 Regnum
354 3102 399 3132 Re
419 3103 439 3131 is
462 3102 573 3142 Angliae
596 3102 756 3141 redeundo,
775 3102 880 3132 ibidem
897 3102 1052 3141 morando,
1068 3113 1182 3133 necnon
1205 3103 1244 3134 E-

190 3149 279 3178 quOS,
296 3138 390 3177 Bona,
438 3150 482 3178 es,
500 3142 533 3171 ὃς
549 3140 684 3171 Hernesia
698 3141 742 3171 sua
756 3150 963 3179 quaecumque;

227 3177 344 3209 Proviso
359 3179 465 3216 semper
481 3179 558 3216 quod
567 3201 576 3217 ,
594 3178 654 3214 &c.
674 3187 705 3208 ut
719 3183 748 3209 in
754 3178 883 3221 fimilibus
896 3178 928 3208 de
945 3178 1081 3209 eandum
1091 3181 1205 3209 Literis.

225 3253 314 3286 Teste
328 3254 410 3295 Rege
423 3254 496 3294 apud
512 3253 765 3295 Wstmonasterium
782 3255 920 3287 vicesimo
935 3264 1035 3294 quarto
1049 3256 1093 3287 die
1109 3255 1192 3288 Maii.

819 3333 872 3362 Per
886 3332 968 3371 ipsum
981 3335 1085 3370 Regem.

219 3457 269 3490 De
293 3453 475 3488 conducendo
498 3454 887 3547 DncemPAurfelianensem
910 3455 1001 3501 usque
1024 3452 1159 3500 Castrum
1182 3455 1219 3490 de

649 3515 706 3535 oun
724 3514 790 3538 rell.

43 3595 119 3626 Arm,
135 3594 175 3628 D,
189 3588 320 3645 REX,
338 3588 514 3621 Vicecomiti
526 3586 684 3620 Bedfordiae
698 3589 730 3619 &
745 3587 856 3627 Bucks,
870 3586 1003 3620 Salutem.

66 3641 152 3674 1417,
287 3629 363 3666 Quia
383 3630 465 3659 certis
484 3629 519 3658 de
541 3627 642 3665 causis,
666 3626 736 3657 Nos
755 3627 790 3657 ad
812 3628 927 3665 praesens
948 3627 1099 3665 specialiter
1121 3638 1242 3660 moven—

42 3675 94 3702 Αη,
108 3684 138 3709 5-
190 3665 281 3705 tibus,
307 3668 408 3697 Ducem
429 3665 653 3704 Aurelianenftm
694 3664 880 3695 Prisonarium
900 3666 1028 3696 nostrum
1043 3690 1053 3704 ,
1079 3668 1115 3697 de
1138 3667 1242 3697 Castro

42 3716 76 3738 H.
97 3721 124 3746 5,
189 3704 287 3735 nostro
300 3706 336 3735 de
347 3706 524 3745 Wyndesore
542 3705 628 3742 usque
645 3687 779 3735 Castrum
796 3704 924 3734 nostrum
938 3704 975 3735 de
990 3704 1152 3737 Pountfteit
1163 3706 1242 3737 duxi—

41 3749 127 3782 Claus,
143 3759 170 3785 5,
191 3749 252 3772 mus
266 3743 480 3782 destinandum,
496 3744 601 3774 ibidem
621 3743 654 3773 ad
671 3751 781 3773 certum
800 3751 910 3780 tempus
925 3751 1117 3781 moraturum,

43 3792 78 3814 Η,
96 3797 122 3822 ς,
137 3798 173 3817 Μ,
223 3778 293 3810 Tibi
306 3780 506 3820 Praecipimus,
522 3781 638 3813 firmiter
650 3781 843 3820 injungentes,
859 3780 938 3818 quod
956 3780 1048 3812 statim
1059 3805 1069 3821 ,
1089 3791 1157 3813 cum
1177 3791 1237 3822 per,

45 3832 86 3861 ¹5·
188 3817 324 3848 dilectum
345 3819 526 3858 Armigerum
549 3818 678 3850 nostrum
693 3842 702 3856 ,
734 3819 879 3848 Robertum
908 3821 1051 3850 Waterton
1074 3821 1180 3859 (quern
1203 3823 1238 3851 ad

188 3856 335 3893 praefatum
350 3858 450 3887 Ducem
466 3859 551 3896 usque
563 3858 672 3889 dictum
687 3857 821 3888 Castrum
835 3858 870 3887 de
885 3856 1044 3889 Pountsreit
1057 3859 1133 3890 salvo
1149 3860 1182 3890 &
1196 3861 1238 3889 se-

182 3896 250 3938 cure
267 3893 499 3927 Conducendum
515 3896 733 3935 Deputavimus)
748 3905 781 3927 ex
797 3905 874 3934 parte
895 3895 990 3927 nostra
1009 3897 1093 3927 fueris
1115 3907 1239 3936 praemu-

181 3942 273 3970 nitus,

226 3970 321 4007 Ipsum
338 3973 456 4008 Ducem,
473 3981 522 4009 per
536 3982 626 4005 totam
642 3973 774 4005 Ballivam
791 3981 867 4002 tuam
878 3993 888 4010 ,
905 3981 973 4003 cum
997 3973 1043 4003 tali
1066 3972 1153 4004 Posse
1173 3974 1237 4004 Co-

186 4009 553 4078 mitatffpumlgaessietlorum
568 4032 579 4051 ,
598 4020 681 4050 prout
702 4021 752 4050 per
773 4012 920 4049 praefatum
939 4010 1083 4043 Robertum
1101 4021 1136 4042 ex
1160 4021 1238 4051 parte

269 4056 319 4079 om.
377 4070 385 4079 .
430 4069 437 4078 .
473 4051 499 4078 Ι.

1298 139 1766 188 PUBLICA.
2278 165 2351 194 201

1292 226 1386 259 nostra
1407 228 1458 259 tibi
1480 229 1662 274 injungetur,
1676 239 1732 262 tam
1755 233 1782 263 in
1804 232 1918 272 eundo,
1938 233 2024 272 quam
2046 235 2209 275 redeundo,
2227 236 2348 270 Condu-
2367 234 2497 269 Armo-

1293 276 1356 304 caS,
1373 267 1417 298 seu
1434 267 1569 299 Conduci
1587 270 1684 308 facias3
1707 272 1739 302 ὅ(
1754 272 1812 302 hoc
1826 273 1978 303 nullatenus
1992 275 2112 305 omittas.
2386 280 2473 312 1417*

1329 342 1418 374 Teste
1430 344 1512 383 Rege
1524 344 1596 382 apud
1610 348 1758 375 civitatem
1774 349 1867 377 Novae
1879 351 1974 379 Sarum
1989 350 2083 388 primo
2097 349 2142 380 die
2154 349 2239 389 junii.
2362 317 2424 340 Hm
2444 321 2473 349 ἰ.

1957 427 2009 455 Per
2021 426 2103 465 ipst'cm
2112 430 2216 465 Regem.

1329 493 1494 539 Consimilia
1517 495 1615 526 Brevia
1640 496 1793 542 diriguntur
1814 498 2042 532 Vicecomitibus
2067 502 2321 542 Northamptoniae
2337 530 2346 544 ,

1291 531 1478 573 Leycestriae,
1494 535 1527 566 ὃς
1543 534 1784 574 Notynghamiae,
1805 537 1854 567 sub
1869 538 1967 569 eadem
1980 539 2063 570 Data.

1494 663 1554 694 Pro
1571 660 1647 694 disto
1667 664 1772 704 Duce,
1798 661 1833 695 de
1852 665 1948 709 Equis
1968 663 2139 707 uastandis.

1293 741 1424 797 REX,
1443 742 1551 788 dilectis
1565 745 1633 784 fibi,
1650 745 1766 776 noberta
1781 748 1925 778 Waterton
1943 747 2111 789 Armigero,
2130 753 2163 783 &
2184 751 2346 785 Baldewino
2365 741 2440 773 Ann-
2455 742 2498 774 D.

1364 783 1428 824 Veer
1448 781 1616 822 Armigero,
1634 784 1767 815 Salutem.
2392 790 2481 820 1417.

1331 817 1429 863 Qia,
1439 821 1521 851 certis
1536 821 1572 853 de
1584 823 1686 862 causis,
1704 823 1773 854 Nos
1788 825 1985 862 moventibus,
2005 829 2106 856 Ducem
2115 828 2347 870 Aurelianenfim‚
2364 825 2418 849 ²³⁷²·
2433 831 2451 856 5
2455 842 2462 850 ·

1294 853 1481 888 Prisonarium
1496 859 1642 899 nostrum,
1661 861 1677 890 a
1689 861 1774 900 loco,
1793 873 1851 900 quo
1865 872 1942 894 nunc
1955 863 2014 902 est,
2033 865 2117 904 usque
2138 865 2273 897 Castrum
2293 879 2348 899 no·
2367 862 2401 886 H.
2425 869 2456 895 5·

1294 893 1385 925 strum
1402 896 1438 941 de
1450 897 1625 938 Pountsreit,
1642 899 1749 930 ibidem
1766 901 1801 932 ad
1814 910 1921 932 certum
1933 911 2044 941 tempus
2060 913 2254 944 moraturum,
2272 905 2349 937 duxi·
2370 900 2389 922 P
2389 904 2428 924 Μ·
2447 907 2475 934 5·

1293 942 1356 964 mus
1369 934 1582 976 destinandum,
2369 939 2400 962 H.
2421 945 2449 969 5·

1315 970 1537 1043 ‘Affignavimus
1560 986 1628 1014 vos,
1643 976 1838 1015 con'unfflm,
1857 978 1889 1009 &
1909 978 2034 1017 divisim,
2053 979 2086 1009 ad
2105 980 2203 1018 Equos
2224 981 2257 1012 δε
2273 982 2348 1013 suffi-
2394 996 2400 1003 ·
2421 975 2502 1011 ’ΔΡ-ὧ

1294 1020 1371 1041 ciens
1417 1013 1548 1052 ariagium
1561 1024 1615 1052 pro
1622 1023 1681 1053 prae
1696 1023 1743 1046 ato
1758 1019 1849 1055 Duce,
1866 1025 1923 1047 tam
1940 1017 2010 1049 infra
2034 1018 2052 1037 ²*
2076 1018 2245 1058 Libertates,
2261 1030 2346 1059 quam
2368 1011 2387 1029 ⁴
2456 1034 2462 1042 ·

1294 1058 1368 1080 extra
1393 1051 1504 1089 (Feodo
1527 1051 1660 1084 Ecclesiae
1680 1065 1713 1085 ac
1737 1053 1831 1085 Bobus
1853 1055 1885 1086 ὃς
1909 1055 1996 1086 Affris
2017 1055 2192 1088 Carucarum
2206 1058 2350 1090 dumtaxat
2370 1058 2407 1085 45
2410 1059 2436 1085 7·

1293 1091 1428 1132 exceptis)
1448 1100 1502 1127 pro
1516 1091 1634 1122 denariis
1652 1093 1767 1130 nostris,
1786 1094 1815 1123 in
1829 1093 1882 1124 hac
1896 1103 1974 1131 parte
1991 1096 2187 1127 rationabiliter
2212 1097 2353 1130 solvendis

1294 1135 1423 1171 quotie-ns
1435 1138 1508 1166 opus
1519 1129 1620 1172 fuerit,
1638 1130 1818 1169 Capiendum
1835 1133 1869 1164 &
1883 1132 2088 1173 Arestandum,

1333 1164 1372 1209 Et
1386 1166 1453 1196 ideo
1470 1168 1552 1211 vobis
1568 1167 1739 1199 Mandamus
1756 1170 1833 1207 quod
1849 1171 1923 1202 circa
1939 1171 2080 1202 Praemi'ffii
2095 1172 2241 1212 diligenter
2261 1175 2351 1208 inten-

1294 1201 1362 1233 datis
1372 1225 1380 1240 ,
1400 1213 1432 1234 ac
1445 1214 1475 1233 ea
1490 1205 1593 1235 faciatis
1606 1208 1639 1238 ὃς
1655 1210 1829 1244 exequamini
1844 1210 1873 1238 in
1888 1210 1980 1241 forma
1996 1211 2145 1248 praediCta:

1330 1240 1441 1309 DaImus
1457 1251 1565 1313 auter}
1563 1246 1696 1275 universis
1710 1247 1743 1277 ἃ
1759 1246 1870 1286 singulis
1884 1247 2128 1289 Vicecomitibus‚
2145 1252 2206 1282 δίε.

1385 1290 1403 1309 n
1420 1290 1516 1319 cujus,
1558 1291 1595 1312 τ.

1330 1355 1421 1387 Teste
1436 1356 1518 1397 Rege
1531 1358 1604 1397 apud
1619 1362 1771 1390 Civitatem
1784 1371 1863 1390 ηοω·
1880 1364 1977 1391 Sarum
1990 1364 2085 1400 primo
2102 1364 2147 1394 die
2156 1364 2243 1403 Junii·

1947 1440 2000 1468 Per
2011 1439 2094 1478 ipfiaem
2107 1443 2211 1478 Regem.

1547 1563 1606 1594 Pro
1632 1559 1900 1604 Ambafficctoribns
1919 1562 2105 1609 Burgundiae.

1322 1686 1324 1688 Ι
1359 1642 1419 1673 EX
1430 1653 1505 1688 ,per
1522 1644 1626 1676 Literas
1642 1645 1699 1676 suas
1713 1645 1858 1686 Patentes,
1877 1648 1962 1686 usque
1979 1647 2092 1678 Festum
2109 1648 2204 1680 Sanffi
2218 1649 2357 1688 Johannis
2379 1656 2506 1690 Ann,D„·

1371 1680 1501 1720 Baptistae
1509 1686 1650 1722 proximo
1664 1685 1790 1715 futurum
1806 1686 1961 1722 duraturas,
1976 1686 2092 1724 suscepit
2105 1688 2134 1718 in
2149 1688 2254 1719 salvum
2268 1691 2302 1721 &
2316 1690 2355 1720 se·
2402 1706 2486 1736 1417,

1292 1727 1394 1750 curum
1418 1720 1609 1754 Condudtum
1627 1723 1726 1761 suum,
1752 1734 1784 1754 ac
1810 1726 1837 1754 in
1860 1724 2096 1763 Proteetionem,
2115 1726 2304 1766 Tuitionem,
2319 1729 2353 1759 &
2371 1739 2422 1765 An.
2437 1748 2467 1773 5.

1292 1755 1498 1802 Defenfionem
1512 1761 1568 1792 suas
1581 1761 1725 1799 speciales,
1742 1762 1911 1801 Magistrum
1928 1766 2074 1793 Henricum
2091 1765 2212 1795 Godhalr
2234 1765 2352 1797 Docto·
2372 1781 2407 1802 H.
2425 1786 2452 1811 5,

1291 1804 1353 1826 rem
1373 1807 1402 1826 in
1426 1798 1550 1838 Legibus
1573 1799 1727 1830 Decanum
1752 1801 1789 1831 de
1807 1801 1911 1840 hege,
1930 1801 2154 1841 Conciliarium,
2172 1803 2352 1834 Guillielmum
2372 1817 2457 1842 Franc.
2476 1821 2505 1852 5„

1291 1833 1488 1874 Champdivers
1500 1837 1651 1876 Chivalet,
1670 1838 1863 1870 Camerarium
1884 1841 1917 1871 &
1938 1840 2162 1879 Conciliarium,
2182 1843 2352 1882 Magistrum
2373 1858 2407 1880 H,
2427 1863 2457 1888 5,

1290 1875 1430 1911 Georgium
1451 1876 1614 1915 d'ostende,
1638 1878 1842 1915 Secretarium,
1863 1879 1992 1909 cariffimi
2015 1879 2223 1919 Consanguinei
2248 1882 2353 1921 Regis,
2370 1901 2407 1920 m,
2434 1899 2475 1925 15„

1291 1913 1376 1956 Ducis¹
1388 1916 1569 1954 Burgunffiae,
1587 1926 1620 1946 ac
1638 1916 1771 1956 quendam
1790 1916 1875 1946 alium
1893 1917 2013 1947 Militem
2030 1918 2133 1956 talem,
2152 1920 2180 1949 in
2203 1919 2353 1951 Comitiva

1290 1950 1494 1986 praedie‘torutn
1517 1954 1645 1992 Decani‚
1668 1953 1840 1993 Camerarii,
1858 1956 1892 1986 &
1916 1956 2078 1994 Secretarii,
2099 1958 2210 1993 qualem
2231 1960 2352 1996 praefato

1289 1990 1362 2018 Dua·
1383 1989 1519 2034 destinare
1542 1993 1693 2030 placuerit,
1712 1994 1768 2023 una
1785 2003 1851 2023 cum
1868 1994 2080 2033 Qiinquagiiita
2095 1994 2238 2033 PersoniS,
2257 1999 2291 2028 δε
2308 1999 2353 2028 in-

1290 2027 1330 2056 fra
1342 2031 1550 2072 ‚conjunctim
1567 2032 1601 2062 &
1622 2031 1749 2069 divisim,
1767 2033 1795 2061 in
1816 2032 1916 2062 eidem
1937 2032 2103 2071 Comitivii,
2121 2035 2190 2064 infra
2211 2034 2350 2072 Regnum

1291 2064 1397 2108 Regis,
1413 2075 1498 2105 penes
1518 2068 1669 2100 Personam
1691 2069 1799 2108 Regis,
1814 2070 1974 2109 veniendo,
2000 2072 2108 2101 ibidem
2131 2073 2289 2111 morando,
2315 2076 2349 2105 ὃς

1291 2104 1391 2135 exinde
1406 2106 1496 2137 versus
1509 2116 1598 2145 partes
1614 2109 1734 2146 proprias
1747 2109 1891 2139 redeundo
1901 2132 1909 2147 ‚
1929 2119 2043 2140 necnon
2061 2110 2175 2149 Equos,
2194 2111 2352 2149 Mauricas,

1290 2141 1368 2173 Bona
1379 2165 1388 2181 ‚
1407 2143 1484 2184 Res,
1499 2147 1532 2176 &
1546 2145 1681 2177 Hernefia
1696 2147 1738 2176 sua
1756 2157 1962 2185 quaecumque,

1326 2180 1464 2221 Proviso,
1483 2183 1543 2219 ἶφι.
1565 2192 1596 2213 ut
1609 2188 1638 2214 in
1647 2184 1779 2226 fimilibus
1793 2187 1825 2215 de
1839 2186 1977 2216 condam
1992 2189 2105 2219 Literis.

1326 2256 1417 2289 Teste
1430 2258 1514 2299 Rege
1528 2260 1602 2298 apud
1614 2265 1765 2292 Civitatem
1778 2272 1858 2292 novae
1873 2265 1970 2292 Sarum
1983 2264 2078 2300 primo
2091 2263 2138 2295 die
2150 2263 2239 2302 Junii.

1952 2340 2006 2368 Per
2021 2339 2103 2379 ipst'aem
2116 2344 2220 2379 Regem.

1320 2482 1431 2513 Contra
1451 2482 1605 2512 Portantes
1622 2482 1657 2513 T
1649 2483 1752 2512 unicas
1769 2479 1941 2513 Armorum
1952 2507 1962 2524 ,
1986 2486 2112 2528 exceptis
2131 2484 2192 2516 illis
2208 2487 2262 2530 qui
2275 2484 2321 2518 ad

1462 2532 1598 2574 Pugnam
1620 2528 1656 2561 de
1674 2531 1848 2575 Agencourt
1863 2527 2024 2574 portabant
2043 2533 2157 2565 Arma.

1288 2610 1426 2673 REX,
1446 2612 1621 2643 Vicecomiti
1635 2613 1879 2652 Sutharnptoniae‚
1896 2614 2033 2644 Salutem.
2367 2615 2445 2648 Ann.
2456 2615 2497 2649 D,

1386 2651 1478 2689 Quia,
1495 2660 1581 2689 prout
1602 2652 1805 2690 informamur,
1823 2652 1922 2682 diversi
1950 2652 2112 2691 Homines,
2132 2654 2178 2692 qui
2198 2654 2227 2685 in
2243 2655 2347 2696 Viagiis
2386 2665 2473 2695 1417·

1285 2688 1402 2727 nostris,
1421 2697 1485 2719 ante
1508 2690 1570 2720 haec
1591 2698 1721 2728 tempora
1740 2690 1834 2727 faetis,
1854 2692 1942 2722 Arma
1964 2701 1996 2721 ac
2017 2691 2145 2722 Tunicas
2168 2694 2344 2734 Armorum,
2362 2699 2413 2724 An.
2433 2705 2460 2730 5.

1284 2736 1388 2758 vocata
1408 2731 1625 2767 Coatearmures,
1644 2730 1672 2758 in
1696 2729 1722 2759 se
1740 2728 1930 2767 sumpserunt,
1945 2729 1994 2759 ubi
2016 2740 2069 2760 nec
2088 2731 2136 2767 ipsi
2160 2742 2215 2762 nec
2240 2744 2340 2765 eorum
2363 2737 2396 2761 H·
2416 2743 2445 2769 5-

1284 2765 1482 2797 Anteceffores
1497 2766 1656 2804 hujusmodi
1672 2767 1768 2797 Armis
1785 2777 1818 2798 ac
1837 2768 1973 2805 Tunicis,
1992 2769 2149 2799 Armorum
2172 2774 2346 2810 temporibus
2366 2773 2450 2808 Claus·
2468 2780 2497 2807 5-

1284 2805 1449 2843 retroactis,
1468 2805 1506 2835 usi
1521 2806 1651 2844 fuerunt,
1669 2806 1703 2837 ὃς
1715 2806 1788 2835 eain
1806 2806 1934 2843 praesenti
1951 2805 2050 2845 Viagio
2068 2807 2186 2847 nostro,
2205 2810 2233 2839 in
2247 2814 2345 2848 proxi·
2365 2814 2398 2837 H.
2417 2819 2443 2844 5.
2460 2821 2497 2839 m,

1283 2852 1352 2880 me,
1370 2842 1439 2874 Deo
1455 2843 1555 2882 dante,
1573 2844 1721 2881 faciendo,
1739 2853 1886 2875 excercere
1903 2854 2085 2883 proponunt,
2369 2857 2412 2884 ¹5-
2432 2848 2496 2885 dors.

1318 2880 1358 2913 Et
1381 2891 1555 2920 quamquam
1577 2882 1798 2920 Omnipotentes
1820 2882 1896 2912 suam
1920 2882 2050 2913 Gratiam
2073 2884 2200 2923 disponat
2215 2908 2224 2924 ‚
2258 2895 2344 2924 prout

1282 2919 1360 2958 vult,
1378 2921 1407 2950 in
1421 2921 1604 2958 naturalibus,
1619 2921 1760 2958 aequaliter
1783 2919 1874 2951 Diviti
1895 2930 1978 2958 atque
2000 2921 2136 2961 Pauperi,
2156 2924 2283 2955 volentes
2303 2936 2344 2956 ta-

1282 2966 1349 2987 men
1375 2959 1529 2996 quemlibet
1550 2959 1707 2997 Ligeorum
1730 2958 1892 2988 nostrorum
1914 2960 2130 2999 praedictorum,
2152 2963 2229 3000 juxta
2248 2964 2344 2996 Status

1281 2997 1320 3026 sui
1333 2997 1518 3033 exigentiam,
1537 2998 1626 3027 modo
1641 2998 1740 3027 debito
1755 2997 1915 3034 pertradiari
1934 2999 1966 3028 &
1981 2998 2092 3036 habeti,

1316 3034 1388 3064 Tibi
1403 3035 1587 3072 Praecipimus
1602 3036 1700 3074 quod,
1718 3036 1746 3065 in
1760 3036 1869 3074 singulis
1885 3036 1972 3066 Locis
1982 3060 1991 3073 ,
2010 3037 2080 3067 infra
2094 3037 2228 3069 Ballivam
2244 3047 2320 3071 tuam
2330 3065 2340 3080 ,

1279 3072 1328 3102 ubi
1346 3083 1394 3110 per
1414 3073 1507 3104 Breve
1530 3073 1659 3104 nostrum
1681 3083 1786 3111 nuper,
1802 3084 1855 3112 pro
1880 3073 2020 3104 Monstris
2043 3076 2196 3115 faciendis,
2226 3077 2340 3109 Procla-

1280 3113 1350 3141 mari
1366 3111 1611 3149 demandavimus,
1629 3112 1742 3148 publice
1760 3121 1794 3142 ex
1810 3121 1885 3149 parte
1899 3113 1991 3143 nostra
2008 3115 2176 3159 proclamari
2194 3116 2291 3155 facias,

1319 3150 1410 3188 Qod
1435 3150 1541 3188 nullus,
1566 3151 1768 3189 cujuscumque
1788 3148 1900 3189 Status,
1925 3151 2060 3190 Gradus,
2085 3152 2131 3182 seu
2155 3152 2340 3185 Conditioriis

1279 3187 1378 3225 fuerit,
1396 3188 1555 3226 hujusmodi
1571 3188 1660 3219 Arma
1673 3189 1729 3219 sive
1742 3188 1869 3219 Tunicas
1886 3190 2043 3220 Armorum
2062 3191 2090 3220 i'n
2112 3191 2138 3220 se
2162 3191 2267 3230 sumat,
2286 3194 2336 3223 nili

1279 3226 1334 3262 ipse
1351 3226 1421 3265 Jure
1441 3227 1648 3264 antecessorio,
1666 3228 1711 3256 vel
1730 3236 1762 3256 ex
1788 3227 1955 3258 Donatione
1975 3229 2104 3266 alicujus,
2127 3228 2160 3258 ad
2182 3230 2238 3260 hoc
2259 3231 2337 3261 suffi-

1279 3265 1402 3295 cientem
1420 3265 1590 3295 Potestatem
1609 3266 1752 3302 habentis,
1771 3275 1801 3296 ea
1815 3265 1949 3305 possideat
1962 3276 2009 3296 aut
2024 3266 2161 3304 possidere
2174 3269 2291 3308 debeat,

1317 3302 1355 3333 Et
1376 3303 1455 3341 quod
1476 3304 1529 3340 ipsa
1551 3304 1638 3334 Arma
1663 3304 1718 3334 sive
1737 3304 1861 3334 Tunicas
1883 3306 1927 3335 illa
1949 3314 1983 3334 ex
2007 3306 2084 3340 cujus
2100 3305 2192 3336 Dono
2205 3309 2336 3347 optinet,

1278 3340 1324 3371 die
1346 3341 1561 3372 Monstrationis
1583 3343 1655 3380 suae,
1674 3342 1819 3380 Personis,
1838 3342 1872 3372 ad
1894 3344 1951 3373 hoc
1973 3352 2022 3380 per
2038 3343 2106 3373 Nos
2125 3344 2264 3382 assignatis
2288 3347 2334 3377 seu

1279 3380 1459 3424 affignandis,
1480 3380 1626 3411 manifeste
1639 3381 1826 3418 demonstret,

1316 3418 1445 3456 Exceptis
1461 3418 1528 3456 illis,
1541 3421 1589 3457 qui
1604 3419 1783 3457 Nobiscum,
1801 3418 1874 3457 apud
1890 3418 2035 3450 BELLUM
2050 3428 2092 3451 m:
2108 3420 2333 3461 AGENcovRT,

1277 3455 1366 3487 Arma
1381 3457 1529 3495 portabant
1538 3480 1548 3495 ,

1312 3497 1372 3526 Sub
1387 3495 1484 3526 Poenis
1499 3505 1559 3526 non
1576 3492 1747 3525 admiffionis
1761 3495 1794 3526 ad
1811 3495 2047 3533 proficiscendum
2065 3497 2094 3527 in
2111 3495 2212 3536 Viagio
2230 3497 2331 3535 praedi-

1277 3534 1327 3563 cto
1340 3534 1391 3564 sub
1407 3533 1543 3564 Numero
1561 3534 1642 3573 ipsius
1657 3544 1725 3564 cum
1748 3544 1807 3571 quo
1830 3533 1969 3564 Retentus
1990 3534 2097 3573 existit,
2116 3546 2148 3565 ac
2171 3537 2332 3572 perditionis

1276 3569 1435 3602 Vadiorum
1458 3572 1588 3608 suorum,
1607 3581 1640 3601 ex
1659 3572 1738 3602 causa
1758 3572 1890 3609 praedifta
1910 3582 2124 3611 perceptorum,
2141 3584 2252 3603 necnon
2270 3573 2331 3604 Ra-

1274 3610 1344 3640 surae
1363 3612 1395 3640 &
1418 3610 1557 3646 Rupturae
1579 3610 1727 3640 distorum
1752 3612 1904 3640 Armorum
1925 3612 1958 3642 &
1973 3611 2149 3641 Tunicarum
2166 3621 2331 3642 vocatarum

1275 3653 1490 3685 Coatearmures,
1505 3657 1633 3684 tempore
1651 3648 1864 3679 Monstrationis
1878 3649 1932 3679 suae
1945 3650 2103 3687 praedistze,
2122 3651 2139 3679 li
2154 3660 2184 3679 ea
2197 3649 2276 3687 super
2297 3652 2330 3681 il-

1275 3687 1335 3717 lum
1352 3686 1502 3716 monstrata
1519 3686 1620 3716 fuerint
1634 3687 1676 3717 seu
1692 3688 1822 3725 inventa,

1312 3724 1349 3755 Et
1363 3724 1419 3755 hoc
1436 3724 1587 3755 nullatenus
1601 3726 1723 3756 omittas.

1314 3801 1332 3821 ³
1353 3799 1442 3831 Teste
1456 3799 1536 3840 Rege
1551 3801 1625 3839 apud
1638 3803 1787 3831 Civitatem
1803 3801 1896 3831 Nova-¹
1912 3803 2006 3830 Sarum
2020 3800 2143 3831 secundo
2157 3800 2202 3832 die
2217 3800 2306 3841 Junii.
2342 3795 2361 3816 ⁸¹¹
2378 3798 2433 3863 ἐκ

1903 3876 1956 3904 Per
1970 3874 2051 3914 ipfinn
2065 3877 2169 3913 Regem,
2339 3844 2375 3872 ωε
2397 3856 2406 3863 θ

1752 4043 1806 4077 Cc
2249 4049 2331 4081 Con*
