2562 4274
129 185 205 219 Ann.
219 187 258 218 D.

149 234 232 264 1419.

128 269 190 294 Hm.
206 275 233 301 5.

125 823 202 854 Ann.
213 822 255 854 D.

143 872 229 902 1419.

118 905 171 929 An.
196 913 218 934 ῐ.

120 943 154 966 H.
174 950 200 975 5.

120 981 180 1006 Par.

119 1021 210 1044 Norm.
226 1025 252 1051 7.

119 1059 250 1092 H.5.p.1.

119 1102 154 1120 m.
175 1103 219 1130 33.

103 2454 122 2473 ⁸
144 2455 184 2481 ix

104 2494 168 2529 783-

105 2579 182 2609 Ann.
194 2577 234 2608 D.

124 2626 212 2655 1419.

103 2660 156 2684 Ax.
177 2666 203 2690 7.

103 2700 137 2722 H.
158 2704 185 2730 5.

103 2732 216 2761 ExBibl.

102 2771 234 2800 cumbe-

102 2813 235 2837 riman.

104 2848 156 2876 Fal.
175 2848 235 2884 133.

104 2892 133 2915 Β.

105 3621 179 3651 Ann.
191 3622 229 3652 D.

124 3670 209 3698 14¹9·

103 3702 154 3725 Au.
175 3709 200 3734 7.

104 3740 137 3762 H.
159 3746 185 3771 5.

103 3777 162 3801 Par.

104 3816 193 3838 Norm.
209 3821 222 3846 7

103 3854 234 3886 115.p.1.

101 3897 138 3915 m.
154 3897 198 3924 32.

265 111 343 151 128

276 195 435 236 Ingressum
453 196 566 234 alicujus
579 194 699 227 Guerrae
713 196 878 227 exercendae
898 204 997 228 contra
1019 197 1066 228 An
1086 196 1156 226 licos
1167 217 1177 233 ‚
1195 194 1241 226 fiat
1254 193 1332 236 Pfae‘.

275 237 398 265 munitio
411 235 568 268 huiusmodi
588 234 729 266 Discessfis
745 235 801 265 five
816 235 1020 274 Divertentiae,
1082 235 1153 265 obili
1165 236 1198 265 &
1216 233 1331 263 Potenti

276 273 423 311 Domino,
442 273 577 304 Domino
590 273 747 311 Capitaneo
760 273 860 304 Calefii
870 297 878 312 ,
900 282 946 305 aut
964 275 1020 312 ejus
1035 272 1256 305 Locumtenenti
1270 272 1330 302 cui-

278 321 334 343 cun
359 322 400 341 ue.

315 321 354 378 liil
364 359 486 387 quorum
504 351 635 380 omnium
653 350 686 380 &
703 349 875 389 singulorum
889 349 1105 381 Testimonium
1121 346 1312 379 Commiffirii
1321 370 1330 385 ,

277 397 331 424 pro
347 387 428 417 Parte
445 387 468 417 F
469 387 581 418 landriae
595 388 740 426 supradieti
748 412 756 426 ,
776 389 848 418 hanc
864 387 878 418 Ι
889 397 911 418 N
922 397 943 418 D
955 398 972 418 E
983 397 1006 418 N
1017 397 1040 418 τ
1049 397 1072 418 u
1081 398 1103 418 R
1113 397 1131 417 A
1142 396 1187 426 M,
1203 387 1248 417 seu
1266 386 1332 416 Cr.-

278 434 299 455 D
310 433 331 455 u
340 434 361 455 L
371 434 390 455 Α
402 433 447 463 M,
465 426 579 457 suorum
593 427 755 467 Sigillorum
771 428 928 457 munimine
945 429 1125 458 roborarunt.

309 500 419 532 Aoum
434 503 468 534 δε
484 501 603 533 facium
617 503 721 542 Anno,
739 501 857 541 Mense,
876 503 951 541 Die,
969 504 1002 534 ὃς
1017 503 1101 533 Loco
1113 501 1283 540 supradietis.

402 578 455 608 Sub
470 578 571 616 Sigillis
588 583 703 609 omnium
736 579 905 609 raedidorum
921 577 1160 617 Commiffariorum
1174 578 1312 608 Flandriae
1321 600 1331 616 ,

435 617 497 647 cera*
514 617 597 647 rubrA
620 588 756 658 expreffi,
774 616 998 656 &pendentibus
1010 629 1029 647 a
1045 617 1133 647 caudis
1150 619 1331 655 Pergamenae.

525 744 574 776 De
591 743 714 790 Trcugis
728 745 857 776 franciae
871 740 1079 790 prorogandis.

278 827 334 882 R
344 825 407 857 EX
417 851 426 864 ,
444 826 594 857 Carissimo
610 827 831 865 consanguineo
847 827 962 865 nostro,
978 827 1093 857 Ricardo
1108 829 1204 855 Comiti
1218 825 1329 855 Warre-

353 869 446 903 wicae,
464 875 496 895 ac
507 889 516 904 ,
535 865 653 896 Dileeiis
666 868 698 896 &
714 866 854 896 Fideli'ous
876 866 944 903 suis,
960 864 1091 904 Guastoni
1105 865 1137 893 de
1146 867 1213 893 Foix
1232 867 1329 893 Comiti

273 903 305 932 de
322 903 517 941 Longaeville,
539 904 675 943 Magistro
692 904 819 941 Johamzi
837 906 937 942 Kempe
958 903 1090 933 Roffensi
1103 902 1207 933 Electo
1221 901 1328 932 Custo-

272 941 301 971 di
324 942 426 972 Privati
446 942 537 977 Sigilli
561 942 651 972 nostri
666 965 675 980 ,
693 942 814 971 GilL-erto
828 940 993 980 Unrfraville
1010 940 1161 978 Chivaler,
1178 940 1221 969 W
1220 940 1327 970 illielmo

271 982 368 1009 Porter
388 980 520 1011 Chivaler
536 1003 545 1018 ‚
562 982 594 1012 ὃς
615 980 754 1019 Magistro
768 979 898 1018 Johanni
911 978 1036 1019 stafford
1050 979 1166 1017 Legum
1182 979 1307 1010 Doctori
1318 1001 1327 1017 ‚

270 1017 403 1048 Salutem.

307 1055 387 1086 Cum
410 1055 577 1094 iampridem
593 1079 603 1093 ,
628 1057 699 1087 inter
722 1055 833 1087 nostros
858 1055 1073 1087 Commissarios
1095 1057 1128 1088 ὃ(
1145 1055 1325 1100 Deputatos,

266 1104 299 1125 ac
317 1090 532 1125 Ambaffiatores
551 1095 583 1126 δε
599 1094 736 1125 Nuncios
752 1095 963 1132 consanguinei
977 1095 1065 1125 nostri
1077 1094 1220 1132 Franciae,
1240 1103 1325 1125 certae

268 1133 372 1163 fuerint
394 1134 521 1169 Treugae
544 1135 619 1164 initae
641 1135 674 1165 ὃς
699 1132 834 1171 firmatae,
854 1133 938 1171 usque
954 1133 988 1164 ad
1004 1133 1179 1164 Vicesimum
1197 1133 1324 1164 Nonum

269 1170 360 1202 Diem
375 1171 498 1202 instantis
519 1171 628 1202 Menlis
645 1171 715 1211 Julii
735 1174 869 1211 proximo
885 1176 1012 1203 futurum
1029 1173 1230 1203 tantummodo
1245 1172 1324 1203 dura-

269 1218 340 1241 turre

304 1234 444 1288 Et’aliqua
465 1247 592 1287 Negotia
609 1271 618 1286 ,
633 1249 703 1279 inter
718 1250 775 1278 Nos
794 1249 827 1280 ὃς
841 1248 988 1287 praefarum
1003 1248 1254 1288 Consanguineum
1269 1258 1324 1279 no-

265 1285 356 1317 struin
381 1287 574 1325 pertraetanda
594 1288 706 1317 interim
720 1310 729 1325 ‚
747 1296 921 1326 occurrunt,
940 1297 1004 1325 quae
1019 1289 1085 1318 citra
1101 1288 1268 1326 praedidtum
1280 1289 1324 1318 vi-

264 1326 402 1369 celimum
428 1335 539 1356 nonum
562 1325 638 1356 diem
660 1336 719 1356 non
744 1335 900 1363 poterunt,
927 1334 957 1356 ut
979 1326 1120 1365 creditur,
1139 1325 1321 1358 verisimiliter

265 1373 424 1402 terminari,

304 1402 434 1440 Idcirco,

302 1441 347 1471 Ad
365 1441 583 1479 prorogandum
600 1440 730 1478 Treugas
745 1441 910 1479 praedic‘ias,
930 1442 957 1470 in
966 1441 1084 1472 Tenore
1096 1442 1130 1473 ὅ(
1146 1440 1320 1480 Formaqui-

263 1480 315 1510 bus
326 1481 384 1517 jam
401 1480 483 1510 fac’tae
502 1481 534 1510 ἃ
548 1479 664 1510 firmatae
680 1481 757 1517 sunt,
772 1489 840 1509 cum
852 1481 986 1510 omnibus
1000 1480 1051 1511 suis
1067 1479 1216 1518 Clausulis‚
1236 1488 1320 1518 prout

261 1519 346 1549 vobis
368 1518 422 1549 Sex
438 1542 448 1556 ,
468 1519 606 1556 Qiinque
621 1541 630 1557 ,
649 1518 692 1549 vel
710 1518 842 1556 Quatuor
862 1517 1007 1557 vestrum,
1027 1519 1117 1550 visum
1134 1519 1217 1550 fuerit
1233 1528 1320 1557 opor-

263 1566 364 1589 tunum

302 1595 345 1626 Ac
361 1580 483 1632 p'raefatas
495 1594 624 1631 Treugas
634 1619 642 1631 ,
661 1594 694 1624 &
709 1604 805 1625 earum
826 1594 1062 1635 prorogationem
1076 1617 1087 1634 ‚
1105 1594 1126 1626 fi
1141 1596 1224 1627 vobis
1236 1603 1321 1632 expe-

260 1633 319 1664 dire
331 1634 472 1665 videbitur
482 1656 492 1672 ,
513 1632 687 1663 Proclamari
702 1633 861 1664 faciendum
872 1656 882 1671 ,

299 1672 342 1702 Ac
359 1670 619 1701 Confirmationem
634 1671 846 1711 Prorogationis
859 1671 1035 1710 hujusmodi,
1054 1681 1104 1710 per
1116 1681 1169 1703 nos
1185 1671 1319 1710 fiendam,

259 1711 376 1740 nomine
391 1709 488 1740 nostro
503 1709 749 1748 promittendum,

295 1747 463 1786 Caeteraque
477 1749 574 1778 omnia
590 1749 624 1780 δε
639 1748 758 1788 singula,
777 1749 807 1778 in
822 1747 975 1779 Praemiffis
989 1749 1033 1780 vel
1047 1750 1122 1780 circa
1135 1759 1166 1780 ea
1177 1758 1318 1787 oportuna

258 1787 302 1819 vel
319 1787 484 1826 neceffiiria,
502 1786 690 1826 Excercendi‚
710 1787 861 1825 Faciendi,
880 1789 914 1819 &
929 1787 1102 1833 Expediendi
1114 1811 1123 1825 ,

296 1824 388 1856 Vobis
408 1825 464 1856 Sex
478 1849 487 1864 ‚
508 1826 646 1864 Qiinque
659 1848 670 1864 ,
686 1826 732 1857 vel
751 1826 883 1863 Quatuor
894 1825 1040 1863 vestrum,
1058 1826 1177 1856 Tenore
1194 1825 1318 1856 Praesen-

257 1864 347 1931 tiulr‘n,
365 1864 478 1901 speciale
501 1864 672 1895 Mandatum
693 1874 726 1895 ac
748 1865 861 1903 plenam
883 1865 916 1896 &
933 1864 1050 1895 liberam
1066 1863 1263 1896 Concedimus
1277 1865 1317 1896 fa—

259 1913 294 1933 cu
308 1911 392 1932 tatem

296 1925 495 1971 Promissiimus
517 1940 625 1978 insuper
641 1964 650 1978 ,
672 1940 749 1971 bona
774 1940 828 1971 fide
843 1942 876 1973 &
893 1943 921 1972 in
940 1942 1031 1973 verbo
1044 1941 1156 1981 Regio,
1175 1941 1244 1972 Nos
1258 1941 1317 1972 Ra-

257 1987 337 2018 tum,
356 1978 497 2017 Gratum,
516 1981 548 2010 δε
568 1980 695 2009 Firmum
713 1982 848 2017 perpetuo
864 1981 1007 2010 habituros
1024 1981 1159 2018 quicquid
1176 1980 1238 2011 Vos
1249 1980 1316 2019 Sex,

257 2018 414 2086 Ozuinque,
432 2018 477 2047 vel
493 2018 624 2055 Quatuor
642 2018 768 2047 vestrum
785 2017 903 2048 feceritis
919 2019 947 2048 in
961 2018 1129 2057 Praemiffis‚

322 2065 356 2093 t,
386 2055 404 2085 s1
426 2056 553 2095 Treugas
574 2055 719 2096 predictas
741 2066 790 2093 per
812 2057 889 2094 Vos,
906 2066 936 2087 ut
953 2058 1148 2095 praemittitur,
1166 2057 1315 2096 Prorogari

255 2095 548 2132 contingat,Treugas
567 2096 649 2131 ipias,
671 2095 707 2124 sic
724 2095 905 2133 Prorogatas,
926 2105 973 2132 per
986 2095 1092 2126 Literas
1108 2095 1214 2126 nostras
1230 2095 1313 2127 Con-

255 2133 429 2163 firmabimus
446 2156 455 2170 ,
485 2133 664 2163 servabimus
676 2156 684 2169 ,
711 2134 744 2163 &
764 2133 860 2164 servari
876 2133 1028 2172 faciemus,
1048 2135 1164 2172 perinde
1177 2144 1210 2165 ac
1227 2134 1246 2165 fi
1263 2145 1312 2173 per

255 2171 324 2202 Nos
338 2171 448 2201 fuissent
466 2172 494 2201 in
513 2171 625 2209 propria
641 2171 761 2201 Persona
774 2172 948 2209 Prorogatae.

295 2209 327 2239 ln
341 2210 434 2248 cujux,
454 2211 514 2240 ἃς.

289 2247 378 2279 Teste
394 2247 475 2288 Rege
488 2247 560 2287 apud
577 2250 604 2279 V
603 2246 680 2277 illam
690 2247 770 2288 sicam
786 2248 818 2278 de
836 2251 937 2278 stlante
959 2249 1002 2278 xix
1019 2248 1065 2279 die
1076 2248 1153 2288 Julii.

936 2328 990 2356 Per
1003 2326 1087 2366 ipst'tm
1100 2329 1206 2365 Regem.

256 2449 283 2475 ἵ(
311 2450 477 2482 Exti-acius
501 2452 678 2483 Litcrarum
709 2450 881 2496 Alligantiae
900 2475 910 2490 ,
927 2450 1015 2493 fizfiae
1034 2454 1111 2482 inter
1127 2449 1311 2497 Delphinum

595 2501 631 2535 Θ·
650 2501 768 2531 Ducem
787 2499 972 2545 Burgundiae.

319 2580 437 2618 Arolus,
455 2580 513 2610 Dei
530 2581 646 2619 Gratia,
666 2585 827 2612 Francorum
841 2585 918 2620 Rex,
935 2582 1081 2621 universis,
1100 2584 1246 2622 praesentes
1260 2585 1310 2615 Li-

336 2628 402 2649 teras
415 2619 590 2656 inspeeturis,
608 2620 740 2649 Salutem.

293 2658 397 2686 Notum
411 2656 529 2695 facimus
549 2657 629 2695 quod
650 2658 718 2688 Nos
733 2681 742 2694 ,
765 2657 800 2687 de
823 2657 984 2697 Registeriis
998 2659 1176 2691 Parliamenti
1193 2660 1309 2699 Curiat,

257 2698 360 2726 exrrabi
379 2696 497 2726 fecimus
516 2696 645 2733 quasdam
664 2697 786 2732 Literas,
808 2697 836 2725 in
853 2698 951 2727 eadem
971 2696 1076 2735 Curia,
1092 2698 1150 2728 Die
1169 2698 1308 2729 Vicelirna

274 2734 343 2771 ulii,
369 2734 456 2764 Anno
486 2734 606 2764 Domini
639 2734 785 2765 Milesimo
802 2757 812 2773 ‚
837 2735 1150 2775 Qadringenteiim,
1180 2736 1308 2768 Decimo

293 2782 370 2810 ono,
388 2773 487 2802 Leetas
505 2774 536 2803 ὃ(
558 2773 713 2803 Publicatas
724 2796 734 2811 ,

293 2810 424 2849 Qarum
437 2811 539 2841 Tenor
556 2812 614 2842 talis
629 2810 688 2849 est,

291 2886 420 2926 charles,
440 2887 501 2917 Filz
517 2888 553 2916 dn
569 2891 624 2928 Roy
642 2888 674 2917 de
698 2891 814 2926 Frauce,
834 2888 946 2925 Daulph
969 2899 986 2918 n
1004 2888 1040 2919 de
1058 2889 1221 2928 Viennoiz,
1239 2890 1307 2921 Duc

255 2924 292 2955 de
310 2925 398 2963 Betoy
409 2949 418 2963 ,
435 2928 468 2957 δε
487 2927 523 2966 de
541 2926 703 2963 Touiainc,
722 2928 754 2957 ὅ(
774 2927 872 2957 Conte
889 2927 924 2956 de
944 2899 1048 2958 gorzon
1059 2951 1068 2966 ,
1086 2928 1119 2958 δε
1163 2928 1234 2958 ohan
1247 2932 1308 2959 Duc

255 2964 287 2992 de
304 2966 450 3002 Burgoig⁷.·e
466 2989 475 3001 ,
497 2965 596 2995 Conte
613 2966 650 2996 de
668 2965 798 2995 Flandres
813 2988 822 3003 ,
846 2966 968 2996 d‘Ai-tois
983 2988 993 3004 ,
1017 2966 1051 2997 &
1069 2966 1105 2996 de
1147 2978 1162 2996 u
1195 2969 1282 3005 oigne
1299 2991 1308 3006 ,

254 3001 359 3032 Palatii]
376 3028 385 3040 ,
411 3003 545 3041 Seigneur
573 3003 608 3033 de
635 3003 720 3033 Salins
737 3004 770 3034 &
789 3004 824 3033 de
845 3003 965 3034 Malines
979 3027 989 3043 ‚
1014 3014 1029 3034 a
1045 3013 1109 3036 tous
1128 3014 1180 3036 ceu
1194 3015 1210 3036 x
1222 3029 1232 3045 ‚
1258 3009 1307 3045 qui

254 3050 301 3071 ces
321 3040 460 3072 Presentes
483 3041 589 3071 Lettres
608 3051 739 3078 verront,
758 3042 843 3073 Salut.

290 3078 346 3108 Co
358 3088 383 3109 M
394 3088 411 3109 E
427 3102 437 3114 .,
455 3090 469 3108 a
485 3079 645 3109 l’Occalion
661 3080 707 3109 des
720 3079 813 3109 Grans
828 3080 986 3119 Divisions‚
1005 3079 1065 3116 &a
1079 3088 1162 3120 prout
1172 3082 1258 3122 Jiaepra
1276 3086 1305 3113 in

252 3119 355 3146 Lirem
368 3118 586 3156 Alligantiarum
601 3121 672 3147 Dat.
697 3127 740 3147 11.
760 3121 814 3148 Die
831 3118 896 3157 Jul.

288 3192 321 3221 In
344 3195 421 3232 cujus
446 3192 594 3224 Extractus
618 3193 832 3225 Testimonium
854 3195 1039 3226 Praesentibus
1059 3195 1158 3227 Literis
1175 3196 1305 3228 nostrum

248 3230 377 3267 juffimus
395 3233 500 3269 apponi
517 3232 658 3270 Sigillum.

289 3305 358 3337 Dat.
375 3307 519 3337 Extradtus
539 3308 697 3346 hujusmodi
718 3309 833 3348 Parifius
849 3311 876 3339 in
896 3309 1084 3340 parliamento
1102 3310 1200 3341 nostro
1219 3311 1305 3341 Vice-

252 3344 319 3375 fima
337 3344 394 3375 Die
408 3346 474 3382 Julii
493 3347 581 3376 Anno
598 3346 722 3376 Domini
742 3347 897 3378 Millelimo
917 3348 1201 3387 Qadringentesimo
1220 3350 1305 3380 Vice-

252 3383 338 3421 limo,
356 3384 389 3414 &
406 3383 500 3423 Regni
519 3384 606 3415 nostri
629 3385 856 3424 Quadrageiimo.

522 3528 579 3557 Pro
602 3527 779 3569 Constliariis
797 3531 883 3574 Regis
899 3531 1037 3563 Franciae.

255 3609 372 3666 REX
384 3634 393 3647 ‚
411 3620 460 3648 per
481 3609 586 3640 Literas
597 3609 652 3639 suas
661 3610 806 3650 Parentes,
825 3613 910 3650 usque
924 3613 1090 3644 vicesimum
1105 3624 1215 3645 nonum
1225 3615 1300 3645 diem

325 3650 393 3687 julii
403 3649 534 3686 proximo
551 3648 676 3678 futurum
691 3650 824 3680 inclusive
833 3651 971 3680 duraturas
982 3674 990 3688 ‚
1006 3652 1120 3689 suscepit
1135 3654 1163 3683 in
1179 3653 1301 3691 salvum,

249 3686 309 3715 &c.
332 3686 507 3724 Reginaldum
533 3689 584 3715 Pot
609 3686 735 3716 Militem
754 3711 762 3725 ,
781 3688 952 3718 Anthonium
974 3689 1141 3728 Thoulinjon
1159 3691 1301 3728 Militem,

250 3722 421 3763 Magistrum
448 3727 594 3755 Henricum
616 3724 750 3754 Goedhals
776 3725 926 3756 Decanum
951 3727 988 3756 du
1015 3728 1102 3767 Liege
1119 3751 1129 3766 ‚
1154 3729 1186 3759 &
1206 3729 1301 3766 Magi-

250 3760 337 3792 strum
356 3764 500 3793 Guidonem
518 3763 656 3800 Geluner,
681 3763 861 3794 Confiliarios
879 3763 1087 3804 Consanguinei
1109 3767 1199 3796 nostri
1217 3767 1239 3797 F
1241 3777 1301 3796 ran-

249 3800 301 3828 ciae
317 3823 325 3838 ,
354 3801 439 3838 usque
465 3803 498 3831 &
525 3803 553 3831 in
581 3801 685 3831 Villam
711 3801 798 3839 Regis
819 3801 854 3831 de
873 3802 986 3840 Mance,
1002 3813 1069 3833 cum
1090 3804 1300 3844 Qiinquaginta

252 3835 377 3868 Personis
395 3841 422 3868 in
443 3838 591 3869 Comitiva
610 3840 654 3870 sua
669 3862 677 3876 ,
704 3840 746 3870 vel
766 3840 850 3876 infra,
866 3842 899 3871 ὃ(
916 3842 1035 3870 totidem
1055 3842 1159 3881 Equis,
1178 3844 1301 3873 Atinatis

251 3875 294 3903 vel
312 3886 370 3905 non
390 3878 512 3907 Armati>-
527 3900 536 3915 ‚
561 3877 699 3915 Equestre
717 3878 760 3909 vel
780 3877 928 3915 pedestre,
947 3887 1003 3908 tam
1022 3889 1071 3916 per
1091 3880 1196 3918 Diem,
1213 3882 1300 3918 quem

249 3921 298 3948 per
324 3913 455 3944 Noctem
470 3938 479 3951 ,
504 3917 604 3946 totiens
630 3918 758 3954 quotiens
783 3916 834 3946 fibi
859 3917 1011 3954 placuerit,
1036 3918 1151 3948 durante
1175 3921 1298 3956 praesenti

249 3949 325 3993 salvo
350 3951 506 3982 ConduRu
523 3953 625 3991 Regis,
645 3956 699 3984 una
712 3964 780 3984 cum
795 3955 892 3992 Auro,
911 3955 1058 3992 Argento,
1079 3956 1228 3995 Manticis,
1243 3957 1298 3994 Jo-

246 3988 367 4027 cuibus,
385 3992 417 4020 ὅ(
429 3991 484 4021 aliis
501 3991 586 4021 Bonis
598 3992 650 4022 suis
666 3993 888 4030 quibuscumque
902 4014 912 4029 ‚
933 3992 1047 4024 Iniimul
1064 3994 1106 4025 vel
1121 4004 1169 4032 per
1184 3995 1296 4034 Partes,

694 103 1506 154 CONVENTIONES,
1562 103 1952 154 LITERAE,

1372 189 1516 221 veniendo
1531 213 1541 228 ‚
1565 190 1672 222 ibidem
1688 191 1828 223 morando
1841 214 1850 230 ,
1867 191 1901 223 &
1917 190 2165 231 perhendinand0,
2182 193 2217 225 &
2234 192 2336 224 exinde
2349 192 2426 226 salvo
2445 190 2522 223 Ann.
2538 189 2562 222 D

1374 229 1407 259 &
1422 228 1517 259 secure
1535 228 1681 260 redeundo
1697 254 1707 269 ,
1725 241 1786 261 non
1804 230 1934 261 obstante
1951 229 2090 269 Marqua,
2105 229 2352 271 Contromarqua,
2367 232 2427 264 Re-
2475 239 2562 269 1419.

1374 266 1493 305 pristim,
1509 266 1553 297 seu
1570 267 1620 297 alia
1639 267 1729 299 Causa
1745 279 1943 308 quacumque3
2446 273 2508 298 ΗΜ·
2525 279 2544 306 5
2548 291 2556 297 ·

1411 304 1651 381 furocvuijsgss'ergggr
1668 307 1748 345 quod
1763 308 1813 346 ipsi
1828 309 1981 346 quicquam
1989 330 2000 346 ,
2015 308 2076 339 &c.

1371 380 1500 456 Juffieste
1523 381 1606 420 Rege
1625 381 1698 421 apud
1719 382 1824 414 Villam
1833 383 1914 424 fitam
1928 384 1960 414 de
1975 386 2075 414 Mante
2096 383 2232 416 vicesimo
2243 385 2366 418 secundo
2383 385 2430 417 die

2057 462 2110 490 Per
2125 458 2208 500 ipfiem
2221 464 2325 500 Regem.

1504 585 1553 617 De
1572 584 1710 616 Armata
1731 586 1762 616 in
1780 586 1959 630 Succurficm
1974 583 2121 632 Dalphini
2137 585 2173 620 de
2199 590 2294 621 inata.

1373 672 1425 713 A,
1448 670 1679 716 Treftxcellent,
1707 669 1872 711 Treshaue,
1895 673 1931 708 (ῥ’
1951 670 2043 714 nostre
2054 673 2246 719 Treftedoute
2263 676 2367 707 Prince
2385 678 2423 713 ό*

1417 719 1614 764 Treffoverein
1634 722 1774 766 Selgneur
1801 719 1826 751 le
1856 721 1913 767 Roy
1939 719 2147 767 d'Angleterre
2172 726 2208 761 ᾤ’
2232 721 2268 755 de
2287 725 2421 762 France,

1418 771 1454 806 ὠ
1473 771 1546 802 Duc
1564 766 1599 800 de
1616 770 1759 802 Guienne.

1437 852 1635 893 Rcfixcellent,
1644 851 1783 891 Trestrault
1793 876 1802 892 ,
1811 851 1849 889 ό
1865 852 1950 893 nostre
1965 852 2135 893 Treftedoute
2153 855 2246 885 Priuce
2259 854 2296 890 ό·
2306 856 2423 896 Treffim—
2442 854 2518 886 Ann.
2531 855 2562 888 D

1448 895 1556 949 verfign
1569 895 1692 930 Seigneur
1700 915 1710 931 ,
2439 904 2557 961 A1419.

2468 945 2482 961 n
2510 945 2537 966 7.

1406 966 1676 999 Treshumblement
1690 967 1778 999 Nous
1791 967 2015 1000 Recomandons
2029 979 2044 999 a
2058 969 2154 1000 vostre
2168 968 2262 1009 Royal
2281 969 2422 1008 Mageste.
2438 976 2473 999 H.
2493 981 2523 1008 5.

1407 1004 1433 1036 A
1457 1005 1573 1044 laquelle
1597 1006 1692 1046 Pleyse
1714 1006 1802 1037 savoir
1821 1018 1877 1045 que
1899 1007 1959 1038 hun
1980 1008 2077 1038 nostre
2099 1007 2214 1039 Balener
2235 1009 2325 1039 Arme
2339 1019 2353 1039 a
2367 1011 2423 1047 pris
2439 1011 2502 1038 Pell.

1369 1042 1428 1074 hun
1451 1043 1538 1075 Clerc
1561 1045 1594 1076 ὃ(
1611 1044 1753 1076 Escrivein
1769 1045 1804 1075 du
1816 1049 1872 1086 Roy
1885 1047 1917 1076 de
1931 1045 2031 1086 Castele
2041 1069 2051 1085 ,
2068 1047 2102 1077 ὃ(
2115 1047 2151 1078 de
2167 1047 2194 1078 sa
2211 1056 2304 1078 armee
2314 1070 2324 1086 ,
2341 1049 2389 1087 qui
2405 1058 2421 1079 a

1369 1084 1475 1120 empris
1491 1093 1507 1114 a
1521 1083 1580 1114 fere
1594 1092 1693 1114 contre
1709 1082 1788 1113 Vous
1804 1084 1836 1115 ὃ(
1851 1093 1952 1115 contre
1968 1094 2038 1116 touz
2055 1085 2092 1115 les
2108 1084 2235 1116 Vostres.

1404 1121 1545 1160 Ovecque
1566 1122 1655 1160 lequel
1679 1119 1765 1152 Clerc
1786 1132 1874 1153 avons
1893 1124 1993 1154 troube
2017 1123 2041 1153 le
2065 1122 2237 1154 Ordenance
2252 1123 2288 1155 de
2303 1124 2329 1155 le
2344 1124 2422 1157 diere

1366 1158 1472 1190 Armee
1509 1160 1712 1198 c’estaffavoir,
1733 1160 1802 1198 Que
1814 1161 1840 1191 le
1857 1162 1899 1191 dit
1910 1164 1967 1201 Roy
1989 1162 2021 1191 de
2045 1161 2146 1200 Castele
2163 1163 2255 1194 Arme
2272 1163 2309 1193 xl.
2328 1163 2422 1202 Nefs,

1365 1198 1400 1229 &
1417 1209 1434 1229 a
1452 1183 1561 1243 Maride
1575 1208 1610 1229 az
1622 1199 1718 1230 Geans
1731 1198 1852 1230 d'icelles
1869 1209 1923 1238 que
1936 1211 1951 1230 a
1964 1211 2004 1239 my
2016 1206 2075 1229 tout
2089 1200 2168 1230 debot
2179 1211 2194 1230 a
2209 1201 2273 1232 Bele
2287 1201 2372 1240 Ysse‚

1401 1236 1438 1267 Et
1464 1237 1616 1275 illuecques
1632 1238 1802 1269 demourent
1827 1237 1886 1268 Diz
1900 1238 1985 1277 Jours
1999 1261 2010 1275 ‚
2037 1239 2070 1270 &
2087 1237 2236 1270 Recevent
2251 1239 2359 1271 dedanz
2375 1241 2420 1271 lez

1366 1274 1463 1306 Geans
1479 1277 1527 1313 qui
1544 1276 1638 1307 vostre
1657 1276 1816 1308 Adversaire
1830 1277 1862 1306 de
1874 1280 1975 1307 France
1991 1277 2024 1308 &
2042 1276 2066 1306 Ie
2083 1277 2188 1318 Datfin
2207 1278 2268 1309 leur
2281 1288 2419 1318 remetra3

1365 1323 1381 1343 e
1397 1314 1432 1344 de
1446 1314 1584 1353 illuecque
1601 1315 1698 1345 enfore
1716 1315 1813 1345 faflent
1829 1315 1940 1346 Guerre
1960 1314 2077 1346 Mortal.

1400 1351 1438 1384 Et
1454 1353 1511 1383 s’en
1525 1355 1598 1384 alent
1615 1364 1650 1384 en
1660 1353 1766 1384 Escoffi
1776 1353 1827 1391 ,&
1841 1354 1990 1392 illuecques
2007 1362 2139 1385 recevent
2155 1353 2260 1385 dedens
2273 1354 2333 1385 leur
2343 1355 2420 1386 Nefs

1364 1399 1426 1420 tous
1443 1391 1488 1421 lez
1506 1392 1525 1410 ³¹³
1542 1391 1638 1423 Geans
1662 1392 1794 1423 d’Armes
1807 1415 1816 1431 ‚
1835 1394 1884 1431 qui
1898 1393 2000 1424 dedans
2019 1393 2163 1424 voudront
2179 1392 2281 1424 Entrer
2299 1395 2333 1426 ὃς
2347 1394 2419 1425 alent

1363 1439 1399 1459 en
1416 1429 1524 1460 France
1541 1440 1641 1462 contre
1654 1430 1742 1462 vous.

1397 1466 1434 1498 Et
1451 1479 1487 1498 ne
1503 1468 1603 1500 saffent
1617 1469 1730 1500 Guerre
1746 1470 1777 1499 ni
1795 1469 1932 1507 Domage
1947 1479 1962 1499 a
1979 1468 2004 1500 le
2020 1469 2112 1500 Terre
2124 1469 2162 1500 du
2181 1473 2242 1500 Duc
2257 1470 2288 1500 de
2305 1474 2420 1509 Bergoi-

1358 1516 1426 1575 {nfij
1445 1517 1518 1576 {our
1539 1507 1728 1539 Mandament
1745 1518 1800 1547 que
1823 1507 1918 1539 vostre
1940 1507 2113 1549 Adverfhire
2132 1509 2162 1539 ni
2184 1508 2209 1539 le
2227 1508 2334 1550 Datfin
2356 1511 2417 1541 leur

1373 1555 1387 1574 a
1413 1555 1447 1574 en
1464 1570 1469 1576 .

1400 1583 1455 1621 Et,
1475 1594 1510 1615 en
1532 1593 1613 1623 otre,
1632 1583 1728 1615 sumez
1744 1583 1846 1615 Avisez
1860 1585 1893 1616 &
1911 1584 2063 1615 Enformes
2080 1584 2244 1623 plenement
2257 1594 2312 1623 que
2330 1585 2356 1616 le
2371 1586 2415 1615 dit

1361 1623 1416 1661 Roy
1434 1624 1466 1651 de
1485 1622 1587 1662 Castele
1607 1622 1647 1653 est
1667 1633 1703 1653 en
1728 1622 1852 1661 Prepous
1875 1623 1911 1653 de
1935 1633 2024 1653 metre
2038 1623 2065 1653 le
2081 1623 2164 1661 Siege
2180 1634 2215 1654 en
2231 1623 2307 1655 ceste
2322 1623 2415 1655 vostre

1361 1658 1443 1690 Circe
1459 1670 1465 1690 z
1495 1661 1531 1691 Et
1555 1672 1570 1691 a
1594 1661 1711 1691 Ordene
1732 1660 1767 1692 de
1789 1672 1804 1691 a
1827 1661 1892 1692 talei·
1906 1662 1938 1692 ὃ(
1955 1669 2055 1692 mettre
2069 1672 2083 1691 a
2099 1662 2141 1693 fut
2158 1662 2203 1692 lez
2218 1661 2367 1700 Heritages
2381 1663 2415 1693 &

1360 1699 1464 1767 {orcle
1479 1699 1550 1768 &lis
1566 1699 1709 1738 adjacent,
1730 1701 1763 1731 &
1786 1700 1830 1730 sur
1844 1700 1869 1730 le
1889 1709 1951 1730 tout
1968 1699 1993 1730 V
1996 1710 2048 1730 ous
2063 1699 2158 1740 Pleyse
2171 1702 2250 1733 avoir
2264 1701 2325 1731 bon
2338 1700 2415 1733 Aviz

1439 1747 1476 1767 on
1490 1748 1513 1768 ei
1534 1747 1540 1767 z

1396 1775 1433 1806 Et
1448 1776 1536 1807 Nous
1559 1784 1713 1806 remetoms
1736 1775 1834 1806 devcrs
1850 1775 1944 1807 vostre
1966 1775 2130 1807 Lieutenant
2144 1776 2177 1806 &
2192 1775 2307 1807 Conseil
2323 1776 2415 1808 d’An-

1359 1813 1477 1852 gleterre
1499 1816 1543 1846 lez
1567 1815 1738 1852 Escriptures
1752 1816 1783 1845 &
1800 1814 1982 1846 Ordenances
1997 1814 2034 1845 du
2049 1815 2090 1844 dit
2103 1817 2158 1855 Roy
2172 1814 2204 1844 a'e
2217 1814 2334 1854 castele,
2351 1823 2414 1845 tou-

1358 1852 1472 1883 chantes
1494 1854 1519 1884 le
1537 1853 1658 1884 surdiece
1681 1853 1786 1883 Armee
1804 1854 1836 1884 ὃς
1854 1853 1965 1884 Guerre
1979 1876 1988 1891 ,
2005 1853 2071 1883 aussi
2086 1862 2142 1890 que
2160 1853 2200 1891 yls
2218 1852 2297 1883 Vous
2312 1853 2417 1885 avisent

1357 1891 1501 1959 &Tfasent
1525 1902 1634 1922 aucune
1654 1893 1730 1922 bone
1751 1891 1902 1923 Provision
1923 1901 2024 1923 contre
2040 1891 2066 1922 le
2083 1891 2160 1922 dieie
2179 1891 2283 1922 Armee
2297 1892 2330 1923 &
2343 1891 2416 1922 Em-

1378 1940 1398 1959 ri
1410 1940 1435 1960 e.

1356 1939 1376 1968 p
1391 1967 1437 1999 Ni
1462 1967 1543 1999 Vous
1560 1967 1669 1999 ausoms
1684 1968 1791 1999 Escrire
1808 1969 1868 2007 plus
1885 1969 1921 1999 lar
1941 1976 2054 2006 emant,
2070 1968 2208 1999 doubtant
2226 1977 2280 2007 que
2295 1979 2342 2006 par
2355 1977 2415 1999 voz

1354 2005 1477 2037 Enemiz
1492 2007 1585 2038 nostre
1600 2006 1713 2038 Preient
1733 2008 1829 2038 Lettre
1842 2007 1893 2038 soit
1935 2007 1995 2037 rise:
2016 2009 2044 2037 ni
2052 2007 2154 2037 Seeller
2170 2008 2205 2038 de
2215 2006 2310 2037 nostre
2320 2007 2414 2038 Grant

1353 2045 1432 2083 Seel,
1451 2055 1537 2076 come
1552 2055 1650 2076 avoms
1665 2046 1840 2084 Acosturne,
1859 2047 1926 2076 mais
1938 2046 2022 2076 d'une
2037 2045 2134 2076 nostre
2149 2045 2234 2076 Previ
2252 2045 2332 2084 Seel,
2347 2056 2362 2077 a
2374 2046 2414 2076 fin

1354 2094 1410 2122 que
1423 2084 1516 2114 nostre
1533 2083 1644 2114 Present
1664 2084 1761 2115 Lettre
1779 2085 1828 2114 soit
1844 2084 1946 2115 Portee
1961 2085 2019 2122 plus
2032 2084 2235 2122 Segretemant.

1387 2122 1426 2153 Et
1441 2122 1478 2152 de
1494 2132 1552 2154 voz
1568 2121 1652 2153 Estaz
1669 2124 1703 2154 ὃς
1718 2123 1811 2153 Sainte
1829 2123 1982 2161 (Lezquels
1997 2123 2092 2161 Pleyse
2105 2133 2120 2153 a
2134 2122 2230 2153 Dieux
2250 2132 2306 2160 que
2319 2122 2408 2153 soient

1351 2164 1435 2196 vons)
1455 2160 1548 2200 Pleyse
1560 2171 1575 2191 a
1594 2160 1688 2191 vostre
1703 2160 1778 2192 diere
1795 2161 1887 2200 Royal
1904 2161 2022 2199 Majeste
2037 2160 2125 2191 Nous
2139 2160 2287 2198 Cenffier,
2302 2160 2328 2191 le
2343 2170 2413 2200 que-

1353 2200 1379 2230 le
1400 2199 1513 2238 Dieux,
1529 2209 1601 2239 pour
1618 2200 1643 2230 sa
1660 2199 1771 2236 Marci,
1787 2199 1940 2237 Mantinge
1953 2210 1990 2231 en
2006 2200 2138 2230 tresbone
2155 2199 2322 2237 Prosperite.

1388 2237 1527 2278 Escriptes
1541 2249 1578 2269 en
1595 2238 1690 2270 vostre
1705 2237 1789 2269 Citee
1803 2238 1840 2269 de
1853 2237 1956 2270 Baione
1970 2239 1996 2269 le
2011 2239 2077 2268 xxii.
2091 2237 2165 2277 Jour
2180 2238 2215 2268 de
2223 2237 2329 2278 Juillet.

2453 1383 2473 1403 ³*
2489 1385 2543 1414 ix.

2441 1423 2507 1459 784-

1519 2318 1573 2346 Les
1589 2323 1654 2345 touz
1666 2314 1769 2355 vostres
1786 2314 1965 2351 treshumblez
1981 2318 2069 2354 Ligez
2088 2312 2126 2350 ᾤ’
2140 2313 2243 2356 Foyalx
2255 2313 2374 2354 Subgiz,

1509 2395 1588 2423 Mere
1602 2415 1612 2430 ,
1634 2391 1801 2432 Esthevins‚
1816 2392 1929 2431 Jurez,
1948 2395 2016 2422 Cent
2032 2393 2122 2431 Pars,
2139 2390 2177 2427 ὀ*
2192 2394 2355 2422 Communite
2373 2389 2411 2421 de

1558 2431 1653 2463 vostre
1666 2434 1739 2460 Citee
1753 2431 1786 2460 de
1802 2433 1917 2461 Baione.

1531 2562 1579 2593 De
1603 2559 1836 2592 Proclamatione
1856 2557 2044 2602 Intercurfhs
2061 2554 2216 2590 Flandriae.

1347 2647 1398 2702 R
1410 2642 1490 2681 EX,
1509 2642 1736 2673 vicecomitibus
1755 2641 1930 2678 Londoniae,
1949 2640 2081 2672 Salutem.
2421 2645 2497 2676 Arm,
2513 2645 2554 2678 D,

1439 2681 1539 2718 Cum,
1557 2682 1628 2711 inter
1643 2679 1860 2711 Ambaffiatores
1874 2680 1985 2710 nostros
2002 2689 2054 2717 pro
2068 2679 2152 2709 Parte
2169 2677 2263 2708 nostra
2281 2677 2402 2718 Angliae,
2441 2694 2527 2724 1419,

1347 2721 1380 2751 &
1398 2719 1614 2750 Commissarios
1632 2729 1686 2756 pro
1704 2718 1786 2748 Parte
1799 2718 1950 2755 Flandriae,

1348 2759 1561 2801 morpraeterito
1580 2781 1588 2794 ,
1615 2757 1850 2796 Αρρυηξὶυαωτη
1872 2756 1903 2787 fit
1926 2757 1959 2788 &

1347 2805 1458 2834 rentiae,
1478 2797 1660 2834 Securiraoes,
1676 2797 1709 2827 &
1724 2795 1900 2825 Provisiones
1910 2817 1919 2833 ,

1376 2835 1553 2873 jamdudum
1569 2835 1638 2865 inter
1656 2834 1748 2864 Partes
1762 2833 1924 2871 praedieias,
1942 2832 2021 2870 supet
2037 2832 2198 2863 Communi
2211 2831 2302 2862 Cursu
2315 2831 2399 2862 Mer·
2418 2844 2531 2875 H,5‚m,

1347 2874 1538 2912 candiffirum,
1555 2872 1687 2904 Tranfitu
1704 2871 1887 2902 Clericorum
1902 2873 1935 2903 &
1952 2872 2185 2910 Peregrinorum,
2208 2879 2241 2900 ac
2259 2869 2402 2913 Negotia·
2426 2887 2468 2906 η,
2490 2875 2562 2914 dorp

1347 2913 1426 2942 tione
1446 2911 1618 2943 Piscatorum
1634 2934 1644 2949 ,
1665 2911 1748 2942 faeiae
1759 2933 1769 2948 ‚
1787 2911 1882 2949 initae,
1900 2911 1932 2940 &
1948 2909 2147 2946 concordatae,
2165 2918 2198 2939 ac
2215 2908 2310 2944 saepius
2330 2908 2402 2939 Pro-

1346 2960 1449 2990 rogatae
1459 2973 1469 2989 ,
1485 2952 1518 2982 &
1533 2960 1597 2989 quae
1612 2951 1641 2980 in
1656 2949 1728 2989 Festo
1748 2948 1858 2989 Pafihae
1875 2948 1976 2978 ultimo
1992 2948 2033 2978 ela
2053 2947 2083 2977 so
2099 2946 2229 2990 finierunt
2245 2947 2279 2977 &
2297 2949 2404 2986 expira-

1345 2999 1464 3026 verunt,
1483 2991 1604 3027 quasque
1620 2988 1704 3018 iidem
1720 2986 1936 3018 Ambaffiatores
1958 2987 1992 3017 &
2043 2985 2210 3016 ommissarn
2223 2994 2276 3023 pro
2292 2985 2340 3016 hic
2354 2995 2402 3017 ex-

1344 3027 1438 3066 preffis
1453 3030 1485 3058 ἃ
1503 3028 1622 3065 repetitis
1637 3026 1740 3057 habere
1755 3026 1854 3055 volunt
1864 3047 1874 3063 ,

1381 3066 1484 3097 Rursus
1495 3089 1504 3105 ,
1521 3076 1553 3097 ac
1570 3067 1687 3102 iterum,
1706 3064 1739 3094 &
1754 3063 1789 3093 de
1801 3072 1881 3094 novo
1894 3061 2120 3100 Resuscitentur,
2141 3061 2347 3101 Renoventur,
2365 3063 2400 3094 &

1343 3104 1532 3135 Resumantur

1383 3144 1458 3182 Qiae
1474 3128 1556 3173 eriam
1572 3143 1600 3171 in
1617 3149 1716 3171 eorum
1736 3139 1873 3170 Tractatu
1889 3162 1898 3177 ‚
1917 3140 1950 3171 &
1965 3148 2013 3176 per
2030 3138 2200 3177 praedictum
2215 3137 2401 3177 Appunciua-

1345 3191 1489 3218 mentum,
1511 3180 1734 3216 Resuscitantur,
1755 3178 1943 3208 Renovantur
1957 3200 1966 3214 ,
1992 3178 2026 3208 &
2050 3177 2258 3215 Resumunmr,
2276 3177 2326 3206 sub
2345 3178 2399 3207 eis-

1342 3220 1425 3256 dem,
1445 3220 1490 3249 seu
1513 3218 1703 3249 confimilibus
1716 3240 1726 3255 ,
1752 3216 1867 3255 Modo,
1884 3215 2005 3254 Forma,
2023 3216 2056 3247 &
2073 3216 2208 3252 Tenore,
2225 3215 2326 3253 quibus
2341 3215 2398 3245 Ini-

1342 3266 1398 3295 tae,
1415 3257 1514 3295 faeiae,
1532 3265 1691 3295 prorogatae
1701 3278 1711 3292 ,
1729 3256 1763 3286 &
1777 3255 1930 3286 observatae
1941 3254 2070 3292 fuerunt,
2088 3263 2135 3284 aut
2149 3254 2244 3285 saltem
2258 3253 2399 3284 observari

1342 3295 1499 3326 debuerunt
1511 3317 1520 3332 ,
1537 3294 1660 3326 valiturae
1683 3295 1715 3325 ὃ(
1728 3293 1877 3331 duraturae,
1896 3294 1924 3322 in
1939 3291 2091 3323 Consimili
2105 3292 2235 3330 Virtute,
2253 3291 2395 3334 Robore,

1343 3334 1375 3364 &
1398 3333 1508 3370 Vigore
1522 3356 1531 3371 ,
1556 3333 1658 3371 quibus
1679 3341 1741 3362 ante
1753 3331 1862 3362 dietum
1881 3330 1984 3370 Festum
2000 3330 2112 3370 Pafihae
2127 3330 2280 3374 Valuerunt
2294 3330 2327 3361 &
2343 3328 2395 3359 Vi-

1362 3381 1460 3402 uerunt
1475 3396 1484 3407 ,
1511 3374 1546 3402 de
1563 3372 1630 3402 hinc
1652 3371 1698 3402 seu
1718 3380 1733 3400 a
1754 3370 1835 3400 dieto
1857 3369 2084 3408 Quartodecimo
2102 3368 2160 3399 Die
2172 3368 2240 3407 Julu
2256 3366 2340 3404 usque
2359 3367 2394 3397 ad

1341 3381 1456 3440 {estum
1474 3410 1615 3440 Omnium
1631 3409 1801 3440 Sanctorum
1816 3410 1949 3445 proximo
1962 3408 2022 3445 jam
2035 3407 2174 3444 futurum,
2191 3415 2251 3436 non
2265 3404 2394 3435 obstante

1342 3448 1424 3516 {qued
1449 3447 1569 3479 Guerrae
1594 3450 1663 3478 inter
1686 3447 1785 3486 Regna
1808 3446 1934 3477 Franciae
1956 3447 1990 3476 ὃ(
2016 3445 2127 3484 Angli-ae
2143 3446 2254 3484 vigeant
2271 3442 2307 3472 de
2322 3452 2394 3481 prae-

1353 3496 1418 3517 enti.

1379 3525 1417 3555 Et
1433 3547 1442 3563 ‚
1460 3526 1523 3563 quia
1541 3524 1842 3562 Appuneiuarnentum
1857 3523 1890 3554 &
1911 3521 2106 3553 Concordiam
2127 3518 2260 3557 praedieta
2272 3518 2307 3549 ad
2323 3518 2393 3564 N.⁰‘

1341 3564 1432 3594 titiam
1451 3564 1583 3593 omnium
1603 3564 1636 3594 &
1652 3563 1822 3601 singulorum
1840 3562 1995 3600 Ligeorum
2007 3559 2192 3602 nostrorum,
2211 3566 2394 3602 quorum'in-

1341 3601 1439 3639 terest,
1458 3600 1616 3631 festinanter
1638 3601 1739 3631 deduci
1757 3601 1889 3631 volumus
1901 3621 1911 3636 ‚
1936 3597 2027 3640 Vobis
2046 3596 2230 3638 Praecipimus
2246 3618 2256 3633 ,
2275 3594 2391 3626 firmiter

1338 3640 1538 3678 Injungentes,
1561 3639 1640 3676 quod
1658 3639 1768 3676 statim,
1791 3638 1853 3668 vifis
1875 3634 2056 3678 Praesentibus
2069 3656 2082 3677 ‚³
2098 3633 2186 3677 .d¹‘.st⁸
2208 3633 2393 3677 Appuneima-

1341 3687 1470 3707 mentum
1495 3678 1528 3708 &
1549 3676 1746 3707 Concordiam
1769 3677 1797 3706 in
1814 3675 1922 3713 singulis
1936 3673 2023 3703 Locis
2037 3671 2165 3715 Crvrtatis
2181 3672 2340 3710 praedid'tae,
2357 3674 2392 3704 &

1339 3716 1556 3746 Suburbiorium
1580 3715 1721 3753 ejusdem,
1747 3715 1793 3744 ubi
1816 3712 1963 3754 expediens
1979 3710 2062 3754 fuerit
2083 3710 2116 3740 ὃς
2131 3710 2258 3748 necesse,
2277 3711 2392 3747 publice

1339 3753 1528 3790 Proclamari,
1547 3754 1579 3784 δε
1592 3764 1639 3791 ea,
1660 3753 1698 3783 fic
1714 3751 1887 3782 Proclamata
1900 3772 1910 3787 ‚
1923 3756 1999 3792 Juxta
2014 3757 2092 3786 vim,
2109 3748 2249 3786 formam,
2269 3749 2304 3779 &
2321 3747 2391 3779 effe-

1340 3792 1422 3822 <stum
1443 3792 1609 3822 eorumdem
1619 3814 1628 3829 ,
1654 3791 1769 3822 firmiter
1790 3790 1822 3818 &
1839 3786 2030 3830 inviolabiliter
2044 3785 2182 3818 observari
2198 3788 2232 3819 &
2246 3789 2334 3818 teneri
2350 3787 2389 3818 fa-

1340 3831 1433 3866 ciatis,
1450 3829 1499 3860 nisi
1513 3831 1625 3859 interim
1641 3830 1717 3860 aliter
1735 3827 1894 3858 duxerimus
1907 3824 2113 3863 ordinandum,

1379 3866 1415 3897 Et
1430 3868 1487 3898 hoc
1503 3868 1656 3897 nullatenus
1673 3866 1814 3897 omittatis.

1376 3905 1465 3936 Teste
1479 3906 1609 3944 Johanne
1627 3907 1701 3934 Duce
1714 3901 1882 3942 Bedfordiae,
1900 3899 2029 3933 Custode
2043 3901 2159 3940 Angliae
2168 3925 2177 3940 ‚
2194 3901 2268 3940 apud
2283 3900 2389 3941 Wstm.

1339 3943 1475 3976 vicesimo
1493 3944 1599 3975 οᾶεινο
1613 3942 1659 3973 die
1673 3942 1751 3982 julii.

1991 2717 2184 2748 uartodecimo
2200 2716 2247 2746 die
2256 2716 2323 2755 Julii
2339 2718 2402 2747 ulti-
2418 2728 2469 2751 An.
2489 2734 2517 2760 7·

2004 2756 2195 2787 oncordatum
2208 2755 2287 2794 quod
2304 2755 2400 2787 Suffe-
2417 2767 2451 2789 H.
2473 2771 2501 2796 5,

2415 2800 2503 2838 Claus.
2520 2809 2547 2836 7.

2072 3985 2125 4014 Per
2141 3975 2291 4016 conciliatis.

2316 4028 2398 4062 Con-
