2562 4274
207 140 230 181 8
683 129 1494 181 CONVENTIONES‚

241 224 394 257 Porre&os
410 232 498 262 nuper
512 222 612 254 Nobis
629 223 661 254 &
676 222 778 252 nostro
790 222 928 254 Concilio
942 230 1036 253 certos
1050 221 1210 258 Articulos,
1226 228 1275 248 va·
1314 218 1433 251 Clerico
1450 220 1478 249 in
1492 217 1644 251 Comitiva
1656 219 1879 259 sua,Nuncium
1894 220 1928 251 &
1944 219 2188 252 Ambasfiatorem
2198 219 2330 258 stium,in
2337 220 2400 253 Re-
2415 214 2555 255 Ann.DK

52 224 166 257 AnnD
179 247 186 255 .

1554 132 1952 182 LITERAE,

79 273 164 302 1412.
206 265 257 295 rias
278 265 456 294 continentes
476 261 588 300 Injurias
609 262 642 292 &
661 261 806 299 Jaeturas,
832 261 1044 292 Mercatoribus
1064 260 1147 290 Villae
1171 258 1276 290 nostrae
1320 267 1410 296 gnum
1427 257 1794 298 nostrumAngliae,penes
1809 258 1961 289 Personam
1977 260 2166 298 nostram,de
2181 260 2215 291 ὅτ
2228 261 2307 297 super
2323 263 2405 292 certis
2436 269 2522 300 1412·
2547 256 2562 291 ἶ

54 308 118 334 Heu.
159 326 166 332 .

137 314 154 340 4
205 342 413 373 transmittimus
432 339 619 369 Praei‘emibus
631 338 812 377 interclusos,
1097 376 1101 380 Ι

244 379 306 409 Vos
330 377 461 409 attentius
483 377 661 408 exhortantes
682 387 820 414 quatenus
842 386 1017 407 memoratos
1038 375 1184 406 Articulos
1204 373 1276 404 Pro-

208 418 384 455 consulibus,
406 415 596 454 Consulibus,
615 417 670 446 sive
682 416 833 454 Judicibus
847 416 883 447 de
894 416 997 447 North
1013 414 1101 445 Berne
1115 414 1281 453 supradicia,

211 465 245 488 cx
260 466 336 494 parte
351 454 463 492 nostra,
482 455 600 486 liberare
615 455 718 492 velitis,
1191 474 1194 476 -

246 495 426 533 Diligentem
450 503 536 531 penes
556 494 628 533 ipsos
651 492 816 524 instantiam
841 493 975 523 facientes
997 500 1043 530 ut,
1061 491 1142 529 capta
1163 501 1213 529 per
1233 501 1282 521 eos

209 533 394 571 Inquisitione
409 531 503 562 debita
517 532 596 572 super
610 533 752 562 contentis
770 532 902 563 Articulis
916 534 943 561 in
956 531 1059 562 eisdem
1069 554 1078 569 ,
1092 531 1218 568 praefatas
1232 529 1282 560 In-

207 573 290 610 jurias
311 572 345 602 &
363 570 491 608 jaeturas
511 572 558 606 (in
575 570 648 601 Casu
664 581 722 608 quo
740 580 789 610 per
803 569 1016 608 inquisitionem
1034 570 1193 606 hujusmodi
1207 579 1282 608 prae—

209 610 280 641 dieti
296 610 420 642 Articuli
431 611 595 640 contineant
610 611 775 645 veritatem)
790 609 946 639 secundum
961 609 1050 639 Foros
1064 610 1096 638 ὥς
1109 608 1200 647 Leges
1214 607 1283 638 Par-

210 650 283 680 tium
298 649 407 679 illarum
424 647 551 679 studeant
567 649 755 685 Reformarc,

251 687 289 718 Et
311 689 340 718 in
362 687 436 717 Casu
454 697 528 726 quo,
550 698 599 725 per
620 687 726 717 dicCtam
748 685 987 724 Inquisitionem,
1006 686 1117 725 reperiri
1132 686 1284 724 contigerit

212 735 350 758 contenta
366 728 394 756 in
410 725 549 764 praedictis
565 726 698 756 Articulis
712 735 807 754 carere
824 723 987 754 Primordio
1002 724 1151 762 Veritatis,
1163 725 1207 755 seu
1223 725 1285 754 alias

209 765 312 804 quod,
331 766 359 795 in
381 765 508 802 ipsorum
522 764 731 794 Proconsulum
749 764 804 793 live
816 762 954 801 judicum
970 762 1156 802 negligentia,
1172 764 1285 793 defece-

211 807 248 835 rit
267 805 299 834 in
323 803 475 834 Praemiisis
493 802 616 841 justitiae
643 801 894 841 complementum
908 825 917 840 ,
949 811 1018 832 tunc
1041 802 1186 840 iuperinde
1206 802 1285 831 di'c'io

212 843 354 874 Concilio
375 841 493 880 nostro,
511 842 583 872 infra
607 842 725 871 Annum
748 851 762 871 a
787 840 863 870 Data
879 840 1082 878 Praesentium,
1101 842 1161 870 tam
1177 841 1225 870 sub
1241 840 1286 870 Si-

208 883 285 920 gillis
297 881 502 912 communibus
519 880 716 917 praedifflirum
733 879 1016 918 Societatum,quLim
1033 879 1082 909 sub
1097 879 1199 918 sigiliis
1213 878 1285 909 Pro-

209 921 379 956 consulum,
401 919 580 957 Consulum,
602 920 657 949 iive
675 918 814 957 Judicum
832 918 1035 959 praedicsiorum
1046 940 1056 956 ,
1073 917 1237 947 distinetam
1251 918 1285 947 &

211 969 337 997 apertam
361 957 608 988 Certificationetn
631 958 754 994 faciatis,
775 956 820 986 vel
843 956 938 986 saltem
955 957 1003 985 sub
1018 957 1100 986 dictis
1118 958 1289 986 communi-

211 999 282 1036 bus,
299 999 327 1027 in
352 1006 487 1026 eventum
507 1006 567 1034 quo
582 996 630 1033 ipsi
647 994 852 1032 Proconsules,
870 994 1024 1031 Consules,
1044 994 1225 1032 iivejudiccs
1240 995 1285 1025 Si-

212 1037 280 1075 gilla
304 1037 348 1065 lua
362 1034 518 1072 hujusmodi
534 1034 742 1064 Certificationi
755 1043 898 1072 apponere
913 1044 970 1063 non
984 1033 1154 1072 dignentur,

251 1074 287 1105 Et
300 1074 374 1111 hoc,
393 1082 477 1111 prout
492 1073 528 1103 de
542 1074 624 1103 vobis
638 1071 823 1110 confidimus,
842 1072 998 1102 nullatenus
1012 1073 1160 1102 omittatis.

251 1112 322 1143 Dat.
339 1111 390 1141 sub
411 1111 526 1142 Privato
549 1111 649 1148 Sigillo
667 1109 766 1141 nostro
787 1110 861 1150 apud
879 1114 907 1141 W
914 1112 987 1151 istm.
1001 1111 1136 1142 viceiimo
1148 1110 1225 1142 sexto
1238 1111 1285 1142 die

209 1150 289 1192 Junii
299 1174 309 1190 ,
329 1151 418 1181 Anno
432 1149 529 1190 Regni
542 1149 634 1180 nostri
648 1149 844 1180 Duodecimo⁴

252 1227 322 1258 Nos
342 1236 435 1258 autem
452 1227 583 1258 Tenores
603 1227 773 1268 praedic'tos,
788 1226 908 1259 Tenore
930 1227 1114 1258 Praesentium
1127 1252 1137 1267 ,
1155 1227 1286 1259 duximus

215 1265 470 1335 Exenllplificana'm.

307 1315 325 1335 n
344 1306 441 1343 cujus,
459 1306 521 1336 ὅτε.

214 1358 220 1366 i
240 1342 342 1385 >Teste
355 1344 442 1383 Rege
456 1344 530 1382 apud
543 1343 819 1386 westmonasterium,
828 1343 943 1376 decimo
956 1344 1055 1382 quinto
1071 1344 1119 1374 die
1134 1343 1285 1375 Februarii.

712 1403 764 1430 Per
781 1403 875 1429 Breve
892 1400 923 1429 de
944 1401 1062 1429 Privato
1080 1398 1179 1437 sigillo.

601 1531 658 1561 [ro
676 1525 787 1576 [lgissco
805 1529 903 1574 Regis.

65 1611 143 1644 Ann.
157 1609 199 1640 D.
225 1612 351 1669 REX
369 1614 532 1652 OmnibuS,
549 1614 583 1644 ad
598 1624 686 1653 quos,
705 1614 766 1644 &c-
785 1612 921 1644 Salutem.

90 1658 179 1688 1412-
246 1690 250 1694 ,
343 1654 443 1684 Sciatis
466 1654 562 1692 quoti,
580 1653 615 1682 de
633 1652 732 1683 Gratia
751 1652 846 1682 nostra
865 1653 992 1692 speciali,
1012 1654 1046 1684 &
1072 1662 1124 1693 pro
1147 1662 1182 1683 eo
1197 1651 1292 1690 quod,

66 1694 120 1718 An.
140 1699 182 1725 13·
223 1687 343 1721 dilectus
367 1693 467 1729 nobis,
492 1693 597 1721 David
615 1692 647 1720 de
667 1690 817 1730 Nigarelli's
840 1691 873 1720 de
896 1694 993 1730 Luca,
1019 1692 1154 1731 Pliysicus
1179 1691 1292 1730 noster,

62 1737 101 1761 H·
118 1740 147 1763 ψ.
222 1727 409 1768 Homagium
429 1732 551 1768 Ligeum
576 1731 657 1760 nobis
678 1730 759 1766 fecit,
779 1729 981 1761 Conceffimus
996 1731 1028 1761 ὃ(
1051 1731 1213 1762 Licentiam
1230 1730 1294 1761 De-

66 1770 183 1801 Pat.13-
223 1766 333 1806 dimus,
351 1779 403 1807 pro
429 1771 512 1799 nobis
531 1770 563 1799 ὃς
588 1768 759 1798 Hieredibus
782 1768 902 1807 nostris,
918 1779 1054 1809 quantuni
1079 1771 1106 1799 in
1130 1770 1212 1799 nobis
1233 1770 1292 1808 est,

67 1810 101 1833 H.
120 1814 148 1840 4.
222 1807 341 1843 praefato
361 1808 474 1845 David,
493 1808 573 1846 qut-‚d
594 1807 652 1845 ipse
677 1807 709 1838 ὃς
735 1806 873 1837 Haeredes
892 1807 929 1837 sui
945 1818 1048 1839 extunc
1064 1809 1115 1838 sint
1131 1808 1293 1847 Indigenae,

66 1850 92 1880 p.
115 1853 140 1870 ι.
222 1854 256 1876 ae
277 1845 424 1884 Tractat,
444 1848 551 1884 Tenti,
569 1847 602 1877 ὅτ.
625 1847 655 1875 in
671 1846 806 1876 omnibus
821 1845 975 1886 Reputati,
994 1847 1061 1878 sicut
1076 1848 1180 1878 veri&
1199 1847 1293 1878 iideles

68 1881 162 1910 m.28.
221 1882 304 1922 Ligei
319 1884 406 1915 nostri
421 1885 493 1915 insra
509 1884 646 1923 Regnum
662 1884 791 1915 nostrum
807 1885 937 1923 oriundi,

244 1922 299 1965 ,Et
321 1924 402 1961 quod
424 1924 500 1954 idem
521 1923 616 1954 David
631 1924 664 1954 δε
680 1922 818 1953 Haeredes
833 1923 873 1953 sui
888 1924 1019 1962 prat-dieti
1037 1924 1091 1956 fint
1106 1926 1231 1963 personae
1245 1925 1294 1956 ha-

220 1959 289 1992 biles
311 1963 346 1992 ad
371 1962 587 2000 percipiendum
608 1962 640 1992 &
663 1961 878 1999 [inpetrandum
893 1985 903 2000 ,
929 1963 1067 1994 Dandum
1083 1987 1092 2002 ,
1119 1964 1294 1996 Conceden-

219 1997 312 2038 dum,
331 2001 541 2039 Alienandum,
566 2000 781 2039 Gaudendum,
809 2001 843 2031 &
866 2000 1118 2040 Haereditandum,
1138 2004 1210 2034 infra
1232 2003 1294 2034 Re-

222 2046 315 2077 gnum
338 2039 470 2070 nostrum
491 2040 680 2077 praedicium,
703 2038 824 2077 Terras,
842 2039 1042 2078 Tenementa,
1058 2040 1214 2080 Redditus,
1234 2043 1295 2074 Ad-

221 2078 402 2116 vocationes,
421 2079 558 2116 Servitia,
575 2077 779 2115 Reversiones,
798 2080 831 2109 ὃς
853 2079 914 2109 alias
937 2078 1123 2111 Posseffiones
1143 2082 1295 2119 quascum-

221 2125 296 2153 que,
315 2116 387 2147 adeo
410 2117 498 2147 libere
513 2117 584 2147 sicut
599 2117 694 2156 aliquis
711 2117 779 2147 alius
796 2116 953 2156 Ligcorum
965 2117 1130 2149 nostrorum
1148 2120 1219 2151 infra
1234 2120 1295 2151 Re-

221 2162 311 2192 gnum
328 2155 457 2186 nostrum
474 2156 642 2197 praedit‘tum
656 2156 862 2194 oriundorum,
880 2156 1021 2187 Habenda
1033 2157 1215 2190 &Tenenda
1223 2158 1296 2191 Ter—

222 2202 281 2232 raS,
300 2194 496 2232 Tenementa,
516 2194 672 2233 Redditus,
691 2194 918 2233 Advoeariones,
936 2196 1071 2234 Servitia,
1090 2196 1296 2238 Reversiones,

224 2233 258 2263 &
281 2233 345 2263 alias
366 2233 571 2272 Posseffiones,
592 2233 659 2271 sibi,
677 2232 866 2272 Haeredibus,
883 2234 916 2265 &
930 2234 1079 2274 Affignatis
1093 2235 1161 2275 suis,
1180 2237 1225 2269 vel
1240 2239 1294 2269 alio

224 2272 317 2301 morlo
332 2281 535 2311 quocumque,
553 2271 784 2310 imperpetuum,

265 2310 310 2341 Ac
333 2312 419 2342 etiam
447 2311 527 2349 quod
549 2310 623 2350 ipse,
638 2311 670 2341 &
691 2309 830 2340 Haeredes
843 2310 880 2341 sui
894 2311 1040 2351 praedieti,
1057 2314 1240 2346 omnimodas
1254 2315 1295 2346 A·

224 2348 333 2380 &iones
355 2351 389 2381 ἃ
410 2350 565 2388 Qierelas,
589 2350 645 2379 tiim
666 2348 783 2388 Renes,
798 2351 885 2388 quum
909 2350 1088 2390 personales,
1113 2354 1142 2383 in
1163 2355 1297 2386 omnibus

225 2386 321 2418 Curiis
341 2389 373 2419 δε
395 2388 502 2419 Placeis
519 2387 636 2425 nostris,
655 2398 687 2418 ac
706 2389 723 2407 *⁵
737 2388 794 2418 aliis
811 2387 904 2419 Curiis
919 2390 1163 2430 quibuscumque,
1180 2394 1237 2423 tam
1253 2395 1296 2423 in-

225 2427 266 2457 fra
289 2426 425 2465 Regnum
440 2426 568 2457 nostrum
583 2427 766 2464 praediehim,
782 2429 868 2465 quam
881 2429 965 2467 alibi,
985 2430 1086 2460 habete
1102 2432 1136 2462 ὅ(
1151 2432 1279 2470 prosequi

228 2466 262 2496 &
286 2465 423 2496 Auiones
443 2468 475 2496 ἃ
487 2466 628 2507 ‘Qerelas
641 2466 787 2504 praedit-“tas
803 2465 940 2497 Placitare
957 2470 989 2498 ὅ(
1004 2469 1033 2497 in
1047 2469 1151 2499 eisdem
1166 2456 1298 2511 Respon3

229 2504 296 2546 dete
307 2503 434 2547 possint,
450 2504 555 2534 eildem
571 2504 662 2534 modo
674 2505 707 2534 ὃς
723 2503 830 2541 form-21,
847 2505 919 2535 adeo
936 2505 1023 2536 libere
1038 2507 1070 2536 &
1087 2508 1212 2547 integre,
1230 2511 1299 2541 sicut

228 2542 333 2609 aliciusI
350 2542 508 2580 Ligeorum
528 2543 707 2581 nostrorum,
726 2541 798 2572 infra
818 2542 956 2582 Regnum
980 2545 1109 2576 nostrum
1126 2548 1298 2584 praeditstum

231 2590 326 2611 orium
336 2590 419 2610 orum

272 2618 392 2649 Proviso
412 2604 522 2656 se'mper
536 2619 615 2657 quod
631 2619 782 2657 praedictus
799 2618 895 2649 David
918 2620 1008 2651 Lotto
1029 2622 1061 2652 &
1078 2621 1179 2653 Scotto
1193 2626 1301 2655 contri-

231 2658 316 2696 buat,
336 2667 451 2687 necnon
466 2657 576 2699 Taxas,
596 2657 752 2696 Tullingia,
772 2656 942 2696 Custumas,
958 2660 1102 2697 Subsidia,
1124 2662 1157 2692 δε
1173 2663 1223 2692 alia
1238 2663 1300 2693 De-

231 2697 309 2727 veria
329 2706 521 2734 qurecumque
538 2697 640 2733 solvat,
660 2697 749 2726 modo
765 2706 823 2733 quo
840 2697 883 2726 alii
903 2698 1007 2728 fideles
1026 2698 1129 2737 nostri,
1147 2700 1217 2731 infra
1238 2701 1302 2733 Re-

231 2744 322 2803 gnurr}
337 2735 466 2764 nostrum
482 2735 653 2773 praedictum
668 2735 797 2773 oriundi,
814 2734 927 2766 facient.

325 2774 433 2808 ncuius
469 2775 530 2805 ἃς.

268 2811 358 2842 Teste
371 2797 457 2850 Rege
474 2812 546 2852 apud
556 2810 816 2852 lfflstmonasterium
825 2835 834 2850 ,
843 2811 959 2842 decimo
970 2813 1076 2844 oetavo
1090 2814 1135 2846 die
1151 2815 1302 2848 Februarii.

237 2872 1293 2901 ——A-——m-—ffl-ffi———ffiq

76 2378 94 2399 ἢ*
112 2380 195 2408 VIII.

75 2420 141 2455 726.

353 2935 413 2970 Ad
439 2938 605 2982 Principem
623 2936 732 2968 lelliie
750 2938 855 2968 Literae
870 2939 951 2983 Papae
971 2938 1181 2973 credentiales.

84 3022 162 3053 Anti.
177 3020 404 3091 D,J0han⁷1es
418 3020 555 3061 Epifiopus
565 3044 573 3059 ,
590 3020 691 3051 Servus
706 3021 861 3051 Servorum
875 3021 949 3059 Dei,
969 3022 1085 3053 Diieeio
1101 3023 1190 3063 Filio,
1206 3025 1306 3057 Nobi-

114 3071 199 3099 14¹2-
282 3062 300 3091 li
323 3060 411 3099 Viro,
429 3064 546 3090 Henrico
561 3062 686 3098 ⁴Pt·i‘7,zcip1'
704 3060 831 3098 Walliae,
849 3061 978 3091 carissimi
996 3063 1025 3091 in
1040 3060 1158 3093 Christo
1175 3064 1237 3093 I-'ilii
1251 3076 1304 3095 no—

84 3105 140 3129 An.
158 3112 199 3138 ¹3-
239 3095 287 3129 stri
310 3101 424 3128 Hem-ici
447 3102 525 3136 Regis
541 3098 652 3135 Auglt'ae
670 3098 785 3138 Illustris
800 3098 1016 3138 Primogenito,
1031 3101 1158 3131 Salutem
1174 3103 1207 3133 ὃ(
1223 3104 1303 3142 Apo-

85 3147 122 3170 Η.
142 3152 171 3177 4.
238 3134 366 3169 stoiicam
386 3137 626 3168 Benediffioncm.

86 3185 127 3208 1⁴21·
142 3183 203 3208 Au·
278 3176 429 3207 Nonnulla
449 3175 670 3212 Commiiimus,
689 3174 797 3205 dilec'io
821 3175 912 3214 Filio,
933 3175 1073 3215 Magistro
1093 3178 1208 3208 Ricardo
1232 3182 1305 3209 Der-

84 3227 150 3257 togr.
241 3215 305 3244 ham
320 3238 338 3259 ,ι
353 3215 446 3246 Sacrae
467 3214 637 3252 Theologiae
658 3213 828 3253 Profeffori,
855 3214 983 3246 Notario
1006 3216 1123 3254 nostro,
1147 3216 1306 3250 Nobilitati

240 3262 297 3284 tuae
311 3253 377 3283 vrva
395 3263 468 3284 voce
484 3252 641 3289 referenda,

227 3322 230 3323 ⁷
277 3291 430 3330 Propterea
451 3291 518 3321 velis
539 3291 632 3321 eidem
656 3291 684 3319 in
700 3290 768 3327 hiis,
786 3300 851 3329 quae
863 3291 929 3329 tibi,
949 3291 1036 3322 nostri
1052 3301 1145 3331 parte,
1166 3295 1304 3334 retulerit,

239 3330 294 3362 hac
311 3331 375 3359 vice
391 3330 540 3366 duntaxat,
555 3329 686 3358 adhibere
700 3328 865 3359 Credentiae
879 3331 987 3366 plenam
1004 3330 1096 3361 fidem.

242 3367 354 3438 strDQ.¹
368 3370 458 3436 Rossae
479 3368 553 3411 apud
571 3368 699 3396 Sandhm
716 3369 829 3396 Petrum
845 3367 908 3398 Kal.
926 3368 1038 3408 Martii,
1049 3369 1238 3402 pontificatus
1251 3382 1305 3403 no-

283 3417 292 3436 ι
356 3416 396 3436 no
441 3415 521 3436 ertio.

782 3445 834 3484 Jo.
853 3444 983 3482 Scalberg.

243 3571 294 3604 De
315 3569 410 3603 Salvo
437 3567 588 3601 Conduelu
611 3579 667 3615 pro
686 3567 955 3613 Ambaffiatoribus
972 3575 1146 3618 Principum
1166 3574 1306 3607 Francia.

96 3661 175 3694 Αῃῃ,
185 3662 224 3694 ι),
245 3654 378 3724 REX
395 3652 542 3686 Univerfis
558 3654 591 3684 &
611 3653 720 3694 singulis
739 3654 917 3695 Admirallis,
934 3657 995 3688 &e
1015 3656 1049 3687 ad
1070 3667 1158 3697 quos,
1176 3658 1237 3689 &c.
1258 3657 1309 3690 Sa-

118 3708 206 3738 1412·

332 3694 430 3724 lutem.

284 3731 382 3763 Sciatis
396 3731 493 3771 quod,

99 3782 136 3806 Η,
154 3788 182 3814 4,
284 3770 381 3809 Cum,
400 3779 431 3801 ut
451 3770 631 3807 accepimus,
646 3769 765 3799 Nobilis
785 3768 856 3807 Vir,
875 3772 944 3799 Dux
964 3769 997 3800 de
1019 3774 1095 3800 Barr
1118 3794 1127 3810 ,
1147 3773 1308 3803 Foulconnet

100 3820 188 3844 Franc.
250 3809 340 3837 Daci-e
354 3808 498 3846 Militem,
515 3810 549 3839 ὃς
565 3808 687 3838 Fratrem
703 3807 838 3846 Jacobum
852 3807 876 3837 le
890 3812 984 3838 Grant
999 3808 1092 3847 Magis
1109 3820 1170 3840 rum
1184 3813 1214 3841 in
1228 3812 1308 3842 The-

104 3864 148 3889 ¹³-
164 3845 364 3891 H-4-0103i22
384 3847 520 3877 Nuncios
541 3846 574 3876 &
598 3846 814 3876 Ambaffiarores
837 3846 898 3877 suos
911 3870 920 3884 ,
938 3856 988 3883 ae,
1008 3846 1126 3878 Nobilis
1151 3849 1220 3887 Vir,
1238 3853 1308 3880 Dux

99 3902 128 3921 m
146 3896 206 3923 ¹5..
249 3884 437 3923 Aurialenfis,
458 3887 529 3914 Etor
552 3885 583 3914 de
604 3885 782 3922 Pombriant,
800 3884 833 3914 δε
856 3885 1026 3924 Magistrum
1049 3888 1163 3916 Petrum
1182 3887 1309 3926 Verfizille

249 3918 419 3963 Magistrum
434 3924 462 3952 in
475 3923 652 3961 Theologia,
671 3923 704 3953 N
708 3924 804 3953 uncios
821 3923 853 3953 &
866 3923 1083 3954 Ambassiatores
1097 3925 1308 3964 suos,ac,No-

246 3958 309 3987 bilis
322 3957 392 4002 Vir,
407 3963 474 3988 Dux
491 3962 522 3990 de
537 3962 675 3991 Bur-bonia
685 3960 868 4000 ,Francifium
884 3961 1062 4000 Daubiscourt
1079 3962 1224 4002 Militem,
1240 3975 1308 3996 cum

247 4006 308 4026 uno
317 3996 432 4027 Clerico
447 4000 474 4027 in
491 3998 635 4030 Comitiva
648 3999 912 4038 sua,Nunciumt&
922 4000 1159 4033 Ambaffiatorem
1168 4003 1248 4033 suum
1266 4013 1299 4034 ac

248 4033 367 4066 Nobilis
383 4034 450 4074 Vir,
466 4041 554 4067 Comes
568 4038 600 4067 de
614 4041 760 4077 Lanceon,
780 4037 878 4069 Gallas
892 4038 988 4078 Dachy
1007 4038 1151 4078 Militem,
1166 4051 1233 4073 curn
1250 4027 1309 4072 imo,

98 3744 152 3768 Aa.
174 3751 217 3777 ¹3-

207 303 368 343 praedietae,
387 312 437 340 per
457 301 518 330 illos
538 300 574 331 de
591 299 702 337 Hania,
719 297 872 330 enormiter
888 300 988 339 illatas,
1008 310 1038 330 ut
1057 300 1175 337 dicitur,
1193 298 1277 329 vobis
1322 296 1458 335 Negotiis
1471 296 1619 327 nobiscum
1638 300 1818 336 tractaturos,
1838 298 1948 327 mittere
1963 299 1996 329 ὃς
2009 298 2146 330 destinare
2160 307 2341 336 proponant,

1286 1447 1288 1450 ·
1332 1437 1399 1471 giiae
1423 1445 1507 1475 penes
1529 1435 1678 1467 Personam
1701 1437 1844 1474 nostram,
1859 1437 1894 1466 de
1918 1438 1950 1468 ὃ(
1967 1437 2046 1474 super
2059 1439 2144 1468 certis
2159 1435 2296 1476 Negotiis
2308 1436 2404 1468 nobis-
2419 1434 2446 1457 H
2472 1439 2501 1465 4-

2415 304 2480 328 Hen.
2522 320 2530 328 .
2552 310 2562 317 ³

1362 335 1432 364 Nos
1451 336 1523 373 (pro
1539 335 1695 366 Securitate
1717 336 1761 366 sua
1784 337 1812 365 in
1827 336 1880 366 hac
1895 345 1972 374 parte
1986 338 2136 376 providere
2152 338 2296 373 volentes)
2315 337 2404 367 susce-
2499 308 2519 334 4
2547 324 2555 337 ²

1325 374 1420 412 pimus
1443 374 1515 411 ipsos
1537 373 1737 413 Foulconnet,
1752 374 1918 413 Jacobum,
1938 374 2028 414 Etor,
2047 375 2184 414 Petrum,
2204 376 2404 415 Franciscutn,

1327 411 1444 449 Galles,
1462 422 1532 442 cum
1555 411 1675 442 Clericis
1696 413 1837 451 praedictis
1861 414 1889 442 in
1909 413 2058 444 Comitiva
2079 414 2139 453 sua,
2158 415 2190 445 in
2211 415 2324 445 didiurn
2339 414 2403 445 Re-
2534 409 2562 448 „⁸

1328 460 1419 487 gnum
1436 449 1567 480 nostrum
1585 450 1713 489 Angli-ae,
1729 460 1797 482 cutn
1809 452 2011 490 quinquaginta
2025 453 2167 483 Militibus
2181 454 2213 483 &
2229 453 2402 494 Armigeris,
2481 455 2484 458 ’
2546 447 2556 460 Χ

1327 488 1507 518 Hominibus
1525 489 1679 520 Generosis
1700 491 1745 520 vel
1766 491 1840 529 aliis,
1856 500 1888 520 ac
1911 484 2030 521 Valettis
2055 493 2107 522 suis
2126 492 2156 520 in
2177 491 2326 522 Comitiva
2341 494 2401 532 sua,

1327 527 1450 557 Armatis
1470 527 1515 558 vel
1533 537 1595 557 non
1617 528 1742 559 Armatis
1756 551 1766 567 ,
1789 538 1823 558 ex
1845 529 1924 559 causa
1944 530 2096 569 praedicta,
2112 529 2272 567 veniendo,
2294 532 2402 563 ibidem

1328 565 1489 604 morando,
1510 566 1544 596 &
1566 566 1668 608 exinde
1686 568 1720 597 ad
1743 568 1856 605 propria
1880 569 2044 608 redeundo,
2063 578 2176 599 necnon
2195 568 2309 608 Equos,
2326 570 2404 610 Res,

1328 604 1424 643 Bona,
1443 606 1476 635 &
1497 603 1635 635 Herneiia
1654 604 1700 649 sua
1718 615 1926 645 quaecumque,
1945 608 1972 637 in
1995 608 2101 639 salvum
2123 608 2156 638 &
2171 607 2303 638 securum
2319 607 2404 639 Con-

1329 644 1450 674 duc‘tum
1473 642 1622 686 nostrum,
1638 653 1670 674 ac
1693 653 1722 673 in
1736 643 1973 685 Protefflonem,
1992 646 2182 685 Tuitionem,
2200 647 2234 677 &
2250 645 2404 678 Defensio-

1329 692 1397 713 nem
1414 681 1520 712 nostras
1533 681 1679 720 ipeciales,

1367 721 1405 751 Et
1422 720 1490 751 ideo
1507 721 1588 750 vobis
1600 719 1790 759 Mandamus,
1808 721 1869 752 &c.

1367 760 1548 789 Dumtamen
1570 760 1743 797 quicquam,
1762 760 1840 797 quod
1861 761 1890 789 in
1914 760 2002 791 nostri
2026 762 2256 801 Contemptum,
2274 770 2321 793 aut
2343 761 2404 794 Re-

1330 799 1378 837 gni
1395 797 1440 827 seu
1455 797 1584 828 Coronoe
1600 800 1703 828 nostrae
1719 797 2098 838 Praejudicium,aliqualiter
2111 803 2212 832 cedere
2227 801 2402 841 valeat,non

1331 845 1497 874 attemptent
1509 837 1554 867 seu
1571 838 1729 877 attemptari
1747 837 1851 867 faciant
1865 838 1968 876 quovis
1984 839 2084 868 modo.
2210 852 2212 854 ’

1370 875 1403 905 In
1424 886 1517 914 cuius,
1534 877 1595 907 &c.
1619 875 1705 913 usque
1726 874 1842 906 Festum
1866 875 2032 907 Nativitatis
2048 876 2298 916 Sanetijohannis
2309 878 2404 918 Bapti-

1332 913 1381 944 stae
1399 916 1533 952 proximo
1549 914 1677 945 futurum
1689 914 1838 945 duraturas.

1367 952 1458 982 Teste
1474 952 1557 992 Rege
1571 953 1645 992 apud
1661 957 1860 993 Cantuariam,
1879 953 2015 985 Secundo
2027 953 2074 984 die
2088 952 2195 985 Martii.

2558 651 2562 656 ,
2544 555 2560 625 αἱ.»

1928 1034 1983 1062 Per
1995 1030 2078 1071 ipficm
2091 1034 2198 1070 Regem.

2417 1159 2433 1177 *
2444 1160 2514 1190 vn.

2416 1206 2484 1233 727.

1332 1241 1468 1311 ΙζΕΧ5
1478 1242 1613 1289 univerfis
1625 1243 1659 1312 ἒς
1675 1242 1787 1282 singulis
1801 1242 2038 1281 Admirallis,&c.
2050 1241 2093 1276 adi
2102 1252 2184 1282 quos,
2190 1244 2250 1275 &c.
2268 1243 2402 1276 Salutem.
2416 1235 2562 1314 ΑΓΣῙΖΠὲ

1471 1291 1550 1310 cratis
1583 1292 1622 1312 uo
1685 1291 1752 1311 cum
2205 1299 2207 1302 ⁴
2521 1299 2529 1306 ·

1369 1319 1416 1350 Ut
1431 1291 1613 1358 accepimiis,
1634 1305 1800 1350 Carissimiis
1816 1319 1902 1351 Filius
1921 1319 2033 1359 noster,
2052 1323 2123 1350 Dux
2134 1323 2293 1351 Britanniae
2305 1320 2404 1351 Ermel
2418 1317 2470 1342 An.
2487 1324 2531 1352 ι3·
2555 1342 2562 1362 ;

1331 1360 1478 1388 Dominum
1495 1359 1527 1388 de
1549 1358 1682 1398 chastelle
1697 1362 1782 1388 Giron
1800 1358 1944 1398 Militem,
1962 1360 1995 1390 &
2010 1358 2171 1398 Johannem
2186 1359 2326 1397 Lopiahac
2341 1359 2403 1390 Mi-
2417 1357 2451 1380 H·
2470 1362 2499 1387 4-
2549 1386 2562 1397 ἐ,

1331 1397 1428 1435 litem,
1446 1396 1583 1427 Nuncios
1604 1398 1637 1427 &
1661 1397 1881 1429 Ambaffiatores
1897 1399 1973 1437 suOS,
1992 1400 2021 1428 in
2038 1398 2179 1436 Regnum
2193 1398 2325 1428 nostrum
2342 1398 2404 1428 An·
2418 1394 2562 1426 funs-¹3⁴⁴

1332 1484 1400 1504 cum
1417 1476 1567 1512 traeiuros,
1588 1476 1702 1506 mittere
1716 1476 1750 1506 &
1763 1474 1899 1505 destinare
1914 1484 2072 1515 proponat,
2420 1478 2457 1497 m·
2474 1475 2519 1503 ¹5·
2547 1459 2562 1493 (¹¹

1372 1513 1441 1543 Nos
1460 1515 1469 1549 (
1481 1523 1533 1550 pro
1556 1513 1712 1545 Securitate
1726 1519 1770 1544 lua
1785 1515 1813 1543 in
1828 1515 1880 1544 hac
1895 1524 1971 1554 parte
1987 1515 2135 1552 providere
2149 1514 2295 1552 volentes)
2317 1514 2406 1546 susce-
2549 1506 2562 1545 ἷ

1334 1552 1428 1591 pimus
1441 1551 1511 1589 ipsos
1526 1551 1623 1582 Ermel
1636 1554 1668 1583 &
1680 1552 1901 1591 johannem,in
1918 1553 2028 1583 dietum
2046 1553 2074 1584 R
2112 1562 2182 1583 num
2198 1552 2329 1583 nostrum
2347 1553 2410 1584 An·
2557 1570 2560 1574 ·

1335 1591 1416 1629 gliae,
1436 1600 1506 1620 cuin
1522 1590 1655 1628 Triginta
1672 1591 1814 1621 Militibus
1830 1592 1863 1622 ὃ(
1880 1592 2054 1630 Armigeris,
2106 1591 2252 1622 ominibus
2273 1591 2408 1623 Genero-

1337 1634 1370 1659 iis
1389 1631 1421 1660 ὃ(
1441 1630 1514 1666 aliis,
1532 1640 1565 1659 ac
1586 1629 1699 1660 Valettis
1718 1631 1769 1660 suis
1787 1632 1816 1660 in
1835 1629 1984 1660 Comitiva
2004 1631 2066 1669 sua,
2085 1629 2146 1665 ἀνι.
2166 1637 2198 1659 ut
2210 1627 2307 1668 ficpra.

1337 1706 1352 1736 f
1376 1666 1408 1697 ln
1430 1669 1525 1736 cujgs,
1542 1669 1603 1699 &c.
1626 1669 1711 1707 usque
1731 1668 1848 1699 Festum
1862 1667 2114 1708 SanCtiJohannis
2126 1668 2257 1708 Baptistae
2273 1670 2408 1710 proximo

1351 1715 1464 1736 uturum
1501 1715 1631 1736 uraturas.
2004 1721 2006 1726 ·

1375 1744 1466 1776 Teste
1482 1745 1564 1784 Rege
1579 1745 1652 1786 apud
1667 1744 1941 1786 Wstmonasterium,
1961 1746 2085 1778 secundo
2098 1746 2146 1778 die
2160 1745 2266 1777 Martii.

1424 1156 1443 1175 ’⁴‘
1456 1158 1505 1190 De
1516 1156 1608 1202 fizlvo
1629 1154 1782 1190 Concluflu
1796 1167 1852 1202 pro
1871 1158 2004 1190 Nunciis
2025 1159 2119 1191 Ducis
2135 1159 2307 1192 Britannia.

2026 1826 2079 1854 Per
2095 1823 2179 1864 ipfiem
2197 1825 2305 1860 Regem.

1677 1948 1736 1983 Ad
1753 1952 1862 1997 Regem
1881 1949 2069 1998 Portugaliae.

1340 2035 1550 2094 SEreniffimo
1563 2046 1596 2068 ac
1614 2036 1769 2076 magnifico
1781 2036 1927 2076 P-rincipi,
1945 2036 2094 2076 Johanm’,
2112 2035 2172 2068 Dei
2208 2036 2289 2074 ratiti,
2310 2037 2413 2067 Portu·
2429 2032 2506 2064 Ann-
2521 2031 2562 2064 D:

1389 2075 1470 2113 galiae
1489 2075 1528 2110 (φ
1547 2075 1691 2114 Algarbiii
1709 2079 1782 2114 Regi,
1802 2076 1890 2107 Fratri
1905 2076 2005 2107 nostro
2019 2075 2184 2114 Carissimo,
2225 2077 2354 2114 enricus,
2369 2086 2416 2106 ea-
2453 2080 2539 2111 1412.

1339 2112 1405 2144 dem
1423 2114 1529 2153 gratia,
1546 2117 1607 2145 Rex
1626 2114 1739 2152 Angliae
1760 2115 1797 2150 ᾤ’
1816 2119 1940 2146 Franciae
1958 2117 1991 2147 ὅ(
2011 2114 2159 2146 Dominus
2176 2113 2346 2153 Hiberniae,
2364 2114 2415 2146 Sa·
2431 2114 2484 2139 An.
2504 2120 2548 2148 ¹3·

1339 2151 1426 2182 lutem
1439 2154 1473 2184 &
1488 2154 1643 2185 ubertatem
1655 2154 1843 2185 Successuum
1859 2156 2035 2186 votivorum.
2430 2153 2464 2178 H·
2481 2159 2510 2185 4·
2532 2187 2538 2193 ,
2560 2186 2562 2194 ,

1377 2192 1454 2222 Non
1477 2191 1519 2222 est
1535 2192 1602 2231 diu,
1624 2192 1787 2232 Serem'ffime
1802 2195 1944 2231 Princeps,
1967 2197 2068 2223 Frater
2090 2191 2241 2231 Cariffi'me,
2266 2191 2364 2233 quod,
2383 2201 2416 2223 ex
2434 2192 2473 2216 Ex
2491 2193 2562 2223 0⁷18·

1340 2230 1471 2261 relatibus
1491 2231 1647 2271 praedilecti
1671 2231 1746 2270 Ligii
1768 2231 1872 2271 nostri,
1889 2231 2001 2262 Thomae
2016 2234 2169 2269 Fauconer,
2186 2231 2267 2262 Civis
2284 2232 2317 2262 &
2334 2231 2418 2262 Mer·
2433 2226 2562 2261 1³⁰¹·Cl‘2'·¹

1342 2270 1398 2312 ceri
1418 2269 1524 2300 nostrae
1544 2269 1675 2301 Civitatis
1698 2270 1934 2309 Londoniarum,
1950 2271 1985 2301 ad
2006 2279 2059 2301 nos
2077 2270 2205 2308 pervenit
2228 2270 2420 2310 Qerimonia
2436 2262 2498 2294 Pell·

1341 2308 1470 2338 miranda
1484 2308 1584 2339 Nobis
1597 2308 1754 2340 admodum
1768 2310 1801 2340 &
1816 2309 1968 2348 stupenda,

1381 2346 1471 2385 Cujus
1484 2347 1600 2386 quidem
1617 2348 1753 2387 Qnerelae
1769 2347 1892 2379 Materia
1911 2349 2059 2386 continet,
2077 2348 2106 2378 in
2122 2347 2247 2387 effectu,
2265 2347 2344 2388 quod

1381 2384 1480 2424 Cum,
1498 2387 1634 2418 vicesimo
1653 2387 1729 2417 sexto
1745 2386 1792 2416 die
1808 2387 1968 2426 Odiobris,
1988 2387 2077 2417 Anno
2089 2387 2126 2418 ab
2138 2386 2336 2418 Incarnatione
2384 2395 2418 2417 o·

1345 2423 1436 2462 mini,
1455 2424 1613 2456 secundum
1635 2425 1750 2456 cursum
1767 2426 1800 2456 ἂ
1823 2427 2070 2464 computationem
2087 2426 2222 2456 Ecclefiae
2235 2425 2420 2464 Anglicanae,

1346 2462 1503 2494 Millesimo
1526 2463 1813 2504 Qiadringenteiimo
1831 2475 1923 2504 nono,
1961 2465 2072 2495 uaedam
2086 2464 2180 2494 Navis
2201 2464 2261 2502 sua,
2279 2472 2379 2494 vocata
2393 2464 2420 2493 le

1343 2502 1475 2533 Thomas
1495 2503 1529 2532 de
1551 2504 1697 2541 London,
1717 2503 1920 2534 Ducentorum
1963 2503 2062 2542 ortagii
2084 2502 2259 2539 Doliorum,
2274 2502 2348 2533 unde
2360 2501 2419 2540 Jo-

1345 2540 1450 2570 hannes
1468 2541 1590 2580 Palis-we
1616 2540 1752 2581 Magister
1768 2564 1778 2579 ,
1800 2545 1917 2579 Rogerus
1935 2545 2022 2579 Orger
2045 2539 2207 2578 Mercator,
2232 2540 2266 2570 ὃ(
2285 2541 2420 2570 Ricardux

1346 2580 1405 2608 Bek
1430 2578 1663 2619 Burseniagister,
1682 2581 1817 2610 veraciter
1838 2581 2004 2617 extiterunt,
2018 2578 2214 2609 Ulixbonenii
2234 2578 2351 2610 feliciter
2371 2589 2422 2618 ap-

1346 2617 1482 2655 plicuisset
1495 2620 1522 2648 in
1538 2617 1686 2656 Porru,ac
1699 2618 1806 2648 ibidem
1821 2617 2163 2656 Oleo,Cera,variisque
2171 2617 2355 2648 Mercandisis
2363 2618 2421 2648 aliis

1346 2664 1461 2685 onerata
1475 2656 1744 2693 fuisset,intentione
1757 2657 1787 2686 in
1801 2656 1938 2694 Regnum
1954 2657 2084 2696 nostrum
2102 2656 2217 2693 Angliae
2233 2654 2420 2695 Revertendi,

1384 2694 1514 2732 Qiidam
1525 2718 1534 2733 ,
1550 2694 1695 2732 Johannes
1714 2694 1777 2734 Syfe
1792 2693 1904 2735 Alfozfi
1917 2695 2007 2734 S)Jero
2023 2694 2181 2726 Correeior
2195 2693 2344 2733 vesterque
2360 2694 2421 2725 Lo—

1347 2742 1514 2763 cumtenens
1537 2733 1667 2763 Civitatis
1688 2732 1912 2770 Ulixbonensis,
1928 2733 2099 2773 Magistrum
2115 2743 2148 2763 ac
2172 2732 2341 2763 Marinarios
2354 2743 2421 2763 om-

1347 2781 1397 2800 nes
1418 2771 1512 2801 Navis
1532 2771 1677 2808 praediftae
1699 2773 1735 2801 ab
1757 2771 1856 2802 eadem
1877 2772 2017 2802 violenter
2030 2773 2162 2810 extraxit,
2182 2772 2216 2803 &
2229 2771 2344 2802 eosdem
2360 2769 2419 2801 Ca·

1347 2809 1438 2877 {benis
1458 2809 1567 2855 Ferreis⁸
1577 2811 1652 2840 circa
1668 2809 1758 2840 Pedes
1770 2810 1804 2841 &
1819 2809 1905 2841 Colla
1921 2812 2047 2850 colligari
2062 2810 2148 2849 fecit,
2163 2810 2197 2841 δε
2208 2809 2275 2840 diris
2289 2807 2421 2840 Carceri-
2542 2849 2552 2878 ὁ

1369 2858 1400 2878 us
1413 2857 1585 2886 mancipari,
2542 2878 2543 2882 ,

1385 2886 1458 2924 Qio
1472 2886 1549 2917 facto
1564 2886 1755 2918 Mercandisas
1767 2888 1800 2918 &
1815 2887 1908 2926 Bona,
1923 2889 1952 2918 in
1965 2888 2042 2918 dieta
2057 2887 2138 2918 Navi
2151 2885 2255 2917 adtunc
2268 2884 2423 2925 existentia,

1349 2926 1491 2956 mandavit
1505 2925 1538 2956 &
1555 2926 1623 2956 fecit
1638 2926 1805 2964 Discarcari,
1824 2929 1857 2958 &
1872 2927 2006 2957 velociter
2019 2925 2165 2963 asportari,
2186 2925 2321 2956 mandans
2335 2926 2421 2956 etiam

1348 2964 1468 2994 firmiter
1482 2965 1515 2995 ὃ(
1531 2965 1676 3003 injungens
1691 2964 1911 3002 Bursemagistro
1927 2972 2102 3002 praenotatO,
2117 2964 2151 2994 &
2165 2965 2289 3001 caeteris,
2303 2972 2334 2994 ut
2348 2973 2423 3002 prae·

1351 3003 1489 3040 mittitur,
1506 3003 1705 3042 Incarceratis‚
1723 3003 1873 3034 Esculenta
1894 3003 1928 3034 &
1951 3001 2110 3033 Poculenta
2126 3000 2273 3033 Custubus
2287 3002 2340 3033 suis
2353 3012 2421 3043 pro-

1348 3042 1412 3080 priis
1427 3042 1628 3079 ministrarent,

1384 3080 1488 3119 Sicque
1511 3091 1527 3111 a
1547 3080 1724 3111 duodecimo
1746 3080 1792 3110 die
1808 3079 1968 3118 Februarii,
1988 3078 2077 3109 Anno
2092 3078 2219 3110 Domini
2233 3079 2356 3117 superius
2368 3089 2420 3111 an-

1348 3127 1462 3157 notato,
1484 3120 1571 3158 usque
1594 3118 1708 3149 Festum
1729 3117 1846 3149 Paschae
1870 3127 1939 3149 tunc
1954 3119 2090 3157 proximo
2101 3118 2234 3158 sequens,
2253 3117 2419 3150 incarcera-

1350 3158 1433 3188 tionis
1449 3158 1597 3197 Angustias
1610 3157 1779 3195 tolerarunt,
2277 3163 2283 3170 ’

1386 3195 1495 3234 Vobis,
1514 3203 1543 3226 ut
1564 3196 1698 3233 refertur,
1716 3195 1912 3234 asierentibus,
1928 3196 2008 3235 quod
2029 3205 2131 3226 eorum
2153 3195 2258 3234 aliqui,
2290 3196 2324 3226 ad
2345 3195 2420 3226 Sub-

1347 3234 1519 3265 tractionem
1533 3234 1674 3272 cujusdam
1692 3234 1802 3272 Navis,
1821 3234 1893 3265 infra
1906 3235 2062 3265 vestrarum
2076 3233 2182 3266 Cursus
2196 3236 2343 3273 Aquarum
2358 3233 2421 3264 alias

1347 3273 1449 3303 furtive
1463 3272 1591 3310 sublatae,
1610 3271 1798 3311 praestiterunt
1814 3272 1975 3303 Confilium
1989 3275 2165 3310 &juvamen
2175 3295 2185 3311 ,

1388 3310 1425 3340 Et
1445 3320 1616 3350 quamquam
1639 3310 1675 3341 de
1689 3311 1764 3349 hoc,
1782 3314 1906 3350 Princeps
1921 3311 2076 3353 magnifice,
2096 3321 2130 3342 ac
2144 3314 2244 3340 Frater
2263 3307 2415 3348 Cartffime,

1349 3350 1408 3379 tarn
1432 3359 1480 3386 per
1503 3348 1700 3388 Inquisitiones
1720 3350 1828 3388 varias,
1855 3351 1942 3389 quam
1964 3361 2014 3388 per
2037 3350 2282 3386 Examinationes,
2306 3356 2416 3387 captas,

1348 3396 1434 3427 prout
1455 3388 1566 3426 decuit,
1582 3389 1612 3418 in
1631 3388 1684 3419 hac
1698 3398 1792 3428 parte,
1810 3389 1880 3420 dieti
1894 3388 1982 3420 nostri
1998 3388 2072 3428 Ligii
2085 3388 2228 3425 comperti
2241 3385 2353 3417 fuissent
2366 3385 2415 3415 In-

1347 3427 1437 3457 iontes
1449 3428 1548 3465 pariter
1564 3427 1597 3457 &
1612 3425 1773 3465 ImmuneS,

1387 3463 1476 3502 Cujus
1495 3466 1536 3494 rei
1555 3465 1636 3496 causa
1662 3465 1829 3496 Correetori
1853 3472 2014 3496 memorato
2033 3472 2083 3503 per
2102 3462 2206 3493 vestras
2229 3460 2418 3506 Mandavistis

1351 3503 1458 3533 Literas
1481 3504 1610 3534 Patentes
1632 3511 1664 3535 ut
1685 3503 1805 3535 Navem
1822 3504 1985 3542 praedieiam
1998 3503 2033 3533 ab
2047 3501 2167 3539 Aresto,
2186 3500 2417 3540 Magistrumque

1351 3552 1384 3573 ac
1400 3541 1568 3572 Marinarios
1581 3541 1703 3580 ejusdem
1713 3553 1729 3573 a
1746 3541 1932 3580 carceribus,
1946 3542 2025 3572 illico
2039 3539 2204 3577 Relaxaret,
2326 3578 2332 3583 .

1391 3580 1483 3618 Quod
1503 3579 1620 3619 quidem
1641 3581 1766 3612 vestrum
1788 3581 1957 3612 Mandatum
1975 3577 2071 3617 postea
2089 3578 2160 3615 fuit,
2184 3585 2214 3608 ut
2235 3587 2420 3616 accepimus,

1351 3619 1525 3650 Executioni
1539 3628 1607 3649 cum
1621 3617 1786 3650 difficultate
1803 3629 1862 3650 non
1878 3618 1991 3649 modica
2003 3616 2220 3660 demandatum,

1387 3656 1551 3687 Occasione
1565 3667 1662 3688 tamen
1679 3658 1874 3689 Arrestationis
1887 3657 1920 3687 &
1935 3655 2116 3686 Detentionis
2130 3654 2246 3685 diutinae
2261 3653 2356 3684 Navis
2365 3663 2417 3692 ‚ac

1353 3695 1507 3734 Magistri,
1535 3696 1569 3727 &
1599 3695 1824 3727 Marinariorum
1845 3694 2050 3733 praedictorum
2065 3716 2075 3732 ,
2097 3693 2267 3730 supradictus
2287 3693 2418 3723 Thomas

1352 3734 1499 3764 Fauconer
1516 3756 1525 3770 ‚
1557 3734 1697 3765 Posseffor
1719 3734 1812 3764 Navis
1830 3732 1953 3770 ejusdem
1969 3754 1979 3770 ,
2005 3731 2061 3775 Sex
2081 3730 2209 3761 Millium
2231 3731 2418 3762 Coronarum

1351 3772 1439 3809 Auri,
1455 3772 1506 3803 fibi
1539 3782 1571 3802 ro
1587 3772 1618 3802 N
1624 3773 1687 3804 aulo
1701 3772 1874 3803 Debitorum
1883 3793 1893 3809 ,
1906 3770 1941 3800 de
1961 3770 2049 3800 erdita
2058 3769 2223 3809 Toleravit,
2238 3771 2308 3801 ultra
2325 3769 2419 3800 Dam-

1373 3820 1405 3840 na
1427 3812 1460 3841 &
1475 3811 1494 3830 ²¹²
1526 3811 1664 3850 'xpensas,
1681 3821 1745 3850 quae
1766 3812 1826 3841 tarn
1847 3809 1924 3839 idem
1972 3808 2104 3847 offiaffor,
2122 3810 2208 3848 quam
2229 3808 2370 3847 Magister
2383 3808 2416 3839 δε
2435 3823 2453 3841 «x
2467 3819 2550 3849 vm,=

1393 3849 1502 3878 asinarii
1514 3849 1646 3879 antedicti
1659 3858 1804 3888 propterea
1818 3848 1879 3878 sunt
1894 3845 2031 3886 perpeffi,
2391 3884 2396 3887 μ
2436 3858 2502 3891 728.

1395 3886 1526 3917 Vestram
1545 3889 1628 3926 igitur
1643 3886 1890 3926 Magnificentiam
1905 3884 2047 3925 Regiam,
2063 3885 2200 3924 Dampna
2220 3885 2298 3923 paffi,
2317 3887 2351 3917 δε
2366 3885 2421 3916 hu-

1352 3925 1496 3963 jusmodi,
1521 3925 1616 3964 pulsati
1642 3925 1797 3964 Instantiis‚
1823 3923 2010 3962 Requirimus
2033 3924 2190 3954 admodum
2216 3925 2248 3955 &
2270 3924 2421 3963 Rogamus

1353 3966 1498 4001 quatinus,
1517 3964 1689 3994 attendentes
1699 3963 1779 4002 quod
1795 3962 1934 3993 Arestatio
1947 3962 2097 4001 praedieta,
2117 3964 2262 4002 indebite,
2277 3964 2329 4000 &,
2341 3963 2361 3991 ii
2376 3960 2420 3990 di-

1354 4012 1418 4031 cere
1437 4002 1475 4031 fas
1496 4001 1553 4040 est,
1571 4001 1690 4040 injuste,
1707 4009 1739 4032 ut
1758 4001 1938 4040 praedicitur,
1955 4011 1988 4031 ex
2005 4001 2151 4039 proposito
2165 4002 2249 4041 faeta,
2272 4002 2344 4030 inter
2358 4000 2421 4030 Vos

1353 4041 1388 4073 &
1410 4039 1496 4079 Nos,
1521 4040 1555 4072 &
1578 4039 1690 4071 nostros
1711 4039 1798 4074 etiam
1820 4039 1961 4080 Populos,
1977 4041 2097 4080 vigentis
2119 4048 2228 4073 mutuae
2249 4038 2424 4071 Dilesstionis

2358 4090 2420 4113 non
