2562 4274
762 179 874 220 ET
956 178 1225 221 ACTA

65 267 142 299 Arm.
156 260 198 294 D.
218 260 270 292 bus
284 261 320 293 de
334 261 436 300 caufis,
454 260 633 294 excufiitione
648 271 827 304 quacumque
841 264 980 305 cessante,
998 267 1031 298 &
1053 266 1135 297 omni
1150 265 1284 296 dilatione

94 312 177 344 1422.
216 300 386 340 postposita,
407 302 535 340 veniant,
555 302 581 333 se
604 312 772 343 properent,
787 306 821 336 ὃς
841 305 990 343 festinent,
1006 306 1056 336 sub
1074 305 1168 335 Poena
1189 303 1282 333 Foris-

65 350 128 372 Hen.
147 351 174 378 5.
216 339 334 370 facturae
348 340 482 370 omniurn
502 351 565 379 quse
585 339 684 371 Nobis
706 342 866 373 forisfacere
887 351 1034 384 poterunt,
1054 343 1087 375 ὃς
1106 342 1278 382 Imprisona-

217 379 306 408 menti
321 377 489 415 Corporum
505 382 618 410 {uorum
631 381 665 410 ad
680 381 852 411 voluntatem
867 382 1004 412 nostram.

252 417 310 454 Er,
328 417 347 446 fi
368 426 439 455 quos
458 418 616 456 hujusmodi
636 419 740 458 Ligeos
768 419 900 457 nostros,
926 420 990 459 post
1008 420 1084 451 Tres
1103 419 1193 457 Dies,
1212 419 1277 457 post

214 455 474 486 Proclamationem
497 456 580 487 istam
599 457 635 488 fic
652 458 772 496 tactam,
792 459 951 489 inveneritis
976 470 992 490 a
1012 468 1087 490 retro
1111 457 1278 496 existentes,

216 494 260 524 seu
279 495 308 524 in
327 494 380 524 hac
398 504 475 532 parte
493 496 678 535 negligentes,
696 505 762 533 eOS,
779 496 837 526 fine
851 498 998 536 dilatione,
1015 497 1158 536 &absque
1178 497 1276 527 favore

215 533 330 571 aliquo,
347 533 470 564 arestetis
495 535 527 564 δε
551 535 682 572 capiatis,
700 538 755 564 una
779 545 846 566 cum
871 536 976 575 Equis,
996 536 1113 573 Rebus,
1139 537 1172 566 &
1192 534 1277 565 Bonis

215 572 268 601 suis
281 571 526 611 quibuscumque,
546 574 564 592 ²*
580 574 612 603 ὃς
632 574 659 602 in
680 572 750 602 salva
769 574 802 604 &
820 574 914 606 secura
932 574 1072 606 Custodia
1090 574 1206 612 poni&
1225 583 1278 604 cu-

214 609 312 639 stodiri
328 610 451 648 faciatis,
475 610 618 650 quousque
635 611 712 641 aliter
731 621 784 650 pro
809 623 908 644 eorum
928 613 1142 644 Deliberatione
1167 613 1278 643 duxeri-

217 657 279 677 mus
293 649 502 685 ordinandum,

251 687 288 717 Et
305 687 382 730 hoc,
400 687 449 730 sub
466 687 534 717 Fide
553 688 585 718 δε
602 686 772 727 Ligeancia,
786 690 886 729 quibus
901 689 1000 720 Nobis
1018 689 1173 727 tenemini,
1188 689 1276 720 nulla·

214 734 296 756 tenus
314 733 456 755 omittatls.

252 763 342 794 Teste
358 763 440 801 Rege
457 763 529 803 apud
544 764 664 805 Castrum
671 765 752 805 sicum
765 767 940 805 Rothomagi,
958 767 996 797 vii
1015 766 1061 797 die
1078 766 1189 804 Aprilis.

65 573 195 601 *Ka-02.

212 851 377 883 Consimilia
397 850 495 883 Brevia
513 852 669 892 diriguntur
687 851 797 920 {alllivis
814 852 986 892 subscriptis,
1004 852 1054 883 sub
1070 852 1170 884 eadem
1180 850 1276 889 Data;

665 901 692 921 vr
713 900 810 928 ercet,

250 966 364 996 Ballivo
382 971 510 997 Dcureux
528 966 594 1003 vel,
610 966 670 1001 &a

249 1005 363 1035 Ballivo
382 1007 415 1035 de
429 1006 520 1044 Gisbrs
539 1006 596 1041 vel,
615 1003 675 1040 &c.

250 1043 363 1074 Ballivo
382 1045 414 1074 de
432 1048 535 1073 ,Mante
551 1042 615 1080 vel,
630 1042 692 1078 &a

248 1081 363 1112 Ballivo
389 1081 543 1113 d'Alencon
561 1082 626 1119 vel,
643 1080 704 1116 &c.
722 1087 754 1110 ut
765 1080 851 1120 sipra
869 1081 949 1122 usqae
969 1081 1026 1121 ibi,
1045 1081 1079 1113 ad
1100 1081 1277 1112 voluntatem

211 1120 339 1152 nostram
350 1142 359 1158 ,
376 1118 415 1156 ὠ·
431 1127 494 1150 tunc
502 1120 541 1163 fic
574 1120 608 1152 &
625 1120 684 1151 Vos
702 1119 759 1158 ipse
784 1122 821 1152 iic
838 1130 907 1152 cum
928 1119 1093 1152 Retinentia
1118 1119 1206 1151 vestra
1228 1129 1279 1151 ve-

211 1161 309 1198 niatis,
328 1158 366 1189 Et
381 1160 400 1189 ii
415 1169 505 1199 quos,
562 1170 582 1189 c.
604 1165 636 1189 ut
644 1157 741 1198 fiepra.

251 1197 365 1228 Balliva
387 1197 419 1228 de
435 1201 523 1236 Cam,
539 1198 583 1230 vel
601 1199 658 1236 ejus
691 1196 752 1233 &c.
770 1204 802 1226 ut
816 1206 898 1237 prox.
904 1196 1007 1237 supra.

250 1237 365 1268 Ballivo
385 1237 418 1267 de
441 1240 539 1276 caux,
558 1237 625 1274 vel,
684 1247 705 1266 c.
723 1243 756 1266 ut
771 1235 854 1305 flagra
870 1236 951 1277 usque
969 1237 1008 1267 ibi
1018 1259 1033 1277 ‚V
1048 1236 1212 1279 Remanere
1229 1234 1279 1279 de-

213 1276 340 1313 bebunt,
359 1274 397 1310 &
412 1283 475 1308 tunc
482 1275 522 1318 fic
532 1300 542 1314 ‚
557 1276 591 1307 &
604 1275 665 1306 illos
679 1276 727 1315 qui
747 1276 778 1305 in
827 1278 946 1306 omitiva
961 1276 1054 1306 dilecti
1069 1275 1102 1306 &
1120 1274 1207 1304 fidelis
1216 1273 1278 1317 Mr-

212 1315 266 1346 litis
281 1314 370 1346 nostri
381 1314 520 1354 Radulphi
532 1313 650 1345 Botiller
666 1314 697 1344 in
716 1313 876 1345 Obsidione
895 1314 977 1346 Villa:
993 1314 1030 1345 de
1043 1312 1206 1345 Gamaches
1219 1322 1277 1343 exi-

212 1353 284 1384 stant
301 1363 385 1393 penes
404 1352 606 1393 Cariffimum,
624 1351 685 1389 &a
703 1360 735 1383 ut
747 1351 843 1392 fhpra.

98 1448 163 1478 lbid.
217 1429 304 1499 RE}
316 1429 365 1469 X,
382 1434 529 1469 Capitaneo
546 1429 578 1460 de
592 1433 665 1460 Caen
675 1452 687 1469 ,
703 1429 748 1461 vel
766 1430 823 1469 ejus
843 1425 1068 1462 Locumtenenti
1085 1428 1210 1467 ibidem,
1228 1427 1278 1459 Sa-

304 1478 391 1500 utem.

252 1506 425 1539 Mandamus
440 1508 540 1547 vobis,
559 1506 675 1538 firmiter
691 1508 883 1548 injungentes,
901 1507 982 1546 quod
994 1517 1095 1538 omnes
1109 1506 1143 1537 &
1157 1505 1278 1546 singulos

212 1544 358 1577 Homines
379 1547 414 1578 ad
431 1546 520 1577 Arma
539 1547 573 1577 &
588 1546 748 1586 sagittarios
762 1549 798 1577 de
812 1546 986 1578 Garnilione
1000 1546 1112 1588 vestra,
1173 1583 1177 1588 ¹

251 1584 383 1624 Exceptis
399 1586 461 1616 solis
475 1586 543 1624 illis,
561 1595 649 1624 quos,
668 1595 722 1623 pro
735 1585 804 1616 salva
819 1587 853 1616 ὃς
873 1585 967 1615 secura
991 1584 1131 1625 Custodia
1154 1582 1279 1628 ejusdem

212 1622 389 1654 Garnilionis
404 1625 482 1663 juxta
498 1623 598 1655 vestrae
616 1623 788 1655 discretionis
808 1624 972 1662 arbitrium,
992 1624 1102 1653 necesse
1124 1621 1282 1653 fuerit-iilic

212 1672 356 1694 remanere

247 1700 339 1733 Penes
345 1685 559 1740 ,’Cariffimurn
577 1699 831 1739 Consanguineum
848 1699 978 1731 nostrum
988 1722 998 1738 ,
1014 1700 1142 1729 Thomam
1151 1701 1279 1727 comitem

210 1742 325 1779 Sarum,
341 1740 425 1770 certis
438 1738 590 1778 magnis&
603 1739 767 1778 urgentibus
781 1739 817 1768 de
825 1737 938 1777 Cauiis,
955 1740 1037 1768 omni
1053 1738 1187 1769 dilatione
1202 1736 1281 1775 post-

209 1777 316 1817 polita,
336 1778 371 1808 ad
387 1777 492 1809 Villam
506 1777 634 1807 nostram
649 1778 685 1807 de
700 1776 804 1807 Mance
818 1777 1024 1815 transmittatis,
1216 1814 1221 1820 “

248 1816 419 1847 Mandantes
430 1816 550 1853 eisdem,
567 1825 600 1844 ex
614 1824 690 1855 parte
704 1815 813 1852 nostra,
832 1818 978 1854 quatinus,
996 1816 1079 1846 omni
1103 1814 1281 1858 excusatione

210 1855 350 1893 cessante,
369 1855 402 1886 ad
425 1853 547 1885 eundem
577 1853 830 1893 Consanguineum
855 1854 983 1884 nostrum
1015 1854 1129 1883 indilate
1148 1861 1281 1891 veniant,

210 1894 261 1924 sub
275 1893 368 1924 Poena
384 1892 584 1922 Forisfazfilmrae
598 1893 731 1923 omnium
746 1903 811 1931 quae
826 1893 925 1923 Nobis
943 1894 1105 1922 forisfacere
1147 1900 1279 1930 oterunt,

211 1932 244 1963 &
261 1931 508 1970 Imprisonamenti
525 1930 693 1969 Corporum
707 1931 823 1961 suorum
836 1931 870 1961 ad
884 1933 1061 1962 voluntatem
1079 1940 1118 1960 no
1145 1940 1223 1968 ram,

252 1970 308 2008 Et,
330 1970 348 2000 fi
361 1979 432 2008 quos
447 1979 481 2002 ex
498 1970 552 2009 eis,
571 1969 636 2008 post
656 1969 732 1999 Tres
748 1969 837 2007 Dies,
856 1969 1008 2008 postquam
1026 1969 1144 2008 praesens
1159 1967 1282 1999 Manda-

209 2016 271 2038 tum
286 2008 418 2040 nostrum
433 2009 608 2047 receperitis,
624 2008 786 2039 inveneritis
800 2018 815 2038 a
830 2018 905 2040 retro
920 2008 1055 2044 existere,
1079 2007 1124 2038 seu
1140 2008 1281 2047 negligere

210 2047 267 2085 iic,
286 2057 316 2078 ut
331 2048 495 2085 praeferru1·‚
518 2045 553 2077 ad
566 2046 677 2077 dietum
693 2045 944 2085 Constanguineum
957 2047 1088 2077 nostrum
1106 2048 1218 2090 venire,
1232 2055 1282 2076 eos

210 2086 268 2116 sine
283 2087 434 2123 dilatione,
454 2085 539 2116 omni
561 2084 661 2115 favore
681 2083 858 2125 postpofito,
876 2087 990 2126 capiatis
1013 2085 1046 2116 Sc
1067 2085 1207 2124 arestetls,
1225 2085 1281 2115 una

207 2134 278 2157 cum
292 2124 396 2164 Equis,
414 2123 535 2161 Rebus,
551 2123 586 2155 &
601 2122 686 2154 Bonis
703 2123 754 2154 suis
770 2125 1015 2164 quibuscumque,
1033 2124 1067 2154 &
1085 2125 1114 2154 in
1134 2123 1205 2154 salva
1217 2122 1281 2154 Cu-

208 2163 300 2194 stodia
322 2165 394 2201 poni
415 2163 539 2201 faciatis,
565 2161 711 2206 quousque
738 2172 792 2203 pro
814 2174 916 2195 eorum
933 2163 1147 2195 Deliberatione
1169 2162 1244 2195 aliud
1263 2172 1280 2194 a

208 2202 294 2234 nobis
306 2201 458 2233 habueritis
473 2203 504 2232 in
518 2199 677 2239 Mandans,

245 2239 286 2272 Er
302 2241 380 2284 hoc,
394 2239 445 2285 sub
464 2239 538 2272 Fide
551 2240 585 2271 ἃ.
607 2239 772 2280 Ligeantia,
789 2241 892 2280 quibus
913 2241 997 2274 nobis
1012 2241 1171 2279 tenemini,
1189 2239 1282 2272 nulla-

221 2287 289 2310 enus
305 2287 457 2310 omittatis:

208 2285 220 2310 t
244 2317 284 2347 Et
298 2317 335 2348 de
351 2319 433 2349 omni
450 2327 505 2357 eo,
523 2317 601 2357 quod
619 2316 740 2349 feceritis
756 2319 786 2349 in
800 2319 854 2351 hac
869 2329 964 2361 parte,
981 2319 1015 2351 &
1040 2319 1077 2351 de
1096 2317 1281 2349 Nominibus

205 2356 240 2388 &
260 2355 399 2387 Numero
416 2366 535 2395 eorum,
553 2366 639 2395 quos,
657 2365 688 2388 ut
701 2358 865 2398 praefertur,
883 2359 964 2390 dieto
981 2358 1204 2397 Consanguineo
1224 2367 1280 2389 no-

206 2395 268 2427 stro
282 2395 493 2433 transmiseritis,
509 2394 600 2434 ipsum
616 2394 714 2427 vestris
732 2396 832 2430 Literis
845 2398 1005 2430 certificetis
1024 2397 1148 2428 indilate.

244 2433 336 2465 Teste
355 2443 385 2467 ut
401 2434 499 2474 supra,
516 2435 553 2473 vij
572 2434 619 2465 die
637 2435 751 2475 Aprilis.

232 2519 404 2552 Confimilia
421 2519 522 2551 Brevia
539 2519 695 2590 diriggitur
710 2520 871 2592 Gagietlaneis
888 2521 1061 2560 subscriptis,
1080 2520 1131 2552 sub
1150 2521 1252 2554 eadem

212 2573 213 2576 ¹
648 2568 707 2598 ata,
726 2570 754 2593 vx
801 2569 875 2599 icet,

262 2639 410 2674 Capitaneo
427 2635 610 2673 Dargenthen
627 2636 678 2668 vel
712 2636 774 2673 &c.

261 2678 409 2713 Capitaneo
425 2675 457 2704 de
476 2675 619 2714 Hareflieu
637 2660 704 2715 ves,
723 2675 784 2712 (rc.

264 2716 411 2751 Capitanea
429 2713 463 2743 de
481 2714 616 2744 Caudobec
633 2714 699 2752 vel,
713 2715 775 2750 &a

264 2755 412 2789 Capitaneo
427 2752 459 2781 de
476 2751 582 2794 Faloifi
595 2752 663 2792 vel,
681 2753 744 2789 &c.

263 2792 411 2826 Capitaneo
429 2791 461 2820 de
476 2791 638 2832 Honneflieu
656 2792 723 2831 vel,
738 2791 798 2830 &cn

258 2830 404 2865 Capitaneo
419 2829 451 2858 de
466 2831 571 2869 Touque
586 2830 637 2862 vel
643 2855 653 2868 .,
671 2830 732 2867 &c.

260 2869 407 2905 capitaneo
425 2867 459 2896 de
477 2870 596 2898 Courton
611 2868 662 2899 vel
666 2892 676 2908 ‚
693 2869 756 2905 &c.

260 2908 408 2942 capitaneo
426 2906 458 2936 de
476 2906 671 2937 Portaudemer
686 2907 749 2947 vel,
764 2907 826 2944 &a

259 2947 407 2982 Capitaneo
425 2944 456 2974 de
474 2943 659 2984 Beaumefnill
672 2945 722 2975 vel
726 2968 736 2984 ,
753 2946 813 2982 &c.

254 2986 401 3022 Capitaneo
417 2983 450 3012 de
465 2982 569 3023 Ltfiux
586 2983 650 3022 vel,
668 2983 729 3019 ἀι.

258 3024 405 3059 Capitaneo
423 3021 455 3052 de
472 3021 585 3061 Lilbon,
603 3021 669 3060 vel,
698 3020 759 3058 &a

595 3161 645 3193 De
665 3156 867 3202 &stitutione-

52 3242 129 3274 Ann.
144 3242 187 3274 D.
209 3243 295 3301 RE
303 3242 352 3286 X>
370 3241 528 3273 Venerabili
553 3243 584 3272 in
598 3242 718 3274 Christo
734 3245 828 3284 Patri,
852 3246 894 3275 N.
908 3243 1006 3276 eadem
1019 3243 1126 3285 gratia,
1143 3241 1269 3283 Epfiopo

50 3290 185 3351 1117142210
241 3280 710 3364 Exssfficgnfflgoggutssarzudenoe
726 3320 892 3366 Capellani,
909 3321 1051 3367 Bacallarii
1066 3324 1095 3368 in
1115 3322 1266 3360 Decretis,

50 3363 85 3386 H.
105 3369 131 3394 5⁴
203 3359 237 3390 &
252 3367 283 3389 ut
297 3359 408 3396 asserit,
427 3356 527 3388 Curari
541 3357 675 3388 Ecclesiae
696 3358 865 3391 Parochialis
883 3361 981 3392 Sancti
995 3362 1107 3400 Vigoris
1124 3362 1161 3393 de
1176 3363 1265 3394 Ama-

52 3397 116 3425 Jbia.
131 3408 167 3427 m.
203 3406 258 3436 yo,
277 3397 378 3428 vestrae
394 3396 554 3434 Dioecefis‚
568 3396 659 3436 Jurati
673 3396 755 3436 Ligei
769 3397 877 3437 nostri,
891 3399 993 3430 Nobis
1007 3401 1049 3430 est
1068 3400 1169 3432 humili
1188 3401 1265 3440 Sup-

51 3437 128 3471 25·d-
200 3435 353 3474 plicatione
367 3434 572 3473 monstratum,

202 3512 228 3543 A
239 3473 410 3544 Qiogciplse
435 3474 606 3544 Ἦπῑςὶίεηίε,
624 3483 660 3505 ex
678 3474 759 3505 causa
784 3473 892 3514 Studii,
916 3475 951 3507 &
970 3485 1032 3507 non
1052 3477 1121 3517 alia,
1139 3488 1188 3517 per
1206 3479 1263 3511 Sex

407 3523 435 3543 ra
473 3522 488 3543 e
503 3523 511 3542 1

230 3521 468 3590 ¹355⁸)chlejam
490 3535 600 3589 priiiem
637 3551 707 3583 cum
723 3551 760 3582 ad
782 3561 859 3583 aures
874 3552 933 3583 suas
950 3554 1080 3593 pervenit
1091 3555 1172 3592 quod
1187 3557 1261 3596 ipse,

199 3592 254 3620 una
268 3600 336 3621 curn
349 3591 405 3621 aliis
418 3590 453 3620 ad
469 3589 591 3621 Residen
614 3600 665 3620 um
677 3590 756 3630 super
769 3589 947 3622 Beneficium
969 3593 1049 3624 suum
1059 3615 1069 3631 ,
1086 3594 1120 3623 &
1137 3594 1172 3624 ad
1187 3605 1261 3634 prae-

200 3626 330 3660 standum
342 3629 543 3667 juramentum
560 3628 660 3660 Nobis
678 3628 828 3668 debitum,
846 3639 962 3661 vocatus
979 3631 1065 3670 effer,
1083 3641 1168 3670 mox,
1187 3634 1257 3664 curn

199 3665 357 3703 hujusmodi
374 3668 413 3698 rei
438 3668 567 3699 notitiam
586 3667 734 3706 habuerat,
757 3678 773 3699 a
798 3669 938 3708 praedicro
961 3669 1046 3701 Loco
1072 3670 1260 3712 Aurelianen,

198 3704 300 3741 absque
311 3715 391 3737 mora
405 3705 532 3745 receffit,
548 3706 574 3737 se
587 3706 756 3737 divertendo
773 3707 875 3751 versus'
882 3706 965 3747 Nos,
982 3709 1017 3741 &
1037 3708 1184 3740 Ducaturn
1204 3721 1259 3740 no-

200 3741 290 3772 strum
303 3743 513 3784 Norrnanniae,
530 3755 563 3776 ac
577 3744 685 3776 Curam
698 3744 776 3776 suam
789 3745 954 3784 praedrChm
964 3769 974 3785 ,

242 3779 307 3824 Set,
332 3784 506 3827 obstantibus
526 3783 645 3828 Viarum
667 3783 813 3828 periculis,
832 3785 866 3815 &
884 3784 940 3815 aliis
965 3785 1108 3829 nonnullis
1129 3786 1256 3825 Impedi-

50 3819 105 3848 ³21.
116 3829 180 3859 203.
197 3827 301 3849 mentis
318 3819 412 3859 Facu,
428 3832 493 3862 quae
510 3824 523 3840 *⁸
538 3823 588 3853 fibl
601 3824 631 3854 in
645 3822 748 3854 Itinere
765 3822 1000 3863 supervenerunt,
1017 3824 1053 3856 ad
1074 3825 1146 3856 mfra
1163 3827 1253 3858 Diem

196 3858 348 3926 linr'ijtaffm
365 3861 460 3891 venire
473 3861 629 3894 nullatenus
644 3869 790 3901 potuerat,

267 3905 285 3925 n
308 3905 324 3925 e

232 3918 358 3964 Timer'is
369 3944 407 3966 ne
419 3943 455 3967 ex
473 3947 510 3969 eo
531 3939 768 3978 impedimentum
789 3938 841 3970 fibi
861 3938 908 3970 fiat
930 3940 1005 3972 circa
1024 3940 1173 3981 Titulum,
1185 3943 1251 3982 Jus‚

192 3974 226 4005 ὅ(
238 3973 443 4004 Poffeffionem
477 3986 541 4014 quae
553 3979 583 4008 in
596 3979 679 4011 dieto
692 3977 835 4009 Beneficio
847 3978 897 4008 suo
911 3980 1052 4019 optinuit,
1067 3991 1182 4013 necnon
1196 3985 1251 4014 cir-

190 4022 224 4043 ca
238 4011 370 4049 Fructus,
389 3997 545 4054 Redditus,
560 4017 595 4047 &
606 4016 764 4048 Proventus
776 4017 898 4055 ejusdem
908 4040 919 4056 ,

228 4050 330 4081 Nobis
344 4051 511 4090 supplicavit
523 4055 575 4086 fibi
587 4063 638 4094 per
659 4056 728 4088 Nos
749 4055 787 4088 de
807 4055 954 4088 Remedio
974 4057 1003 4088 in
1019 4055 1071 4089 hac
1090 4067 1167 4096 parte
1182 4071 1249 4099 pro-

192 4090 289 4121 videre
301 4097 456 4128 oportuno.
605 4093 611 4100 ‘

1308 178 1815 226 PUBLICA«
2328 194 2379 231 61

1357 265 1425 296 Nos
1447 267 1587 305 (volentes
1604 268 1632 298 in
1653 270 1704 301 hac
1729 278 1805 309 parte
1824 271 1881 302 fieri
1900 270 1977 311 quod
2001 272 2042 303 est
2058 273 2178 311 justum)
2198 273 2282 304 vobis
2297 273 2384 304 Man·
2405 270 2482 302 Ann-
2496 270 2538 303 D;

1324 304 1422 347 damus
1437 307 1534 348 quod,
1552 307 1570 337 si
1585 308 1667 338 vobis
1681 310 1804 346 leginme
1819 311 1977 343 constiterit
1994 311 2139 342 Praerniffa
2151 314 2296 342 veritatem
2313 323 2385 343 con·
2426 318 2512 348 1422..

1321 350 1427 381 tinere,
1446 346 1534 381 iplum
1557 345 1684 377 Thomna
1706 349 1862 379 heclefiam
1885 350 1962 381 suam
1984 349 2165 389 praedic‘iarn,
2186 360 2297 380 necnon
2317 351 2382 381 Flu.
2407 353 2470 376 ch.
2491 358 2519 383 ς,

1321 381 1399 419 ctus,
1417 382 1628 422 Obventiones,
1647 384 1794 425 proficua,
1813 388 2056 418 &Emolumenta
2070 399 2270 429 quaecumque,
2289 388 2322 418 ad
2339 400 2384 418 ea-

1319 420 1385 449 dem
1402 420 1567 459 speEtantia,
1587 433 1702 454 necnon
1720 426 1866 464 Arreragia
1881 427 1948 457 inde
1964 427 2073 466 debita,
2093 427 2153 464 &u
2167 435 2248 466 prout
2267 439 2295 456 m
2308 435 2385 456 caete-
2396 445 2405 453 .

1318 462 1357 486 ris
1374 458 1406 487 de
1423 459 1598 500 Restitatjone
1616 464 1730 492 Litcris.

1357 583 1406 615 De
1430 583 1574 617 Levando
1596 597 1689 619 unam
1714 590 1889 634 Antiquam
1913 591 2075 623 Decimam
2096 594 2128 622 in
2151 592 2356 624 ffirmannia.

1323 664 1466 721 REX,
1487 667 1646 701 Venerabili
1664 673 1692 702 in
1713 671 1831 703 Christo
1848 672 1943 713 Patri,
1961 673 2004 704 Ν.
2023 674 2120 706 eadem
2138 676 2242 716 gratia,
2257 676 2383 715 Epifiopo
2405 671 2482 704 Ann-
2496 670 2538 705 DL

1403 708 1557 749 BaJocenfi,
1576 710 1711 740 Salutem.
2430 722 2523 752 1422.

1356 742 1437 774 Cum
1446 768 1455 782 ,
1473 754 1504 776 ut
1517 750 1695 787 accepimus,
1709 750 1839 787 quaedam
1851 749 1989 783 Decima5
2003 762 2063 782 non
2076 752 2163 789 longe
2179 761 2243 783 anre
2254 751 2384 784 Descen-
2403 755 2456 780 An·
2476 761 2518 780 10‹

1319 779 1381 810 sum
1403 783 1531 814 nostrum
1549 786 1622 823 apud
1639 787 1781 826 Touque,
1803 788 1958 829 Cariffimo
1976 791 2058 820 Patri
2077 791 2164 831 nostro
2178 794 2315 828 Franciae,
2333 801 2384 829 per
2403 795 2437 817 H·
2455 799 2486 827 5·

1319 816 1455 851 Praelatos
1468 822 1501 853 ὃ(
1515 821 1632 854 Clerum
1647 825 1780 856 Ducatfis
1795 828 1884 857 nostri
1898 827 2111 865 Normanniae,
2126 829 2159 859 de
2173 829 2329 859 Praelaturis
2346 830 2381 861 &
2403 832 2464 856 Pat-

1321 854 1469 889 Beneficiis
1483 861 1536 891 suis
1551 862 1781 903 qubuscumque,
1800 866 1858 895 tim
1872 865 2035 906 Exemptis,
2054 868 2141 905 quam
2154 877 2215 898 non
2227 867 2385 908 Exempds,
2403 870 2542 897 Nom-102

1321 895 1464 941 Concessa
1477 900 1559 930 fuerit
1571 901 1604 931 ὅς
1619 901 1801 933 Concordata
1810 925 1819 941 ,
2434 927 2441 933 ·
2479 927 2484 933 ·

1340 974 1345 979 .
1360 934 1398 965 Et
1411 936 1447 967 de
1466 947 1517 976 eo,
1535 939 1614 976 quod
1628 941 1663 969 de
1676 942 1775 972 eadem
1791 942 1935 973 Levatum
1950 941 2049 981 fuerit,
2067 944 2101 974 &
2125 953 2185 974 non
2199 943 2320 974 solutum
2342 943 2385 974 di·
2407 954 2443 972 m.
2462 944 2539 981 25³1,

1320 974 1371 1003 cto
1386 974 1459 1005 Patri
1470 976 1586 1016 nostro,
1605 978 1702 1009 Nobis
1723 980 1826 1019 fuerit,
1843 990 1892 1020 per
1917 981 2068 1012 Locorum
2085 981 2271 1020 Ordinarios,
2289 983 2322 1014 &
2337 992 2387 1012 eo-

1320 1013 1455 1044 rumdem
1469 1016 1497 1044 in
1514 1025 1545 1046 ea
1560 1025 1636 1054 parre
1651 1017 1699 1048 De
1720 1027 1826 1057 utatOS,
1843 1022 1872 1049 in
1891 1017 2014 1051 Camera
2035 1020 2129 1051 nostra
2144 1019 2366 1057 Compotorum
2377 1044 2388 1058 ,

1322 1059 1353 1081 ut
1368 1053 1479 1083 rationis
1492 1062 1566 1092 erar,
1585 1056 1684 1093 respon
1697 1067 1745 1087 um
1755 1080 1764 1096 ,
1781 1057 1814 1088 &
1831 1058 1956 1097 ejusdem
1971 1057 2109 1090 Decimae
2122 1068 2222 1099 magna
2234 1068 2295 1098 pars
2312 1068 2389 1089 non-

1323 1089 1392 1119 dum
1411 1091 1517 1122 Levata
1530 1092 1627 1132 fuerit,
1645 1094 1684 1125 set
1699 1095 1851 1134 Levanda,

1362 1129 1408 1159 Ad
1423 1140 1525 1169 quarn,
1542 1133 1571 1161 in
1585 1131 1710 1164 Civitate
1725 1134 1868 1171 Bajocenfi
1888 1136 1921 1167 ὃ(
1937 1135 2073 1166 Dioecese
2087 1135 2201 1173 vestris,
2221 1135 2391 1167 Levandam

1324 1165 1461 1206 Magister
1474 1170 1621 1212 Gervafius
1634 1171 1790 1212 Larchamp
1805 1184 1857 1212 pro
1871 1182 1941 1206 tunc
1955 1174 2134 1205 Commiffus
2146 1176 2267 1206 extiterit
2280 1175 2315 1206 &
2327 1174 2391 1206 De„

1322 1214 1448 1245 putatus,

1361 1245 1511 1284 Quocirca
1531 1257 1601 1286 vos,
1626 1249 1757 1280 attentius
1776 1260 1836 1288 quo
1861 1251 2010 1291 valemus,
2037 1251 2158 1283 Tenore
2184 1250 2391 1291 Praeientium,

1322 1281 1500 1323 Monemus,
1524 1287 1709 1326 requirimus,
1727 1289 1760 1320 ὅ(
1783 1290 1930 1320 hortamur
1946 1298 2082 1328 quatenus
2102 1290 2138 1321 de
2156 1289 2304 1321 Beneficiis
2327 1292 2392 1330 qui-

1322 1321 1496 1360 buscumque
1509 1322 1727 1364 Eccleliasticis,
1746 1327 1776 1357 T
1777 1329 1860 1357 axatis
1879 1328 1914 1360 ad
1935 1328 2110 1368 Decimam,
2130 1329 2165 1360 &
2192 1330 2391 1368 aequivalenter

1321 1358 1357 1389 de
1370 1370 1431 1390 non
1446 1361 1575 1401 Taxatis,
1594 1373 1609 1392 a
1619 1362 1772 1404 CapituliS,
1790 1366 1963 1406 Abbatibus,
1974 1366 2121 1398 Prioribus
2152 1366 2293 1406 Praelaris,
2304 1367 2389 1398 Con-

1322 1400 1474 1438 ventibus,
1493 1400 1630 1441 Collegiis
1641 1424 1651 1441 ‚
1669 1403 1703 1433 &
1718 1405 1826 1434 caeteris
1838 1404 1965 1435 Personis
1985 1391 2206 1444 Ecclefiafficis,
2228 1405 2392 1445 Exemptis,

1323 1437 1358 1468 &
1375 1448 1435 1469 non
1454 1439 1619 1480 Exemptis,
1640 1441 1781 1472 dictarum
1797 1441 1928 1473 Civitatis
1950 1444 1984 1475 ὅ(
2009 1444 2150 1475 Dioecefis
2174 1445 2391 1485 (cujuscumque

1323 1475 1567 1517 Praeeminentiae,
1592 1479 1759 1519 Dignitatis,
1776 1479 1891 1519 Status,
1915 1491 1949 1513 ac
1965 1482 2151 1513 Conditionis
2169 1484 2298 1521 existant)
2325 1483 2393 1515 Par-

1325 1522 1383 1545 tem
1400 1517 1546 1554 praedietae
1561 1517 1713 1557 Decimae,
1730 1519 1768 1550 fic
1787 1529 1803 1550 a
1817 1521 1895 1551 retro
1913 1519 2076 1552 existentem
2113 1520 2276 1561 Colligatis,
2296 1522 2393 1554 Leve-

1323 1554 1374 1592 tis,
1405 1555 1439 1585 &
1462 1555 1618 1595 Recipiatis
1653 1557 1698 1588 seu
1722 1556 1850 1597 Colligi,
1876 1558 1995 1597 Levari,
2013 1569 2046 1590 ac
2070 1544 2174 1598 fiecipi
2195 1570 2245 1598 per
2267 1561 2392 1592 eundem

1325 1591 1497 1632 Magistrum
1513 1597 1609 1625 Gerva
1620 1605 1691 1634 zum,
1706 1605 1752 1626 aut
1772 1595 1878 1634 alium,
1896 1606 1949 1637 pro
1966 1607 2026 1635 quo
2043 1597 2080 1628 de
2100 1597 2182 1633 Parte
2201 1598 2286 1630 diecae
2301 1599 2394 1630 Deci-

1326 1640 1403 1669 mae,
1421 1632 1458 1663 fic
1479 1643 1494 1664 a
1510 1634 1586 1664 retro
1614 1633 1757 1665 existentis
1770 1658 1780 1672 ,
1806 1635 1906 1665 Nobis
1924 1635 2091 1674 respondere
2110 1636 2273 1675 volueritis,
2296 1638 2394 1669 dando

1324 1669 1417 1699 eidem
1436 1670 1581 1710 Magistro
1604 1672 1754 1713 Gervafio‚
1781 1672 1825 1703 vel
1849 1674 1916 1711 alii,
1942 1684 2029 1713 quem
2048 1674 2082 1705 ad
2102 1674 2130 1705 id
2155 1674 2287 1706 duxeritis
2304 1676 2395 1717 depu-

1323 1709 1458 1748 tandum,
1478 1709 1582 1741 vestras
1595 1711 1624 1740 in
1644 1720 1675 1742 ea
1693 1721 1769 1748 parte
1786 1710 2005 1743 Commiffionis
2025 1712 2151 1752 Literas,
2169 1723 2204 1745 ac
2229 1714 2340 1751 plenam
2358 1717 2394 1747 δε

1326 1746 1514 1779 sufficientem
1533 1749 1562 1779 in
1581 1748 1634 1779 hac
1656 1758 1732 1788 parte
1752 1749 1946 1789 Potestatem,
1969 1752 2003 1783 &
2026 1750 2129 1782 Nobis
2144 1752 2190 1782 seu
2207 1751 2396 1784 Thesaurario

1326 1785 1425 1816 nostro
1445 1787 1658 1827 Nortnanniae,
1686 1789 1715 1818 in
1736 1787 1811 1820 Villa
1834 1788 1930 1820 nostra
1951 1789 2146 1829 Cadomenfi,
2163 1790 2235 1821 infra
2260 1791 2393 1830 Qinde-

1325 1825 1384 1854 cim
1400 1824 1471 1856 Dies
1509 1827 1623 1857 roximo
1645 1827 1755 1857 futuros
1771 1838 1786 1858 a
1804 1836 1934 1867 tempore
1951 1829 2123 1868 receptionis
2140 1828 2329 1861 Praesentium
2350 1832 2395 1864 in-

1324 1864 1465 1900 tegraliter
1492 1865 1612 1903 olvatis,
1630 1865 1676 1896 seu
1694 1865 1763 1896 solvi
1780 1867 1901 1906 faciatis,

1362 1901 1400 1933 Et
1427 1901 1562 1934 Personas
1578 1902 1785 1936 Ecclefiasticas
1803 1906 1997 1945 quascumque
2022 1904 2207 1944 supradictas,
2221 1907 2305 1938 omni
2326 1907 2396 1940 dila-

1324 1939 1404 1972 tione
1422 1941 1575 1982 postposita
1585 1965 1595 1980 ,
1612 1951 1663 1982 per
1682 1942 1861 1975 Monitiones
1877 1944 1911 1975 &
1927 1943 2066 1975 Censuras
2075 1944 2283 1977 Ecclefiasticas
2300 1947 2329 1976 in
2343 1957 2394 1979 eo-

1323 1988 1389 2009 rum
1407 1979 1557 2020 Personas,
1574 1981 1609 2012 &
1624 1981 1773 2013 interdicti
1792 1982 1946 2014 Sententias
1962 1984 1992 2012 in
2005 1992 2106 2014 eorum
2125 1983 2225 2023 Loca,
2239 1985 2394 2017 fulminan-

1323 2017 1390 2057 das,
1413 2019 1447 2050 &
1466 2019 1529 2050 alias
1551 2019 1742 2060 quascumque
1760 2023 1818 2052 vias
1846 2022 1880 2053 &
1903 2020 2008 2053 modos
2029 2022 2187 2062 legitimos,
2205 2022 2241 2053 ad
2268 2023 2395 2056 Solutio-

1323 2066 1394 2088 netn
1408 2056 1494 2089 diCtae
1509 2058 1598 2090 Partis
1614 2059 1749 2090 Decimae
1773 2059 1956 2099 hujusmodi,
1978 2059 2017 2091 fic
2039 2070 2056 2091 a
2074 2063 2152 2092 retro
2175 2061 2335 2102 existentis,
2352 2063 2397 2094 di-

1325 2095 1380 2126 etis
1394 2094 1439 2128 die
1455 2097 1489 2128 ὃς
1510 2097 1598 2128 Loco
1629 2105 1661 2129 ut
1673 2098 1864 2138 supradictum
1878 2098 1936 2137 est,
1952 2098 2130 2139 faciendam,
2147 2100 2323 2132 coherceatis
2333 2125 2342 2141 ‚
2359 2102 2395 2134 &

1323 2133 1427 2165 faciatis
1439 2142 1541 2167 contra
1557 2120 1670 2167 easiiem
1687 2137 1814 2168 debitam
1834 2136 2064 2177 Executionem‚
2079 2139 2114 2170 ὅτ,
2124 2161 2134 2177 ,
2150 2139 2170 2169 fi
2184 2149 2257 2179 opus
2272 2140 2321 2179 fit,
2345 2150 2396 2181 per

1322 2171 1543 2205 Invocationem
1555 2174 1666 2205 Brachii
1679 2175 1819 2207 Secularis
1838 2176 1986 2217 praedirstas
2000 2175 2137 2209 Personas
2157 2177 2192 2208 ad
2212 2178 2398 2211 Solutionem

1323 2211 1411 2244 dierae
1424 2212 1513 2245 Partis
1529 2213 1688 2251 hujusmodi
1704 2214 1862 2252 Decimae,
1879 2215 1917 2246 fic
1937 2225 1953 2246 a
1967 2217 2044 2246 retro
2061 2216 2222 2256 existentis,
2240 2219 2397 2256 compella-

1324 2251 1377 2289 tis,
1396 2251 1443 2282 seu
1461 2252 1599 2290 compelli
1615 2252 1721 2284 faciatis
1735 2263 1806 2284 cum
1826 2252 1949 2293 effeetu,
1965 2254 2056 2286 taliter
2080 2265 2096 2286 a
2112 2254 2215 2286 Nobis
2231 2256 2343 2288 valeatis
2359 2257 2397 2290 de

1324 2297 1458 2330 prompta
1470 2290 1613 2330 diligentia
1626 2291 1838 2323 commendari.

1360 2327 1474 2360 Damus
1487 2338 1586 2361 autem
1602 2330 1738 2362 universis
1752 2332 1787 2363 &
1801 2330 1912 2370 singulis
1926 2329 2054 2371 Ballivis',
2070 2331 2319 2373 vicecomitibus,
2329 2333 2397 2366 ‘Of-

1325 2366 1449 2405 ficiariis,
1475 2368 1510 2399 &
1533 2367 1676 2398 Ministris
1696 2368 1816 2407 nostris,
1832 2379 1958 2408 quorum
1980 2369 2113 2410 interest,
2127 2371 2247 2404 Tenore
2269 2373 2399 2404 Praesen·

1326 2406 1418 2445 tium,
1435 2406 1554 2438 firmiter
1567 2408 1598 2437 in
1613 2406 1773 2446 Mandatis,
1791 2407 1875 2447 quod
1895 2408 2005 2447 Vobis,
2021 2409 2055 2441 &
2078 2409 2230 2449 Deputatis
2247 2411 2346 2443 vestris
2363 2413 2398 2443 in

1324 2444 1379 2476 hac
1393 2454 1489 2485 parte,
1506 2447 1637 2485 quotiens
1651 2456 1672 2477 o
1692 2456 1724 2477 us
1735 2446 1838 2483 fuerit,
1855 2447 1890 2478 ὃς
1905 2456 1954 2486 per
1969 2457 2037 2486 νος,
2054 2447 2101 2479 seu
2113 2448 2277 2487 hujusmodi
2291 2451 2396 2490 Depu-

1325 2491 1398 2514 tatos
1408 2483 1535 2523 vestros,
1551 2485 1581 2514 in
1595 2483 1669 2515 Auxi
1683 2486 1744 2515 'um
1764 2485 1798 2517 &
1820 2484 2031 2517 Executionern
2053 2486 2268 2520 Praemifforum
2290 2490 2396 2522 fuerint

1325 2522 1466 2561 requisiti,
1484 2522 1666 2554 Intendentes
1679 2523 1751 2562 fint,
1769 2522 1973 2563 Consulentes‚
1990 2526 2024 2556 &
2039 2525 2225 2566 Auxssianres,

1362 2561 1402 2593 Et
1417 2560 1553 2593 Personas
1565 2561 1773 2593 Ecclefiasticas
1794 2562 2003 2602 quascumque,
2020 2573 2085 2603 quae
2103 2565 2138 2595 de
2155 2566 2292 2598 solvendo
2306 2566 2393 2598 Sum-

1324 2609 1401 2639 mas,
1418 2610 1434 2631 a
1450 2600 1493 2639 se,
1512 2601 1623 2632 ratione
1641 2600 1778 2632 Decimae
1799 2600 1946 2640 praedictae
1980 2603 2025 2632 seu
2048 2602 2137 2634 Partis
2157 2605 2296 2644 ejusdem,
2313 2606 2395 2636 debi-

1321 2647 1378 2678 tas,
1393 2639 1440 2669 seu
1455 2645 1559 2670 a'retro
1573 2639 1740 2679 existentes,
1757 2640 1928 2680 negligentes
1959 2642 2050 2672 uerint
2065 2642 2110 2672 vel
2130 2643 2250 2682 rcrnisfi,
2266 2653 2315 2681 per
2336 2644 2394 2675 Bo·-

1319 2687 1424 2708 norum
1437 2678 1553 2709 suorum
1567 2677 1829 2717 Exple&ationem,
1847 2689 1881 2709 ac
1896 2677 2065 2718 Corporum
2080 2680 2194 2712 suorum
2210 2681 2388 2720 Captionem

1319 2718 1354 2747 &
1368 2716 1623 2748 Incarcerationem
1638 2718 1658 2748 sl
1680 2717 1792 2749 necesse
1806 2718 1889 2748 fuerit
1925 2718 1959 2748 &
1977 2719 2034 2749 aliis
2050 2720 2273 2760 quibuscumque
2288 2722 2340 2752 viis
2357 2722 2393 2752 δε

1317 2756 1412 2786 modis
1425 2756 1575 2795 congruis,
1592 2761 1704 2796 cogant}
1718 2757 1752 2787 &
1772 2739 1964 2795 commistim,
1981 2757 2027 2788 seu
2049 2759 2115 2796 cogi
2139 2760 2173 2790 ὅ(
2195 2760 2330 2799 compelli
2349 2762 2391 2791 fa-

1317 2794 1394 2825 ciant
1411 2794 1546 2832 indilate,
1565 2794 1613 2834 Ap
1633 2795 1769 2825 ellationis
1787 2795 1821 2826 &
1843 2795 1954 2825 alterius
1968 2795 2172 2836 cujuscumque
2188 2798 2327 2829 dilationis
2341 2798 2390 2829 seu

1316 2833 1552 2864 contradictionis
1565 2835 1605 2864 ob
1631 2834 1713 2865 aculo
1728 2843 1790 2864 non
1803 2833 1943 2865 obstante.

1351 2871 1385 2902 In
1402 2872 1500 2910 cujus,
1516 2873 1578 2903 &c.

1387 2909 1478 2942 Teste
1499 2909 1586 2949 Rege
1598 2909 1672 2948 apud
1687 2909 1810 2949 Castrum
1820 2909 1900 2949 fiaeum
1918 2909 2077 2950 Rothomagi
2084 2934 2095 2950 ,
2110 2912 2158 2950 viij
2175 2911 2220 2943 die
2235 2911 2347 2953 Aprilis.

1367 3036 1396 3063 ’k
1415 3039 1476 3070 Pro
1500 3037 1655 3069 Comitiva
1679 3037 1827 3069 Katerinae
1851 3037 1964 3082 Reginae
1989 3039 2020 3068 in
2037 3036 2169 3082 prasenti
2191 3041 2316 3085 Viagio.
2401 3049 2535 3091 ⁸X.204:

1376 3123 1450 3151 Enri
1460 3144 1470 3159 ,
1487 3129 1536 3160 par
1550 3119 1575 3151 la
1588 3129 1670 3160 grace
1684 3119 1720 3151 de
1734 3119 1829 3158 Dieu,
1846 3123 1902 3161 Roy
1918 3119 2127 3159 d'Engleterre,
2146 3125 2260 3153 Heriter
2276 3122 2376 3158 &Re-
2394 3137 2461 3170 Ann
2488 3139 2521 3171 D

1384 3167 1449 3197 gent
1468 3159 1503 3189 du
1519 3162 1653 3198 Royaume
1671 3159 1704 3189 de
1720 3162 1842 3197 France,
1860 3160 1894 3190 &
1915 3162 2040 3196 Setgneur
2061 3159 2207 3200 d'Irland,
2225 3172 2254 3192 as
2271 3162 2377 3194 Treso-
2416 3187 2429 3208 1
2454 3163 2493 3209 2'2
2524 3163 2530 3172 ⁸

1313 3207 1355 3230 rer
1373 3197 1635 3232 &Chamberlains
1646 3197 1683 3228 de
1698 3197 1793 3228 nostre
1808 3197 1988 3236 Eschequer,
2003 3197 2095 3228 Saluz.
2433 3188 2452 3217 4
2497 3200 2504 3207 ·

1349 3237 1440 3268 Nous
1452 3237 1571 3275 volons,
1588 3236 1624 3267 de
1637 3235 1742 3268 l'affent
1753 3236 1789 3266 de
1800 3236 1895 3267 nostre
1911 3236 2064 3273 Counsess,
2083 3237 2116 3267 &
2132 3248 2202 3269 vous
2210 3238 2371 3280 Mandons,
2389 3259 2419 3282 H
2438 3266 2457 3292 5

1311 3286 1368 3315 que
1386 3277 1435 3307 des
1455 3275 1541 3306 Iffues
1564 3275 1598 3306 &
1623 3274 1749 3313 Profitz‚
1767 3283 1945 3313 provenantz
1960 3275 2008 3306 des
2029 3274 2149 3314 Terres,
2165 3278 2314 3316 n’adgaires
2331 3290 2367 3310 en
2388 3277 2467 3321 Pe’nes'

1307 3315 1400 3346 Doair
1414 3313 1540 3352 affignez
1552 3323 1568 3344 a
1579 3312 1678 3353 Johan
1690 3316 1790 3352 Roigne
1807 3313 2014 3353 d'Engleterre,
2032 3313 2113 3345 facez
2126 3317 2217 3355 paler,
2233 3316 2370 3349 c’estaffa-
2390 3333 2458 3361 Cler.

1304 3364 1369 3387 νοη-

1344 3376 1536 3430 A'Katerine‚
1553 3390 1703 3430 n’adgaires
1722 3393 1800 3421 Feme
1819 3391 1852 3422 de
1868 3393 1959 3422 Henri
1976 3391 2056 3421 Noon
2081 3391 2215 3424 Chivaler
2226 3417 2236 3433 ,
2253 3393 2287 3425 &
2308 3396 2369 3434 Ifa-
2387 3370 2448 3398 PM

1304 3431 1386 3501 ‹lii-Hel,
1403 3441 1459 3470 que
1478 3430 1550 3499 feffl’t
1571 3429 1601 3459 la
1617 3432 1694 3460 Feme
1710 3431 1743 3460 de
1763 3429 1866 3469 Jehan
1884 3430 1999 3461 Godard
2022 3429 2176 3471 Chivaler,
2194 3443 2210 3464 a
2231 3433 2370 3466 chescune

1381 3479 1409 3500 es
1422 3481 1440 3500 v
1460 3477 1491 3500 nt
1542 3478 1604 3500 vres

1325 3480 1369 3541 el}
1390 3507 1433 3547 Jo
1452 3519 1504 3539 ane
1523 3491 1683 3546 Bealkssmffi
1699 3505 1813 3545 Johane
1834 3507 1984 3545 voutbek,
2000 3506 2114 3546 Johane
2127 3512 2242 3548 Courcy,
2267 3510 2302 3541 &
2317 3512 2365 3540 A-

1298 3558 1399 3587 gneys,
1419 3546 1604 3578 Damoiselles
1619 3547 1652 3576 de
1673 3545 1757 3585 nostre
1774 3546 1913 3586 Reschere
1931 3549 2104 3585 Compaigne,
2127 3558 2143 3579 a
2164 3549 2307 3579 chescune
2325 3549 2363 3581 de

1474 3596 1482 3615 1
1502 3595 1515 3615 r
1532 3595 1544 3615 s

1301 3586 1569 3660 elefigysGilllssmfte',
1588 3621 1761 3654 Damoiselle
1775 3623 1812 3654 de
1828 3623 1853 3654 la
1866 3621 2014 3655 Chambre
2028 3623 2062 3653 de
2077 3624 2168 3664 ηψπ
2184 3622 2269 3663 nostre
2284 3628 2361 3655 Com-

1292 3667 1408 3702 paigne,
1427 3661 1506 3693 Cent
1518 3661 1646 3700 Souldz,

1338 3703 1365 3733 A
1381 3701 1478 3740 avoir,
1493 3701 1529 3731 de
1540 3700 1637 3739 regard
1651 3699 1687 3730 de
1701 3698 1799 3730 nostre
1814 3698 1924 3738 Donn,
1943 3709 2016 3737 pour
2031 3700 2068 3730 les
2085 3699 2240 3738 Coustages
2253 3701 2287 3731 &
2301 3700 2360 3732 Ex*

1299 3740 1411 3779 penses,
1429 3748 1521 3778 queux
1535 3739 1595 3768 leur
1609 3738 1764 3769 coviendra
1777 3739 1846 3768 faire
1858 3739 1891 3769 &
1911 3739 2024 3769 sustenir
2042 3749 2078 3769 en
2099 3748 2200 3769 venant
2219 3740 2359 3778 presente-

1296 3787 1396 3816 ment,
1411 3778 1509 3808 devers
1523 3776 1624 3815 Nous,
1642 3787 1677 3807 en
1690 3776 1846 3816 Royaume
1859 3777 1894 3807 de
1912 3777 1935 3806 F
1937 3786 2054 3815 raunce,
2069 3787 2106 3808 en
2127 3777 2152 3808 la
2167 3779 2356 3817 compaignie

1299 3817 1332 3846 de
1345 3816 1431 3856 nistre
1446 3819 1603 3854 Compaigne
1612 3814 1725 3885 gsdite.
1978 3857 1982 3860 .
2224 3853 2229 3856 θ

1329 3855 1410 3886 Don.
1421 3854 1489 3886 souz
1504 3855 1599 3885 nostre
1639 3864 1696 3885 rive
1713 3853 1774 3886 Sael
1785 3877 1797 3892 3,
1813 3865 1831 3883 a
1846 3853 1932 3893 nostre
1949 3852 2018 3882 Vzlle
2039 3853 2073 3882 de
2093 3852 2305 3893 Southampton,
2326 3855 2353 3887 le

1293 3895 1338 3925 xiv
1348 3893 1420 3934 Jour
1434 3893 1584 3932 d'Averill,
1600 3892 1666 3924 l’An
1677 3892 1713 3923 de
1729 3892 1826 3923 nostre
1842 3891 1943 3930 Regne
1958 3890 2068 3922 Disme.

2391 3220 2446 3245 An.
2466 3228 2508 3247 ιο.

1771 4133 1802 4165 H
1824 4144 1838 4174 3
2310 4138 2353 4164 De
