2562 4274
35 229 167 262 Ann.D.

38 277 148 336 ιιὶῖῑῗὲζ

45 1939 174 1977 *X-304.

185 159 264 187 200

222 230 295 261 ITE
308 238 353 268 M,
373 227 453 267 qu‘od
476 227 568 258 dietus
589 225 735 257 Dominus
758 224 880 263 Jacobus
902 226 981 262 Rex,
998 223 1041 254 seu
1056 221 1254 254 commissarii

183 268 280 313 Regni
300 269 408 300 Scotice
429 266 593 303 supradicti,
611 274 675 296 ante
691 264 857 302 praediehim
871 264 1004 293 ultimum
1021 262 1112 292 Diem
1131 261 1247 298 Martii,

183 309 288 339 realiter
311 308 344 337 ὅς
367 307 402 335 de
425 305 519 343 faiho,
536 304 613 334 dabit
636 304 668 334 ὃ(
691 301 893 340 liberabit,seu
908 301 1060 332 dabunt&
1074 300 1248 337 liberabunt,

184 347 215 377 in
229 345 354 376 Civitate
370 343 557 374 Dunelmensi
575 342 707 381 praedicta
717 365 727 380 ,
744 340 951 371 Commissariis
965 340 998 370 &
1013 339 1162 377 Deputatis
1178 348 1250 377 prae-

183 385 268 415 dictis
292 386 367 421 Regis
393 381 522 419 Angliae,
545 389 592 411 aut
616 380 730 411 suorum
754 378 933 416 Haeredum,
959 378 1005 408 seu
1027 376 1254 414 Successorum,

185 423 300 461 Regum
322 421 454 458 Angliae,
474 430 527 459 pro
550 420 704 450 Securitate
726 418 881 450 Solutionis
895 417 1035 448 distarum
1056 415 1252 455 Qadraginta

187 461 316 491 Millium
333 460 500 496 Librarum,
517 459 550 488 ὃς
565 458 704 496 praesentis
720 457 997 497 Apponetuamemi‚
1016 454 1149 485 Personas
1164 454 1256 484 Obsi-

185 500 271 537 dum,
291 507 416 536 quorum
438 497 572 528 Nomina
588 498 616 526 in
632 495 760 533 Cedula,
779 496 964 526 Praesentibus
979 493 1086 524 annexa
1102 493 1135 523 &
1152 493 1252 523 inden-

184 537 255 575 tatfi,
275 538 457 567 continentur
467 559 477 574 ,
495 544 543 567 aut
557 536 618 566 alias
633 535 829 574 aequivalentes
845 535 875 564 in
891 532 1110 564 Poffeffionibus
1124 532 1158 562 &
1172 531 1253 562 Red-

183 577 288 607 ditibus
303 574 503 613 temporalibus
513 597 523 612 ,

221 615 271 645 De
293 624 416 653 quorum
440 614 584 644 Obsidum
609 611 855 650 AEquivalentium
877 609 1006 640 Personis
1027 609 1134 647 praefati
1157 607 1254 638 Com-

187 654 299 683 miffarii
322 652 449 692 praedizsti
470 652 557 690 Regis
576 651 705 691 Angliae,
721 659 769 681 aut
784 649 864 688 ipsius
879 648 1057 687 Haeredum,
1075 647 1120 678 seu
1137 646 1255 678 Succes-

187 691 280 721 sorum
288 715 297 730 ,
316 692 402 722 velint
416 691 593 728 contentari,

223 731 255 760 ln
273 740 395 768 quorum
403 729 545 760 Obsidum
556 727 880 766 LiberationeJurabunt
889 724 1106 756 Ambaffiatores
1115 725 1148 756 δε
1156 723 1253 755 Com-

189 770 305 800 miliarii
330 768 425 808 Regni
448 769 554 800 Scotiae
577 768 722 806 prandisti,
741 767 822 797 tastis
833 775 882 803 per
898 775 945 796 eos
959 764 1133 800 singulariter
1152 762 1256 794 Sacro-

188 808 288 838 sanctis
310 807 369 838 Dei
391 807 570 845 Evangeliis,
588 807 666 846 quod
690 806 744 835 illse
760 804 908 842 Personae,
926 813 979 842 pro
994 802 1152 833 Obsidibus
1165 802 1202 832 sic
1220 801 1254 831 li-

190 846 338 884 berandae,
358 846 419 877 sunt
439 846 547 876 ezedem
563 846 692 876 Personae
707 843 849 874 Obsidum
863 842 899 873 de
912 842 1013 881 quibus
1027 850 1204 871 conventum
1220 840 1254 871 &

189 884 407 953 Concordattiiii
429 884 538 923 existit,
555 885 588 915 &
613 884 768 914 nullatenus
791 881 918 912 Personae
940 881 1120 920 Suppositae,
1149 879 1254 918 Fietae,

186 933 234 955 aut
249 925 329 955 Simu
341 933 402 954 atae.

225 963 272 994 Ιτ
284 972 301 992 E
313 971 358 999 M,
377 962 473 1001 quod,
493 961 563 992 infra
579 960 701 992 eundem
717 958 848 989 Mensem
865 957 981 996 Martii,
999 956 1152 995 praedfflus
1167 955 1256 994 Jaco-

188 1001 234 1031 bus
247 1006 323 1039 Rex,
342 1002 385 1031 seu
403 1000 639 1036 Anibassiatores,
656 999 711 1028 sive
728 996 922 1027 Commissarii
940 996 1034 1035 Regni
1046 995 1152 1025 Scotiae
1165 996 1256 1032 supra—

190 1041 277 1079 dieti,
293 1040 422 1070 liberabit
441 1041 474 1071 &
498 1040 604 1076 tradet,
624 1039 668 1068 seu
685 1037 841 1067 liberabunt
856 1036 889 1066 ὅ(
906 1033 1031 1073 tradent,
1046 1033 1255 1065 Commifl'ariis

189 1079 258 1109 dic'ti
282 1081 395 1108 Henrici
416 1080 493 1114 Regir
513 1077 646 1115 Angliae,
664 1084 710 1106 aut
730 1074 905 1111 Haercdum,
923 1074 955 1104 &
977 1073 1174 1103 Successorutn
1192 1071 1254 1102 suo-

190 1127 252 1147 rum
289 1117 428 1155 praedietis
447 1117 579 1155 Qiatuor
597 1116 702 1146 Literas
718 1113 924 1152 obligatorias,
945 1112 1079 1151 Quatuor
1093 1110 1253 1150 Burgorum

187 1156 244 1187 sive
263 1140 402 1185 villarum
418 1154 518 1191 Regni
536 1155 642 1185 Scotiae
659 1152 914 1190 infrascriptorum,
930 1151 1036 1194 Sigillis
1049 1150 1255 1181 communibus

187 1193 356 1224 eorumdem
372 1193 531 1231 Burgorum
546 1193 602 1223 sive
618 1193 757 1222 Villarum
772 1190 921 1230 Sigillatas,
939 1189 1092 1220 secundum
1102 1188 1254 1218 Tenorem

189 1234 218 1262 in
232 1231 358 1270 Cedula‚
376 1232 562 1263 Praesentibus
577 1231 673 1270 affixa,
691 1238 882 1266 contentum,
899 1227 971 1259 salvi
988 1229 1082 1259 saltem
1096 1227 1254 1257 diversitate

188 1271 357 1302 Nominum
369 1271 537 1302 eorumdem
552 1270 708 1307 Villarum‚
727 1269 782 1299 sive
795 1268 954 1306 Burgoruni
971 1269 1003 1298 ὃς
1022 1265 1255 1306 Praeposuorum,

190 1309 384 1347 Ballivorum,
401 1311 447 1341 seu
462 1308 624 1340 Reitorum
639 1308 824 1344 corumdem,
843 1307 994 1344 videlicet,

229 1348 347 1387 Unam,
361 1351 448 1386 Burgi
466 1349 498 1378 de
516 1346 690 1384 Edinburch,

226 1387 329 1418 Unam
343 1411 353 1427 ,
379 1390 464 1425 Burgi
490 1388 523 1417 de
543 1388 628 1417 Perth
643 1410 653 1425 ,
679 1385 762 1417 Villae
789 1383 887 1415 Sanni
905 1382 1043 1423 johannis
1061 1384 1257 1414 communiter

188 1436 367 1464 nuncupata,

228 1465 351 1504 Unam,
370 1467 456 1501 Burgi
474 1465 506 1494 de
524 1464 641 1501 Dunde,

229 1503 268 1533 Et
285 1504 404 1542 Unim,
424 1507 508 1541 Burgi
522 1504 554 1533 de
570 1502 719 1533 Abirdene.

227 1541 273 1572 Ιτ
285 1551 356 1581 EM,
375 1545 414 1574 rie
436 1543 574 1579 Obsides,
593 1550 622 1572 ut
642 1540 840 1578 praemittitur,
857 1538 1002 1578 ponendi,
1019 1548 1069 1578 per
1079 1548 1179 1569 eorum
1194 1537 1256 1568 diu-

190 1582 278 1612 tinam
304 1581 423 1613 Moram
446 1583 474 1611 in
492 1581 596 1619 Regno
610 1579 741 1617 Angliae,
759 1579 791 1608 &
807 1579 923 1617 longam
937 1578 952 1606 Ta
968 1577 1067 1608 Rebus
1082 1587 1182 1608 eorum
1205 1577 1256 1607 Fa-

191 1621 342 1651 miliaribus
364 1621 534 1658 absentiam,
550 1619 739 1657 Dispendium
762 1619 918 1656 patiantur,
936 1624 1069 1654 porerunt
1092 1616 1142 1655 ipsi
1156 1616 1189 1646 &
1205 1626 1256 1646 eo-

189 1668 252 1689 rum
265 1661 381 1696 quilibet

230 1697 307 1729 Dato
325 1682 416 1736 prius,
434 1697 501 1728 loco
522 1697 579 1733 sui,
599 1695 803 1734 AEquivalente
818 1695 848 1724 in
861 1692 1083 1724 Posseffionibus
1097 1693 1130 1724 &
1145 1692 1255 1723 Reddi-

188 1737 262 1766 tibus
282 1738 496 1775 temporalibus,
515 1736 585 1766 infra
608 1735 743 1774 Regnum
761 1734 867 1764 Scotiae
882 1732 1061 1770 constitutis,
1080 1742 1165 1770 quem
1185 1742 1256 1770 prce-

189 1774 279 1805 dictus
304 1778 435 1805 chrz'cus
451 1779 511 1805 Rex
524 1774 652 1812 Angliae,
671 1782 716 1804 aut
728 1773 809 1813 ipsius
824 1771 977 1809 Haeredes,
996 1770 1039 1801 vel
1056 1771 1257 1808 Success'ores,

190 1814 235 1844 seu
258 1813 396 1845 Gardiani
416 1814 569 1845 Orientalis
588 1815 620 1845 ὃ(
642 1811 838 1843 Occidentalis
860 1809 1059 1841 Marchiarum
1075 1810 1170 1841 verius
1182 1810 1254 1840 Sco-

188 1853 271 1891 tiam,
289 1853 397 1884 duxerit
413 1853 460 1884 seu
473 1853 599 1883 duxerint
615 1851 830 1889 acceptandum.

226 1890 259 1921 In
286 1891 424 1929 Regnum
447 1892 577 1930 Scotiae,
601 1890 637 1922 de
667 1889 801 1921 consensu
832 1889 865 1920 δε
898 1888 1011 1919 licentia
1034 1887 1105 1918 dieti
1129 1885 1257 1916 Domini

189 1932 300 1960 Henrici
318 1934 396 1970 Regis
422 1933 436 1948 *
457 1929 572 1968 Angliae
586 1952 596 1968 ,
619 1940 666 1968 pei·
687 1929 746 1959 suas
776 1927 882 1957 Literas
916 1926 1047 1958 Patentes
1060 1949 1070 1965 ,
1093 1925 1122 1956 su
1144 1935 1173 1955 er
1197 1925 1254 1955 hoc

189 1970 311 2008 habitas,
330 1970 355 2000 se
378 1970 541 2007 transferre,
559 1969 609 2007 &,
627 1968 696 1999 cum
717 1967 877 2003 voluerint,
895 1966 941 1996 seu
961 1965 1100 2003 voluerit,
1167 1963 1255 1994 Obsi-

187 2008 252 2046 des,
270 2010 314 2040 seu
330 2008 484 2046 Obsidem,
503 2017 533 2038 ut
573 2009 646 2045 rius,
666 2006 838 2044 Reponere,
854 2005 887 2035 &
909 2006 977 2035 loco
997 2004 1037 2035 sui
1051 2004 1154 2045 politos
1169 2002 1256 2033 Obsi—

187 2048 253 2085 des,
271 2048 315 2078 seu
331 2049 453 2085 positum
469 2047 541 2078 Obsi
561 2056 626 2084 em,
641 2046 679 2076 ab
696 2044 842 2081 Hostagio
856 2044 980 2074 liberare.

225 2085 352 2124 ITEM,
371 2086 451 2125 quod
474 2086 543 2116 dieti
562 2085 683 2115 obfides
697 2093 797 2114 omnes
813 2083 846 2113 &
861 2082 973 2121 finguli,
991 2082 1025 2112 &
1041 2091 1142 2114 eorum
1156 2080 1253 2110 subro-

185 2126 241 2165 gati
264 2126 308 2156 seu
328 2124 522 2163 subrogandi,
540 2134 555 2154 a
573 2132 704 2161 tempore
732 2133 790 2161 quo
813 2121 931 2161 praefato
947 2123 1021 2150 Hen.
1047 2123 1113 2159 Regi
1128 2117 1257 2156 Angliae,

186 2164 304 2202 ipsiusve
326 2164 515 2200 Haeredibus,
534 2171 581 2193 aut
596 2161 830 2197 Successoribus,
850 2160 895 2189 seu
910 2159 962 2189 suis
980 2169 1026 2190 aut
1040 2168 1144 2190 eorum
1162 2158 1257 2188 Com-

189 2203 317 2234 missariis
333 2204 378 2235 vel
401 2202 567 2240 Deputatis,
585 2201 675 2232 traditi
690 2200 794 2230 fuerint
813 2200 859 2229 seu
873 2198 999 2236 liberati,
1016 2198 1100 2237 usque
1116 2197 1150 2227 ad
1163 2197 1258 2234 plena-

189 2243 261 2273 riam
283 2243 311 2272 in
325 2242 459 2272 omnibus
472 2242 506 2272 &
521 2240 632 2271 finalem
648 2239 855 2270 Executionem
870 2238 903 2268 &
920 2236 1177 2274 Completnentum
1193 2245 1259 2265 om-

191 2282 270 2311 nium
293 2282 327 2312 &
351 2280 537 2320 singulorum,
557 2289 609 2317 pro
630 2278 810 2309 Liberatione
831 2277 900 2306 diffi
923 2275 1024 2313 Jacobi
1048 2278 1113 2314 Regi
1140 2275 1260 2313 Appun—

189 2320 350 2350 &uasorum
374 2321 407 2351 &
434 2318 706 2355 Concordatorum,
724 2315 877 2353 inclusive,
895 2314 969 2344 bene
991 2315 1024 2346 &
1049 2313 1182 2351 fideliter,
1200 2312 1257 2343 abs-

188 2369 244 2398 que
261 2359 375 2397 fraude,
391 2358 480 2396 dolo,
498 2358 544 2388 seu
562 2356 638 2387 malo
654 2353 1005 2394 ingeni0,permanebunt
1017 2354 1050 2384 &
1067 2353 1258 2390 expe&abunt

187 2408 271 2435 penes
282 2398 393 2428 dictum
409 2400 503 2434 Regem
516 2395 644 2433 Angliie,
664 2396 697 2425 &
715 2396 744 2425 in
760 2396 818 2432 ejus
832 2391 977 2424 Potestate
992 2393 1024 2423 ὅ(
1041 2390 1178 2422 Custodia
1188 2415 1197 2429 ,
1213 2391 1258 2422 seu

189 2437 301 2466 suorum
314 2436 489 2473 Haeredum,
507 2436 540 2466 &
559 2434 782 2471 Successorum,
799 2442 832 2463 ac
848 2432 962 2464 suorum
979 2432 1008 2461 in
1020 2441 1052 2461 ea
1068 2440 1144 2469 parte
1161 2429 1259 2460 Com-

190 2475 374 2505 miffariorurn
389 2477 422 2506 &
437 2473 668 2514 Deputatorum,
685 2474 719 2504 &
733 2473 770 2502 lic
789 2480 951 2509 permanere
964 2471 998 2501 &
1017 2471 1165 2508 expectare
1178 2469 1259 2507 Jura-

190 2514 259 2543 bunt
281 2515 314 2543 ad
331 2514 431 2545 Sanfta
449 2513 504 2543 Dei
522 2512 691 2551 Evangelia,
707 2521 754 2550 per
772 2509 885 2540 cosdem
904 2509 1084 2546 corporaliter
1101 2508 1256 2546 tangenda,

190 2551 234 2595 Izjio
248 2552 320 2582 salvo
337 2552 415 2591 quod
430 2553 457 2582 in
473 2553 606 2593 proximo
620 2551 753 2582 Articulo
769 2549 951 2588 suprascripto
964 2548 1128 2586 exprimitur
1143 2548 1176 2578 &
1187 2556 1259 2577 con-

193 2598 304 2620 UHCUU‘.

234 2628 277 2658 IT
287 2637 304 2657 E
315 2636 358 2666 M,
376 2629 445 2659 cum
463 2629 491 2658 in
509 2628 635 2666 Cedula,
653 2627 787 2658 Nomina
803 2626 945 2656 Obsidum
958 2626 1125 2656 continente
1138 2625 1171 2655 &
1182 2623 1260 2654 Prae-

196 2666 318 2698 sentibus
331 2667 454 2704 annexa,
473 2667 602 2696 nonnulli
616 2676 756 2704 ponantur
765 2689 774 2703 ,
791 2666 840 2703 qui
853 2665 897 2696 vel
911 2663 1089 2703 personaliter
1102 2664 1199 2693 venire
1213 2662 1260 2692 vel

194 2705 321 2743 ipsorum
343 2705 428 2735 Filios
449 2705 482 2735 &
504 2704 643 2735 Haeredes
663 2707 773 2734 mittere
789 2713 840 2742 pro
854 2703 1007 2733 Obsidibus
1021 2703 1158 2737 debeant,
1176 2700 1258 2731 Con-

194 2743 343 2774 cordatum
366 2743 407 2774 est
425 2742 505 2782 quod
528 2743 575 2782 ipsi
601 2752 703 2772 omnes
722 2744 754 2773 &
775 2742 895 2779 singuli,
912 2742 961 2779 qui
982 2740 1111 2778 ipsorum
1128 2740 1211 2770 Filios
1224 2740 1258 2769 &

194 2782 333 2814 Haeredes
349 2783 480 2818 mittent,
499 2783 527 2811 in
542 2791 573 2811 ea
591 2791 682 2819 parte,
702 2782 755 2810 unii
770 2789 838 2810 curn
852 2780 929 2816 iplis,
947 2779 1071 2817 ipsorum
1085 2779 1121 2809 sic
1141 2779 1258 2808 mitten-

196 2822 266 2852 tium
291 2822 395 2852 Literas
418 2821 631 2858 obligatorias,
656 2821 683 2850 in
706 2818 818 2856 formii,
846 2817 1029 2848 Praesentibus
1054 2815 1171 2854 annexa,
1186 2825 1259 2853 prae-

195 2860 255 2890 fato
286 2862 402 2889 Henrico
423 2863 488 2896 Regi
505 2858 620 2896 Angliae
645 2881 654 2896 ,
680 2858 795 2898 ipsiusve
823 2856 993 2887 Haeredibus
1011 2878 1021 2893 ,
1045 2856 1078 2887 &
1105 2854 1260 2885 Successo-

198 2899 292 2968 gibsus,
307 2898 420 2966 fffflsve
435 2907 480 2929 aut
492 2907 593 2928 eorum
617 2897 768 2936 Deputatis
793 2895 837 2926 seu
865 2894 1029 2934 deputandis
1048 2917 1058 2933 ,
1084 2893 1238 2924 liberandas
1254 2916 1264 2931 ,

218 2948 233 2968 e
262 2948 307 2967 ina
330 2947 388 2967 unt.

236 2975 308 3006 ΙΤΕ
321 2984 364 3014 M,
382 2975 452 3007 dieti
475 2975 614 3013 Obsides,
631 2985 683 3015 pro
697 2983 827 3013 tempore
842 2982 901 3011 quo
915 2973 944 3003 in
960 2971 1067 3011 Regno
1081 2970 1195 3009 Angliae
1209 2970 1263 3008 sic,

199 3024 230 3046 ut
254 3015 447 3053 praemittitur,
466 3014 577 3044 stabunt
597 3015 630 3044 &
651 3013 828 3051 residebunt,
844 3013 871 3043 se
889 3011 960 3049 ipsos
975 3011 1008 3042 &
1025 3009 1152 3051 ipsorum
1168 3009 1263 3040 Servi-

199 3063 291 3092 toreS,
309 3054 367 3084 tarn
380 3053 524 3091 Anglicos,
543 3053 629 3091 quam
643 3056 749 3089 Scotos,

239 3091 287 3123 De
309 3103 433 3130 qnorum
459 3092 596 3122 Numero
617 3092 649 3122 ὃ(
667 3090 831 3129 Qialitate,
857 3089 885 3118 iri
911 3088 1038 3129 proxima
1060 3086 1267 3118 Conventione

201 3131 474 3162 Commiss'ariorum
498 3130 626 3169 praedicti
650 3132 762 3159 Hernici
788 3130 866 3164 Regis
879 3126 1011 3164 Angliae,
1026 3127 1071 3157 seu
1089 3126 1266 3173 Haeredum,

201 3171 236 3201 &
251 3169 450 3200 Successornm
467 3169 579 3199 suorum
589 3191 598 3206 ,
613 3178 646 3199 ac
663 3166 902 3198 Ambaffiatorum
918 3165 1013 3204 Regni
1027 3164 1148 3203 Scotiae,
1162 3165 1198 3196 de
1213 3174 1269 3202 qua

204 3210 393 3246 prii-mittitur,
412 3207 513 3244 fiendi,
527 3207 759 3245 appunetuabitur
775 3207 808 3236 &
823 3204 1059 3246 concordabitur,

244 3246 368 3283 Propriis
382 3256 479 3277 eorum
494 3246 647 3283 Expenfis‚
665 3247 694 3275 in
710 3245 846 3274 omnibus
861 3243 894 3274 ὃς
911 3243 1021 3281 lingulis
1036 3241 1205 3273 eorumdem
1220 3251 1270 3272 ne-

205 3285 340 3323 cessuris,
358 3285 557 3316 sustentabunt.

247 3323 318 3353 ΙΤΕ
330 3332 372 3360 Μ,
392 3324 409 3353 fi
437 3325 584 3360 contingat
603 3321 743 3359 aliquem,
761 3320 808 3351 vel
819 3321 926 3358 aliquos
940 3318 1088 3350 di&orum
1109 3318 1272 3356 obsidum,

208 3361 264 3400 sic,
283 3370 313 3392 ut
334 3362 494 3400 praefertur,
519 3361 695 3398 dandorum,
719 3361 752 3391 &
773 3360 1002 3396 liberandorum,
1026 3368 1059 3388 ac
1081 3356 1273 3395 subrogando—

212 3410 293 3437 rum,
311 3409 357 3430 aut
380 3400 567 3438 subrogandos
586 3400 651 3429 vice
674 3399 808 3436 alicujus,
826 3398 871 3427 seu
895 3397 1056 3434 aliquorum
1082 3405 1116 3425 ex
1136 3397 1190 3433 eis,
1209 3404 1273 3424 ante

211 3439 367 3477 plenariam
384 3439 417 3468 &
432 3437 542 3469 finalem
559 3437 765 3469 Execuiionem
782 3436 1080 3474 &Complementum
1095 3435 1229 3463 omnium
1239 3434 1273 3463 &

214 3477 405 3515 singulorum,
422 3486 475 3514 pro
495 3478 677 3506 Liberatione
691 3475 759 3506 dieti
773 3475 874 3513 Jacobs
890 3477 967 3511 Regis
982 3473 1223 3502 concordatorum
1240 3472 1273 3501 &

215 3516 491 3554 appunetuatorum,
517 3516 552 3544 ab
573 3515 626 3545 hac
649 3513 715 3544 Vita
735 3513 871 3543 decedere
894 3513 939 3543 seu
960 3512 1099 3550 migrare,
1124 3509 1276 3548 praedit‘tus

216 3554 426 3622 Jaculmalcex,
444 3563 476 3584 ac
489 3553 640 3591 Haeredes,
657 3554 689 3584 ὅ(
707 3552 887 3583 Successoies
900 3550 956 3588 sui,
972 3551 1006 3581 &
1018 3550 1156 3589 Regnum
1168 3549 1276 3580 Scotiae

212 3598 241 3624 iu
252 3593 336 3623 *radic
352 3602 402 3622 um

245 3605 328 3662 ‘Infra
349 3615 422 3661 Tre}
447 3629 561 3661 Menses
584 3630 749 3668 proximos,
775 3627 984 3668 computandos
1001 3628 1016 3657 a
1037 3625 1094 3657 Die
1118 3636 1176 3665 quo
1200 3624 1277 3656 idem

221 3670 343 3708 Jacabm
361 3673 438 3707 Rex,
455 3676 502 3699 aut
525 3668 661 3698 Haeredes
680 3668 738 3705 sui,
755 3667 790 3698 de
811 3667 904 3697 Obitu
927 3667 983 3697 sive
999 3665 1100 3695 Morte
1113 3665 1214 3703 hujus,
1229 3674 1278 3702 per

223 3710 331 3740 Literas
343 3708 409 3739 dicti
426 3711 503 3745 Regis
521 3706 650 3745 Angliae,
668 3707 831 3736 certioratus
846 3706 892 3736 seu
908 3705 1048 3735 certiorati
1060 3704 1143 3734 fuerit
1156 3711 1203 3732 aut
1219 3703 1281 3733 fue-

223 3756 293 3784 rint,

266 3786 386 3815 Realiter
401 3784 434 3815 ὃ(
450 3784 485 3814 de
500 3782 579 3814 fasto
594 3782 670 3813 dabit
682 3782 716 3813 &
734 3782 881 3818 liberabit,
898 3780 943 3811 seu
956 3780 1061 3810 dabunt
1076 3780 1109 3811 δε
1125 3779 1283 3810 liberabunt

227 3824 343 3862 prefato
364 3827 428 3860 Regi
443 3821 576 3859 Angliae‚
601 3830 648 3852 aut
669 3819 848 3851 Cancellario
868 3820 917 3849 suo
942 3818 1054 3856 Angliae
1081 3828 1134 3855 pro
1154 3827 1283 3855 tempore

229 3862 372 3899 existenti,
392 3862 463 3891 Vice
482 3862 515 3891 ὃς
540 3860 623 3890 Loco
642 3859 740 3898 ipsius,
755 3859 799 3890 seu
821 3859 964 3896 ipsorum,
985 3859 1021 3887 lic
1029 3856 1220 3894 Decedentis,
1238 3856 1283 3886 seu

231 3898 440 3930 Decedentium
474 3900 577 3936 aliurn,
594 3898 639 3929 seu
650 3899 717 3929 alios
753 3897 908 3934 Obfidem,
925 3895 970 3925 seu
988 3895 1124 3933 Obsides,
1143 3894 1286 3933 AEquiva-

231 3937 352 3975 lentem,
368 3939 412 3967 seii
431 3923 663 3975 AEquivalentes,
679 3938 708 3967 in
724 3921 810 3967 Bonis
824 3937 856 3967 &
871 3932 1106 3970 Poss‘effionibus,
1125 3933 1196 3964 infra
1210 3934 1287 3964 idem

233 3975 368 4013 Regnum
393 3977 513 4014 Scotiae,
530 3976 596 4015 ipsi,
622 3976 670 4006 vel
690 3976 770 4013 ipsis,
792 3973 967 4008 Decedenti,
986 3972 1035 4002 seu
1058 3970 1289 4010 Decedentibus,

234 4013 271 4043 de
285 4023 361 4050 quo,
378 4014 420 4043 seu
435 4015 532 4051 quibus
542 4037 550 4052 ,
569 4014 606 4044 sic
621 4013 715 4044 dando
725 4038 734 4048 ,
754 4013 798 4044 vel
811 4013 908 4043 dandis
918 4036 927 4048 ,
946 4010 1039 4040 dietus
1052 4009 1200 4041 Dominus
1213 4013 1289 4049 Rex,

232 4061 278 4083 aut
292 4052 371 4084 suiin
387 4061 417 4082 ea
430 4061 503 4091 parte
516 4052 653 4092 Deputati
661 4052 709 4085 seu
721 4051 900 4092 Deputandi,
916 4049 1002 4082 velint
1017 4049 1184 4080 contentari.

659 134 1437 184 CONVENTIONES,
1494 132 1886 181 LITERAE‚

1328 219 1404 264 Iri:
1414 228 1442 251 M
1452 221 1557 264 ,hquod
1574 219 1664 251 dietus
1682 218 1831 250 Dominus
1848 217 1970 258 Jacobus
1985 220 2046 249 Rex
2061 221 2217 260 Scotorum,
2234 228 2299 256 ante
2320 220 2363 259 ip·
2379 216 2456 250 Arm.
2471 217 2512 257 D,

1284 259 1336 304 sius
1354 259 1572 303 Liberam-onem¹
1585 260 1618 290 &
1638 258 1797 303 Recessum
1812 269 1829 288 a
1853 257 1979 302 Civitate
2005 257 2198 290 Dunolmenli
2209 282 2220 298 ,
2237 269 2285 298 per
2303 259 2363 293 suas
2398 267 2484 299 1423.

1286 298 1393 329 Literas
1412 297 1619 336 obligatorias,
1636 297 1686 328 suo
1707 297 1805 335 Sigillo
1823 296 1989 340 sigillandaS‚
2009 297 2039 325 in
2055 297 2138 328 dietis
2165 298 2363 336 Qiadraginta
2377 300 2439 326 ch,
2458 307 2484 333 5.

1286 336 1407 367 Milibus
1425 336 1596 374 Librarum,
1615 336 1700 366 Loco
1717 336 1749 367 δί
1767 335 1922 372 Terminis,
1934 335 2059 373 superius
2071 338 2252 367 concordatis
2268 337 2360 375 &2122

1286 375 1448 444 gundtuatis
1464 397 1474 412 ,
1491 373 1573 404 dieto
1588 377 1705 405 Henrico
1720 377 1783 411 Regi
1797 373 1911 411 Angliae
1931 397 1941 411 ,
1964 373 2081 410 ipsiusve
2107 374 2281 406 Haeredibus
2297 399 2306 414 ,
2324 377 2359 406 &

1310 413 1496 444 uccessoribes
1507 436 1516 451 ,
1534 411 1650 443 fideliter
1665 412 1910 452 persolvendarum
1920 434 1931 450 ,
1949 412 1978 442 in
1992 411 2088 442 formai
2108 412 2294 445 Praesentibus
2310 424 2361 444 an-

1288 452 1378 520 nexui,
1396 451 1433 482 Se
1437 474 1457 520 ᾗ
1458 451 1535 519 ¹‘Suab
1531 473 1542 495 ,
1558 450 1772 490 Haeredesque,
1787 452 1821 483 ὃς
1836 449 2014 482 Successores
2036 450 2116 489 suos,
2141 453 2210 490 pure
2234 454 2268 485 ὃς
2295 454 2360 484 sim-

1320 500 1400 520 iciter
1416 499 1436 520 o
1468 500 1475 520 i
1498 500 1513 519 a
1537 497 1565 519 it.

1289 500 1308 528 p
1327 528 1373 559 IT
1384 538 1402 559 E
1414 536 1460 567 Μ,
1477 499 1559 568 {uod
1574 527 1645 558 infra
1661 535 1779 566 quatuor
1793 527 1869 567 dies,
1887 527 2051 559 immediate
2065 527 2216 568 postquam
2241 529 2271 560 in
2294 529 2357 562 Re-

1288 576 1379 606 gnum
1397 567 1504 598 Scotiae
1523 566 1716 605 pervenerint,
1736 565 1841 596 Literas
1857 567 2014 597 consimiles
2027 567 2059 597 &
2084 567 2207 605 ejusdem
2232 568 2358 600 Tenoris

1292 605 1385 643 (salvi
1400 606 1429 636 in
1445 605 1521 636 Data
1538 605 1653 636 Diei&
1678 604 1751 635 Loci
1777 604 1954 642 diversitate)
1976 605 2165 645 Obligatorias
2187 607 2217 636 in
2238 606 2358 638 Summa

1291 644 1446 682 praedieffi,
1464 645 1610 675 Terminis
1624 644 1657 674 ὅ(
1675 642 1758 673 Loco
1775 642 1913 680 praedietis
1927 644 2108 681 persolvenda
2124 668 2135 684 ,
2149 645 2200 676 sub
2222 644 2273 676 suo
2293 645 2361 678 Ma·

1290 692 1349 722 gno
1366 683 1464 722 Sigillo
1484 683 1561 720 fieti,
1580 683 1614 713 &
1629 682 1769 721 praedicto
1787 684 1902 711 Henrico
1916 684 1980 719 Regi
1996 683 2126 723 Angliae,
2153 692 2199 715 aut
2226 683 2359 715 Haeredi-

1291 723 1359 759 bus,
1379 723 1423 753 vel
1439 722 1669 760 Successoribus,
1687 730 1734 752 aut
1752 719 1934 751 Cancellafio
1944 720 2057 759 Angliae
2093 733 2126 753 ro
2148 732 2279 760 tem-pore
2302 725 2362 755 exi-

1291 759 1391 805 stenti,
1409 770 1547 791 eorumve
1558 760 1711 804 'Deputa-tis
1725 768 1771 790 aut
1786 759 1979 802 Deputandis,
1996 759 2042 791 seu
2059 732 2170 792 &omiti
2187 762 2353 793 Northum-

1292 800 1360 868 lpnae
1377 823 1386 839 ,
1406 809 1452 831 aut
1470 799 1564 830 Priori
1580 798 1714 830 Eccleliae
1728 798 1946 837 Dunolmenlis,
1972 798 2078 830 realiter
2103 799 2172 830 tradi
2195 801 2228 831 &
2249 801 2360 833 liberari

1305 848 1385 869 aciet.

1331 876 1374 907 Ιτ
1386 886 1404 907 E
1415 885 1442 908 M
1454 900 1463 915 ,
1480 876 1560 916 quod
1576 876 1706 917 praefatus
1722 875 1844 915 Jacobus
1859 878 1935 912 Rex,
1952 884 2016 907 ante
2041 876 2123 914 ipsius
2148 875 2360 910 Liberatioriem

1291 915 1424 954 finalem,
1444 917 1608 954 promittet,
1623 916 1803 953 solempniter
1815 916 1848 944 &
1866 915 1896 944 in
1913 915 2001 945 verbo
2018 914 2133 954 Regio,
2151 925 2184 946 ac
2200 915 2359 954 jurabitfia-
2412 940 2414 943 ψ

1293 954 1345 984 Ctis
1361 965 1410 993 per
1426 964 1492 986 eum
1510 954 1688 985 sacrosanctis
1704 954 1761 984 Dei
1775 953 1954 992 Evangeliis,
1973 954 2054 992 quod
2071 954 2171 984 omnia
2185 955 2219 985 &
2241 953 2345 994 singula

1292 993 1321 1022 in
1337 993 1389 1024 hac
1408 1003 1485 1031 parte
1507 1003 1560 1032 pro
1583 992 1665 1031 ipsius
1691 993 1874 1023 Liberatione
1899 992 2074 1023 concordata
2097 994 2132 1024 διε
2155 979 2364 1033 appuneiuam}

1293 1031 1376 1069 plene
1394 1032 1427 1063 ὃς
1447 1033 1466 1052 *
1486 1031 1604 1062 fideliter
1618 1031 1718 1070 faciet,
1737 1031 1911 1070 observabit,
1929 1032 1963 1062 δε
1978 1032 2125 1071 implebit,
2140 1032 2174 1063 δε
2195 1041 2254 1062 non
2274 1032 2359 1064 faciet

1291 1079 1338 1101 aut
1355 1072 1451 1102 veniet
1469 1071 1498 1100 in
1517 1071 1692 1101 contrarium
1708 1069 1962 1101 Concordatorum
1977 1070 2011 1100 &
2027 1070 2296 1109 Appundtuatorum
2304 1072 2360 1103 hu·-

1286 1108 1410 1178 {p'smfgdi
1427 1119 1474 1141 aut
1490 1109 1605 1148 alicujus
1621 1109 1791 1140 eorumdem
1801 1131 1811 1147 ,
1829 1117 1888 1139 arte
1903 1107 1949 1138 seu
1965 1109 2101 1148 ingenio,
2117 1109 2227 1140 direffe
2247 1111 2291 1141 vel
2317 1112 2363 1142 in-

1312 1157 1368 1178 irec
1382 1158 1399 1178 e

1323 1185 1362 1230 Et
1396 1172 1475 1225 uod,
1494 1186 1565 1216 infra
1584 1186 1719 1225 Quatuor
1746 1185 1834 1223 Dies,
1858 1195 1874 1216 a
1894 1184 1996 1216 Primo
2020 1183 2079 1216 Die
2103 1184 2193 1217 Primi
2218 1185 2361 1227 ingressus

1290 1224 1330 1255 sui
1343 1235 1372 1255 in
1419 1235 1525 1265 egnum
1539 1225 1647 1256 Sc0tiae
1660 1225 1885 1262 computandos,
1905 1223 2012 1254 Literas
2024 1225 2080 1255 suas
2095 1225 2360 1263 Approbatorias&

1293 1262 1543 1303 confirmatorias,
1561 1264 1595 1295 de
1613 1265 1690 1303 super
1708 1264 1844 1294 omnibus
1857 1263 1890 1293 &
1913 1262 2023 1302 singulis
2042 1262 2200 1301 hujusmodi
2224 1264 2361 1297 Concor-

1292 1302 1422 1333 datorum
1441 1305 1473 1333 &
1491 1304 1761 1341 AppunCtuatorum
1780 1326 1789 1341 ,
1810 1301 1859 1332 sub
1876 1301 1926 1332 suo
1947 1302 2064 1339 Magno
2080 1301 2178 1342 Sigillo
2187 1303 2363 1345 Sigillandas,

1293 1342 1410 1380 praefato
1423 1344 1540 1371 Henrico
1557 1345 1621 1380 Regi
1639 1341 1770 1380 Angliae,
1790 1340 1904 1380 ipsiusve
1920 1340 2110 1379 Haeredibus,
2127 1341 2172 1372 seu
2187 1341 2362 1374 Succeffori-

1293 1381 1361 1418 bus,
1380 1390 1426 1411 aut
1444 1381 1624 1411 Cancellario
1642 1382 1775 1419 Angli-ae,
1794 1389 1848 1418 pro
1867 1389 1997 1416 tempore
2016 1379 2161 1419 existenti,
2187 1389 2235 1411 aut
2259 1391 2363 1414 eorum

1294 1418 1461 1457 Deputatis,
1479 1420 1523 1450 seu
1545 1419 1735 1458 Deputaiidis,
1752 1427 1799 1449 aut
1815 1421 1911 1448 Comiti
1925 1418 1970 1448 seu
1995 1419 2086 1448 Priori
2110 1419 2248 1458 praediffls
2263 1443 2272 1458 ,
2292 1421 2363 1452 tradi

1293 1457 1377 1501 saciet
1394 1460 1427 1490 &
1445 1459 1574 1496 liberari,
1591 1458 1670 1498 quod
1683 1457 1884 1496 juramentum
1906 1459 1940 1489 δε
1963 1456 2184 1489 Promiffionem
2211 1459 2364 1500 piaedieta,

1293 1496 1362 1526 infra
1382 1497 1515 1536 Qatuor
1534 1497 1605 1528 Dies
1622 1498 1790 1535 praedicstos,
1809 1495 1919 1533 Faciet,
1938 1496 1985 1526 Re
2005 1505 2079 1534 etet,
2094 1497 2128 1527 &
2154 1497 2326 1528 Renovabit.

1313 1534 1373 1579 *l’r
1386 1545 1402 1565 E
1413 1544 1456 1573 M,
1476 1535 1564 1566 Factis
1579 1536 1680 1566 Literis
1697 1536 1911 1576 Approbatoriis
1926 1536 1958 1566 &
1970 1535 2196 1566 confirmatoriis
2217 1536 2361 1575 hujusmo-

1291 1573 1319 1604 di
1331 1597 1340 1612 ,
1356 1576 1389 1605 ὃς
1400 1573 1523 1605 Traditis
1535 1584 1566 1605 ut
1579 1575 1762 1613 praedicitur,
1779 1573 1913 1613 factisque
1927 1575 1988 1604 ἃς.
2007 1584 2039 1604 ac
2060 1573 2219 1606 Renovatis
2245 1577 2278 1606 ὀί
2300 1575 2362 1607 Re-

1293 1613 1381 1649 certis
1409 1613 1576 1651 juramento
1606 1613 1639 1644 &
1669 1612 1860 1643 Promissione
1880 1613 2014 1650 proximo
2035 1612 2182 1644 antediffls
2196 1636 2206 1652 ,
2232 1613 2364 1652 praefatus

1292 1653 1425 1693 Henricus
1440 1655 1498 1681 Rex
1514 1651 1628 1688 Angliae
1650 1651 1755 1681 Literas
1774 1651 1847 1688 luris,
1864 1650 1916 1680 sub
1933 1649 2046 1690 Magno
2059 1651 2158 1694 Sigillo
2174 1651 2225 1683 suo
2247 1652 2363 1692 fiendas,

1292 1693 1432 1729 praelcntis
1448 1691 1710 1729 Appunc'tuamenti
1725 1690 1943 1726 Approbatorias
1956 1690 1989 1719 &
2013 1688 2264 1729 Confirmatorias,
2282 1693 2363 1723 dieto

1292 1728 1398 1766 Jacobo
1415 1732 1548 1758 Scotorum
1564 1732 1651 1767 Regi,
1669 1738 1715 1759 aut
1730 1728 1780 1758 suo
1796 1727 1944 1765 Deputato
1957 1728 2023 1764 ipsas
2038 1730 2166 1767 petenti,
2189 1730 2259 1762 tradi
2279 1730 2363 1763 faciet

1291 1767 1397 1798 real·ter
1410 1769 1443 1799 ὃ(
1457 1768 1576 1798 liberari.

1331 1804 1403 1835 ΙτΕ
1416 1815 1460 1844 M,
1478 1806 1558 1845 quod
1574 1829 1584 1844 ,
1609 1805 1691 1836 Datis
1713 1803 1837 1835 Realiter
1856 1803 1888 1834 &
1919 1803 2075 1841 Liberatis,
2093 1804 2132 1835 *ac
2154 1804 2308 1844 Receptis,
2331 1817 2363 1840 ut

1292 1846 1471 1884 praedicitur,
1490 1845 1663 1882 Obsidibus,
1680 1854 1713 1874 ac
1732 1843 1955 1881 Obligationum
1982 1842 2127 1873 dierorum
2150 1843 2310 1883 Burgorum
2329 1856 2366 1878 ac

1292 1883 1400 1952 praefati
1418 1883 1542 1915 Domini
1585 1883 1659 1913 acobi
1673 1886 1750 1920 Regis
1766 1881 1883 1919 Literis,
1901 1880 2046 1919 Fafflsque
2061 1882 2203 1920 praedietis
2226 1883 2313 1914 solem
2336 1886 2366 1916 ni

1318 1922 1483 1954 romiffione
1502 1924 1534 1954 &
1571 1931 1736 1960 uramento,
1754 1928 1819 1951 ante
1837 1921 1918 1958 ipsius
1936 1919 2145 1951 Liberationem
2159 1921 2193 1951 δε
2208 1920 2288 1954 Rece
2312 1932 2366 1955 um

1293 1961 1407 1999 fiendis,
1427 1962 1554 1999 praefatus
1570 1961 1715 1991 Dominus
1729 1959 1850 1999 Jacobus
1866 1961 1926 1988 Rex
1941 1958 2111 1990 Diniittetur
2121 1983 2132 1998 ,
2150 1960 2253 1999 absque
2273 1962 2365 2000 impe-

1293 2000 1443 2038 dimento,
1461 2011 1514 2041 pro
1530 2000 1698 2031 transeundo
1714 2000 1743 2029 in
1764 1999 1900 2038 Regnum
1917 1997 2032 2029 Scotiae.

1329 2038 1375 2069 Ιτ
1386 2049 1402 2069 Ε
1414 2048 1459 2075 Μ,
1477 2039 1575 2078 quod,
1593 2039 1698 2070 Solutis
1714 2038 1795 2068 dietis
1820 2037 2012 2076 Qiadraginta
2040 2036 2160 2067 Milibus
2185 2037 2335 2070 Librarum
2353 2062 2365 2080 ,

1294 2077 1381 2108 Loco
1395 2079 1428 2109 &
1444 2077 1592 2109 Terminis
1607 2077 1767 2115 praedictis,
1782 2086 1815 2106 ac
1834 2076 1971 2106 omnibus
1987 2075 2044 2105 aliis
2062 2076 2196 2106 Articulis
2212 2100 2221 2115 ,
2243 2077 2367 2116 superius

1293 2116 1474 2147 concordatis
1488 2118 1520 2148 δε
1542 2117 1767 2154 Appunstuatis,
1782 2115 1876 2145 debite
1890 2114 2079 2154 perimpletiS,
2105 2115 2197 2146 dicius
2217 2115 2365 2149 Dominus

1294 2157 1427 2185 Henricus
1440 2159 1500 2185 Rex
1515 2155 1648 2194 Angliae,
1663 2154 1799 2194 ipsiusque
1812 2153 1950 2184 Haeredes
1967 2176 1976 2191 ‚
1999 2154 2033 2185 &
2056 2153 2257 2193 Successores,
2276 2155 2367 2187 Obfi-

1295 2194 1344 2224 des
1354 2217 1364 2233 ,
1383 2195 1456 2232 ipsos
1468 2204 1569 2226 omnes
1585 2195 1619 2225 &
1637 2193 1774 2232 singulm,
1792 2193 1848 2224 un-“a
1862 2202 1930 2223 cum
1946 2192 2071 2231 ipsorum
2088 2192 2275 2224 Servitoribus
2291 2195 2368 2226 Sco-

1294 2233 1345 2271 tis,
1364 2243 1396 2263 ac
1412 2233 1511 2264 Rebus
1527 2233 1560 2264 ὅ(
1578 2232 1662 2263 Bonis
1675 2233 1744 2270 suis,
1760 2232 1861 2262 liberos
1873 2232 1906 2262 δε
1924 2232 2034 2269 quietos
2051 2230 2144 2270 quoad
2155 2230 2302 2264 Praemiffa
2310 2233 2366 2264 Di·

1296 2274 1388 2303 mittet
1404 2273 1438 2303 &
1454 2272 1623 2309 Dimittent,
1638 2282 1672 2302 ac
1688 2271 1761 2311 ipsos
1773 2271 1850 2301 salvo
1867 2270 1900 2300 ὅ(
1915 2269 2029 2308 secure,

1326 2310 1398 2341 Non
1412 2311 1542 2342 obstante
1557 2310 1718 2341 Contracta
1732 2309 1828 2349 aliquo
1844 2309 1889 2339 vel
1908 2308 1999 2347 quasi,
2016 2310 2060 2339 seu
2077 2308 2198 2340 Delicto
2215 2309 2259 2340 vel
2277 2311 2350 2349 quasi
2361 2333 2372 2349 ,

1297 2359 1365 2379 cum
1384 2350 1445 2388 ipsis
1460 2349 1615 2380 Obsidibus
1625 2373 1635 2388 ,
1649 2359 1695 2380 aut
1711 2358 1814 2379 eorum
1829 2349 1940 2386 aliquo,
1959 2348 2004 2378 seu
2017 2357 2203 2386 quocumque
2219 2349 2274 2379 alio
2290 2372 2300 2387 ,
2317 2350 2363 2381 vel

1296 2389 1331 2418 ab
1343 2388 1421 2428 ipsis,
1442 2390 1486 2418 vel
1501 2398 1602 2419 eorum
1617 2388 1712 2426 aliquo
1729 2397 1792 2418 ante
1813 2386 1903 2417 Diem
1918 2396 1996 2426 quo,
2011 2386 2045 2417 ad
2075 2387 2227 2417 ›onendum
2246 2388 2272 2418 se
2295 2388 2361 2418 Ob-

1297 2427 1403 2466 lidem,
1421 2428 1466 2459 seu
1482 2427 1619 2465 Obsides,
1640 2427 1775 2466 Regnum
1795 2426 1905 2465 Angliae
1925 2424 2036 2465 ingressi
2088 2426 2178 2464 crint,
2194 2434 2241 2456 aut
2261 2426 2366 2466 ingres-

1295 2465 1338 2496 sus
1355 2466 1438 2497 fuerit
1450 2467 1546 2505 aliquis
1558 2466 1743 2502 eorumdem,
1760 2465 1875 2502 habito,
1894 2464 1971 2495 facto
1982 2487 1992 2503 ,
2010 2464 2055 2494 seu
2070 2465 2234 2502 commisso,

1334 2504 1368 2535 In
1386 2504 1523 2543 Regnum
1538 2505 1643 2535 Scotiae
1658 2504 1772 2535 transire
1789 2505 1930 2541 permittet
1946 2504 1979 2534 δε
1997 2503 2097 2541 faciet,
2113 2513 2146 2534 ac
2162 2503 2365 2542 permittent&

1295 2544 1414 2582 facient,
1433 2554 1550 2575 necnon
1565 2543 1669 2575 Literas
1683 2543 1753 2573 dieii
1770 2542 1871 2581 Jacobi
1886 2545 1964 2579 Regis
1979 2542 2012 2572 &
2028 2541 2188 2580 Burgorum
2204 2542 2362 2580 praedictas,

1296 2582 1396 2614 Incisas
1412 2583 1455 2613 vel
1473 2582 1648 2613 Cancellatas
1658 2606 1668 2622 ,
1688 2581 1831 2612 Restituet
1846 2581 1925 2611 dicsto
1940 2579 2046 2619 Jacobo
2060 2581 2167 2618 Regi&
2178 2579 2274 2616 Burgis
2290 2590 2364 2617 prae-

1295 2623 1395 2659 dietis,
1414 2622 1447 2652 &
1464 2621 1645 2660 Restituent3
1663 2631 1711 2652 aut
1726 2623 1782 2652 suas
1798 2621 1904 2650 Litems
1918 2620 1954 2649 de
1969 2618 2069 2649 Soluto
2085 2621 2118 2649 &
2137 2619 2365 2658 Aequitantiales‚

1296 2663 1326 2691 iri
1341 2671 1371 2690 ea
1405 2669 1462 2691 arte
1475 2660 1637 2691 necessarias
1649 2682 1658 2698 ,
1677 2660 1727 2690 sub
1744 2659 1857 2727 Mapno
1873 2657 1970 2696 Sigillo
1988 2656 2036 2686 suo
2047 2679 2059 2700 ἢ
2071 2657 2134 2699 ipsis
2150 2656 2228 2688 dabit
2244 2657 2277 2688 &
2294 2658 2367 2689 iibe-

1808 2697 1953 2727 iberabunt
1966 2694 2113 2735 Requiiiti.

1334 2737 1367 2767 In
1384 2747 1507 2774 quorum
1525 2738 1658 2767 omnium
1673 2736 1888 2767 Testimonium
1904 2745 1938 2766 ac
1952 2733 2039 2764 fidem
2056 2734 2153 2774 Sigilla
2171 2733 2266 2765 nostra
2287 2733 2367 2765 Prae-

1297 2775 1418 2806 sentibus
1433 2774 1622 2814 apposuimus.

1338 2814 1406 2844 Dat.
1427 2813 1585 2851 Londoniae,
1606 2813 1720 2852 Quarto
1732 2812 1791 2843 Die
1809 2811 1915 2842 Mensis
1931 2810 2121 2849 Decembris,
2147 2810 2238 2842 Anno
2259 2810 2367 2842 Domi·

1298 2853 1328 2883 ni
1347 2852 1523 2890 Millesimo,
1541 2852 1774 2890 Trecentesimo,
1794 2850 1938 2882 vicesimo
1953 2848 2066 2880 Tertio.

1298 2700 1369 2730 rabit
1418 2699 1566 2738 equisitus,
1585 2709 1618 2729 ac
1629 2699 1737 2729 dabunt
1751 2698 1783 2728 &

1337 2929 1371 2960 U
1381 2938 1404 2960 N
1413 2938 1425 2960 ῐ
1435 2940 1452 2960 ν
1461 2938 1479 2959 E
1492 2939 1513 2959 rt
1527 2939 1539 2960 s
1549 2939 1561 2960 1
1570 2938 1582 2960 ς
1592 2952 1601 2967 ,
1624 2927 1769 2967 praesentes
1801 2927 1907 2958 Literas
1939 2925 2102 2967 inspectui-is
2127 2923 2177 2956 seu
2203 2923 2370 2964 Auditum,

1299 2969 1482 3000 ΡΑΤΕΑΤ
1502 2977 1553 2999 ετ
1572 2976 1640 2999 sm·
1657 2967 1827 2998 Novum
1848 2965 1944 3004 quod,

1335 3006 1414 3037 Cum
1430 3017 1529 3047 nuper,

1342 3045 1390 3090 De
1407 3046 1439 3077 ὃς
1454 3046 1532 3090 super
1549 3045 1731 3076 Liberatione
1742 3066 1751 3082 ,
1768 3041 1939 3073 Sereniffimi
1955 3039 2094 3080 Principis
2108 3040 2142 3072 &
2164 3039 2290 3072 Domini
2313 3051 2369 3072 no-

1302 3083 1367 3122 stri,
1386 3084 1509 3115 Domini
1524 3084 1627 3123 Jacobi
1646 3086 1724 3121 Regis
1741 3086 1885 3118 Scotorum,

1338 3122 1431 3161 Inter,
1451 3122 1665 3153 Sereniffimum
1685 3121 1846 3158 Principem
1860 3141 1870 3156 ,
1890 3120 2038 3148 Henricum
2063 3120 2159 3155 Regem
2185 3117 2314 3156 Angliae,
2332 3117 2369 3148 de

1304 3162 1478 3193 avisameiito
1496 3161 1622 3191 Concilii
1639 3159 1679 3190 sui
1690 3181 1699 3197 ,
1716 3168 1749 3189 ex
1766 3157 1822 3188 unzi
1842 3156 1941 3195 Parte,
1959 3158 1993 3188 &
2009 3156 2121 3187 dicisum
2136 3155 2301 3187 Dominum
2309 3156 2371 3196 Ja-

1304 3201 1412 3239 cobum,
1432 3210 1464 3231 ac
1483 3209 1573 3231 certos
1588 3197 1816 3240 Ambaffiatores.
1832 3195 1927 3234 Regni
1947 3195 2052 3225 Scotiae
2070 3217 2080 3233 ,
2095 3194 2130 3225 ad
2150 3194 2198 3226 Re
2219 3205 2288 3225 num
2310 3195 2373 3225 An-

1305 3240 1368 3278 gliae
1379 3262 1388 3278 ,
1405 3239 1554 3270 occasione
1570 3236 1754 3267 Liberationis
1769 3234 1931 3273 hujusmodi
1945 3257 1955 3273 ,
1974 3243 2063 3272 nuper
2078 3232 2192 3265 transmi
2216 3244 2265 3273 os,
2281 3242 2315 3264 ex
2331 3233 2371 3265 al-

1307 3287 1364 3308 tera

1346 3300 1422 3346 11²iter
1437 3322 1536 3345 caetera
1549 3312 1771 3344 Concordatum
1781 3335 1790 3351 ,
1810 3311 2060 3350 Appundfflatum,
2079 3310 2112 3341 &
2127 3308 2306 3341 Conclusutn
2321 3318 2371 3340 ex-

1309 3353 1370 3383 istat
1384 3353 1463 3391 quod
1482 3353 1574 3396 didius
1588 3351 1708 3390 Jacobus
1720 3354 1780 3381 Rex
1797 3351 1883 3382 solvet
1899 3350 2018 3388 praefato
2031 3352 2150 3379 Henrico
2163 3351 2229 3386 Regi
2245 3347 2369 3386 Anghae,

1308 3391 1424 3429 ipsiusve
1438 3390 1623 3429 Haeredibus,
1641 3391 1686 3421 seu
1701 3389 1897 3428 Deputandis,
1914 3390 1944 3418 in
1957 3387 2082 3419 Ecclesia
2095 3387 2191 3418 Sanffi
2205 3387 2284 3418 Pauli
2293 3386 2373 3416 Lon-

1308 3432 1420 3467 doniae,
1441 3431 1469 3459 iii
1487 3430 1610 3468 Anglia,
1629 3429 1821 3469 Quadraginta
1838 3427 1919 3459 Milia
1932 3427 2103 3465 Librarum,
2123 3427 2208 3458 bonae
2220 3426 2254 3457 &
2276 3424 2371 3461 Lega-

1308 3470 1340 3500 lis
1357 3467 1631 3515 Monetaesffngliae,
1649 3467 1789 3511 videlicet⁷
1819 3506 1824 3511 ι
1860 3503 1871 3513 Α
2062 3504 2066 3508 λ
2081 3503 2086 3508 “
2303 3497 2341 3529 M

1311 3506 1385 3576 „32¹2
1398 3506 1725 3583 {figffigeaeffayffiapggss
1733 3501 2300 3581 ffiffgfgaciggceffaffiggaaiffifflffi
2315 3508 2378 3581 pff-

1314 3586 1355 3614 mi
1371 3583 1510 3653 ingrelgfis
1525 3584 1564 3614 sui
1579 3585 1609 3615 in
1624 3584 1761 3623 Regnum
1776 3582 1899 3619 Scotiae,
1919 3591 1954 3612 ve
1980 3590 2029 3621 per
2040 3589 2106 3612 eum
2120 3579 2224 3610 steterit
2236 3585 2295 3616 quo
2320 3585 2376 3606 im-

1353 3633 1364 3653 s
1379 3634 1408 3653 in
1447 3632 1462 3652 e
1482 3633 1507 3652 ia
1541 3633 1553 3652 r

1313 3634 1390 3692 nuEt
1403 3631 1538 3701 qgurolibg?
1547 3645 1652 3699 Anno,
1669 3668 1772 3691 extunc
1790 3658 1922 3696 sequente
1935 3680 1946 3697 ,
1968 3655 2121 3700 incipendo
2133 3653 2265 3699 ⁰Annum
2287 3662 2302 3683 a
2321 3652 2379 3684 fine

1317 3698 1411 3744 Anni,
1427 3698 1614 3737 computandi
1627 3709 1642 3728 a
1658 3697 1758 3728 Primo
1776 3697 1833 3728 Dei
1850 3695 1986 3741 Ingressus
1999 3694 2037 3725 sui
2055 3692 2192 3732 praedieti,
2209 3702 2238 3722 m
2254 3690 2382 3735 Ecclesia

1318 3739 1412 3769 Sancti
1427 3737 1505 3768 Pauli
1519 3737 1653 3775 praediCta
1668 3759 1679 3774 ,
1697 3736 1812 3767 Decem
1829 3735 1912 3766 Milia
1927 3733 2095 3765 Marcasum
2108 3753 2117 3768 ,
2141 3732 2285 3769 quousque
2303 3730 2381 3763 dieta
2413 3761 2416 3764 ,

1355 3777 1512 3815 uadraginta
1525 3775 1609 3806 Milia
1625 3776 1771 3805 Librarum
1787 3775 1889 3804 fuerint
1901 3773 2008 3811 integre
2021 3769 2173 3808 persoluta,

1383 3824 1394 3845 t
1408 3815 1486 3853 quod
1495 3837 1504 3852 ,
1524 3825 1576 3852 pro
1590 3814 1743 3845 Securitate
1757 3813 1911 3843 solutionis
1928 3809 2073 3852 praedictae'
2087 3807 2187 3838 fiendae
2196 3830 2205 3845 ,
2229 3805 2381 3852 praedistus

1321 3853 1467 3884 Dominus
1479 3853 1600 3891 Jacobus
1618 3855 1678 3882 Rex
1692 3850 1874 3881 Litteratorie
1886 3849 1936 3879 sub
1949 3848 1999 3878 suo
2013 3845 2114 3883 Sigillo
2126 3847 2152 3876 se
2166 3845 2285 3885 Obliget
2294 3867 2304 3883 ,
2318 3854 2382 3876 cer·

1320 3894 1398 3930 tique
1412 3901 1552 3932 ponantur
1566 3891 1703 3928 Obsides,
1722 3889 1756 3920 &
1770 3888 1887 3919 Litterae
1899 3887 1981 3916 etiam
1998 3884 2132 3923 Qatuor
2145 3884 2304 3924 Burgorum
2325 3883 2383 3914 five

1325 3930 1460 3961 Villarum
1474 3929 1570 3969 Regni
1584 3930 1691 3960 Scotiae
1704 3926 1944 3967 concordatorum
1957 3925 1967 3959 (
1975 3924 2110 3954 videlicet
2124 3947 2134 3961 ,
2151 3924 2188 3954 de
2213 3920 2384 3960 Edinburch,

1323 3968 1426 4006 Perth,
1441 3971 1556 4005 Dunde,
1573 3969 1607 3999 &
1621 3968 1658 3998 de
1672 3964 1836 3999 Aberdene)
1852 3962 2040 4001 Obligatoriae
2054 3963 2173 4003 praefato
2187 3963 2252 4000 Regi
2267 3959 2382 3999 Angliae

1324 4007 1465 4039 tradantur
1482 4007 1515 4038 &
1530 4007 1681 4036 liberentur
1690 4025 1702 4040 ‚

1364 4047 1383 4066 *
1403 4045 1468 4081 Nos
1484 4047 1525 4076 N.
1550 4043 1735 4084 praepositus,

2373 1029 2390 1046 ’Ψ
2398 1015 2436 1057 xe
2445 1035 2509 1065 305.

1752 4040 1786 4072 δε
1800 4038 1868 4071 Nos
1881 4041 1923 4070 N.
1948 4037 2046 4071 Banivi
2070 4038 2155 4078 Burgi
2175 4038 2233 4072 sive
2246 4034 2427 4106 vVillggtdfxlaemss‘
2437 4035 2539 4076 X-3060,
