2562 4274
844 212 955 257 ET
1038 216 1302 259 ACTA

1375 219 1860 266 PUBLICA.
2337 240 2393 282 95

100 301 223 338 AnnD.
237 301 360 340 affoille,
377 300 404 331 le
422 299 464 331 dit
483 298 628 339 Suppliant
642 303 718 332 avoit
733 310 771 332 un
787 300 997 340 Affignement,
1017 310 1066 340 par
1080 298 1189 340 Taille,
1208 304 1251 333 sur
1265 303 1291 334 le
1328 305 1361 336 ad
1377 307 1474 336 omnia
1487 305 1670 345 Temporalia
1685 308 1868 348 Episcopatus
1882 309 2077 351 Karliolenfis,
2095 311 2122 343 in
2140 309 2288 345 Comitatu
2313 313 2382 346 Liri·
2400 313 2475 345 Ann.
2491 313 2536 347 Dss

118 350 201 381 1423*
233 340 351 371 Subiide
369 339 404 370 de
427 339 545 378 Leynes'
561 341 635 370 erile
648 335 720 371 Part
733 340 768 370 de
785 339 955 380 Kyngeston
971 341 1013 371 sur
1028 339 1117 378 Hull,
1135 350 1289 373 contenant

98 387 161 410 ,rim
180 383 208 410 6.
236 379 262 409 le
278 377 369 409 Some
380 377 417 408 de
431 378 487 408 lxvi
507 376 556 407 lib.
572 379 618 408 xiii
634 389 656 408 s.
676 380 704 408 iv
718 377 746 406 d.

275 416 312 447 Et
333 426 371 446 un
392 415 479 446 aultre
494 415 586 446 Taille
608 415 661 446 del'
682 415 778 446 Garde
800 415 848 446 des
863 416 966 448 Terres
980 418 1013 450 &
1027 415 1221 448 Tenementes
1234 427 1291 455 que

238 453 468 523 igierlenlthohan
487 453 619 493 n’adgairs
639 457 761 492 Seigneur
785 454 817 484 de
837 455 933 485 Wlles
946 479 956 494 ,
980 463 1135 487 contenant
1148 456 1187 486 les
1202 455 1292 486 Some

264 503 280 522 e
304 516 310 522 .
336 501 346 521 ι
366 516 372 521 .

278 529 317 561 Et
337 540 375 560 un
393 530 481 561 aultre
502 529 594 561 Taille
614 529 653 560 du
669 529 768 561 Garde
786 530 841 561 del‘
857 530 972 563 Manoir
985 531 1020 562 de
1033 531 1178 572 Soureby,

240 576 308 599 nant
323 568 350 599 le
365 568 454 600 Some
467 568 504 600 de
517 569 601 599 xxxiii
616 567 662 598 lib.
682 570 711 598 vi
727 580 748 599 s.
767 570 814 599 viii
828 570 855 599 d.

276 607 374 638 Sibien
395 617 442 646 par
459 607 497 638 les
518 606 563 636 Ex
584 607 658 636 enses
678 606 732 637 del'
751 611 812 637 Duc
829 608 1019 648 d’Everwyk,
1037 617 1122 639 come
1137 608 1192 638 del'
1208 611 1295 639 Count

238 645 270 676 de
284 644 329 675 Eu
340 669 349 685 ,
367 646 400 677 &
420 645 538 676 diverses
587 646 702 676 risoners
725 645 886 687 Fraunsoyis
902 671 912 684 ,
927 646 1050 678 esteantz
1064 656 1099 677 en
1114 646 1139 677 la
1156 646 1293 678 Gouver-

243 694 334 715 nance
345 684 381 716 de
395 684 435 715 dit
449 683 611 723 simplum,

273 722 338 754 Des
357 721 460 761 quelles
476 721 608 752 Somrnes
629 722 648 752 il
662 732 698 753 ne
712 732 813 760 pourra
829 721 900 753 estre
916 722 1001 753 Paiez
1017 731 1032 753 a
1049 722 1128 753 cause
1141 722 1196 753 del’
1213 721 1297 754 Mort

240 761 277 792 de
291 760 388 802 nostre
402 760 594 799 Souveraigne
608 761 653 792 Sei
674 771 742 792 neur
758 761 863 799 suisdit,

276 799 350 838 VQe
370 798 463 830 Please
483 809 498 829 a
517 798 612 830 vostre
668 800 735 830 oble
755 799 867 836 Grace,
882 798 918 829 de
932 799 1106 829 commande
1121 799 1146 829 le
1157 798 1296 829 Tresorer

240 836 432 876 d'Engleterre
446 860 456 874 ,
478 838 513 868 de
536 838 680 875 chaunger
698 838 737 868 les
761 838 821 868 ditz
841 837 965 874 Tailles,
985 847 1023 868 ou
1040 838 1107 868 faire
1120 847 1155 868 au
1170 837 1211 867 dit
1224 837 1297 874 Sup-

240 875 328 912 pliant
348 874 422 912 prest
437 875 585 906 Paiement
600 899 610 914 ,
627 886 666 906 ou
681 875 802 906 suffisant
817 875 1030 912 Affignement,
1048 876 1083 906 de
1098 876 1136 906 les
1152 875 1296 907 avantditz

243 913 400 951 Sommez‚
418 914 451 945 &
465 924 520 945 ceo
532 924 605 952 pour
623 914 700 945 Dieu
715 915 749 945 &
760 924 796 944 eri
812 913 926 944 Oevere
939 913 975 943 de
992 913 1125 952 Charite,

1194 541 1296 563 conte-

244 1027 268 1059 Ρ
282 990 380 1035 Lettre
396 999 433 1021 en
452 989 513 1021 feut
533 990 598 1021 faite
621 1001 640 1020 a
664 989 771 1029 Wstm.
791 990 818 1020 le
838 991 881 1028 xxj
896 989 970 1028 Jour
993 989 1029 1020 de
1052 989 1143 1029 May,
1158 988 1224 1020 l'An
1239 990 1301 1022 &0

270 1038 363 1059 rimer.

281 1103 422 1172 {gg-'Die
443 1145 516 1173 Maii
531 1166 540 1181 ,
565 1147 652 1174 Anno
672 1146 777 1182 primo,
795 1142 869 1181 apud
878 1145 989 1172 Fratres
1009 1143 1203 1173 Praedicatores
1220 1145 1298 1172 Lon-

243 1180 344 1218 doniae,
361 1180 483 1220 Conteffa
502 1181 564 1221 fuit
582 1181 700 1221 praefi‘ns
716 1181 876 1221 Supplicatio
897 1185 927 1211 in
954 1180 1049 1220 forma
1068 1193 1121 1222 qua
1139 1181 1215 1220 infra
1228 1185 1299 1220 peti-

242 1226 289 1248 tur
299 1241 308 1256 ,

279 1260 320 1286 Et
337 1257 504 1302 Mandatum
511 1257 573 1299 fuit
589 1259 663 1299 quod
672 1259 734 1289 inde
742 1258 802 1299 fiat
818 1261 983 1289 Warantum
995 1257 1177 1296 Thefhurario
1192 1256 1230 1292 ὠ·
1248 1260 1302 1287 Ca-

243 1305 367 1324 merarm·
376 1317 386 1333 ,

671 1372 852 1414 Praesentibus
860 1397 870 1411 ,

243 1448 365 1477 Dominis
378 1447 495 1478 Ducibus
502 1471 514 1488 ,
795 1449 915 1480 Comite
925 1447 1110 1480 Warrewicae
1117 1471 1127 1486 ,

243 1485 434 1516 Gloucestriae
440 1510 451 1524 ‚
794 1488 969 1519 Cromewell
976 1510 987 1526 ‚

243 1526 285 1553 Et
303 1524 441 1562 Exoniae,
795 1526 928 1564 Fitshugh
938 1548 947 1564 ,

245 1562 469 1601 Archiepiscopo
484 1562 689 1603 Cantuarienfi,
793 1566 914 1602 Tiptoft
923 1586 933 1602 ,

244 1601 446 1640 Wyntonienli
455 1625 464 1640 ,
795 1602 978 1633 Cancellario
985 1624 995 1639 ,

244 1640 288 1668 Et
307 1639 507 1678 Wygornienfi
514 1662 525 1678 ,
796 1643 837 1670 Et
856 1639 1050 1671 Theffiurario.

249 1676 406 1717 Episcopus,

589 1802 647 1832 Pro
672 1800 757 1832 Duce
778 1800 960 1843 Anrialetgfi.

96 1898 225 1931 AmLD,
249 1888 366 1944 REX
384 1887 516 1919 universis
532 1887 567 1918 ὃς
586 1887 698 1927 singulis
717 1887 895 1926 Admirallis,
914 1889 973 1920 &c
992 1888 1127 1920 Salutem.

345 1927 442 1958 Sciatis
459 1926 540 1964 quod
548 1949 558 1965 ,

92 1947 209 2005 Αέμιῖ
283 1964 382 2003 Cum,
401 1965 554 1996 carissimus
568 1964 800 2005 Consanguineus
812 1964 921 2002 noster,
939 1964 1059 1994 Karalus
1074 1969 1141 1995 Dux
1150 1963 1303 1994 Aurialen-

96 2021 134 2043 H.
156 2016 184 2042 ⁶.
241 2001 280 2045 fis
302 2005 405 2035 intime
424 2003 560 2034 desideret
581 2013 612 2035 ut
636 2003 764 2043 magister
787 2003 950 2033 Willielmus
976 2006 1080 2042 Cosmot
1108 2002 1299 2046 Cancellarius

92 2059 182 2082 Frons.
205 2062 230 2081 ι,
248 2048 329 2080 tuus,
347 2043 444 2073 Abbas
458 2042 494 2072 de
506 2041 603 2072 sancto
621 2041 804 2072 Lannomaro
819 2041 922 2072 Blesen.
939 2044 1036 2083 Petras
1052 2042 1084 2071 de
1100 2044 1213 2081 Morney
1229 2041 1300 2071 Chi-

94 2097 128 2119 H⁴
140 2093 211 2120 6.m.
247 2081 337 2120 valer,
353 2080 506 2120 Francifius
526 2080 559 2109 a'e
580 2079 711 2120 l’ospital
731 2079 883 2122 Chiyalcr,
900 2081 1052 2119 Franciscus
1071 2080 1105 2109 de
1126 2083 1264 2117 Gringans
1282 2080 1301 2098 ⁴*

97 2142 107 2159 ¹
115 2141 128 2166 ’ἶ
133 2153 140 2158 ’
247 2118 408 2188 [giis-iffa}
417 2116 622 2187 &iuhislagiffiffitii
627 2122 734 2188 1:¹22}ng
738 2122 893 2187 τξιαΐτΐέἰῖᾶε
901 2118 1303 2187 Oiieitessasrilggseffimstsruiaffi-

97 2169 190 2244 ,εἰς’
245 2170 281 2227 ald
294 2166 581 2227 Communicanffim
598 2195 709 2234 secum,
726 2195 814 2226 libere
827 2166 1063 2232 &eniiepvaleann
1081 2195 1164 2225 nobis
1184 2178 1302 2225 ῙωτηίΙίἶ

242 2243 287 2304 ‘tier
298 2234 531 2274 'supplicandout
543 2235 582 2264 eis
598 2233 705 2265 Lite'ras
720 2234 827 2264 nostras
840 2233 877 2264 de
889 2233 964 2264 salvo
973 2233 1128 2265 Condutstu
1142 2233 1302 2264 concedere

263 2283 271 2304 i
329 2283 428 2304 remur

272 2282 349 2342 3133ss
367 2295 581 2349 (Sup'plicationi
596 2309 673 2351 ipfiur
690 2312 774 2341 Ducis
789 2312 819 2341 in
841 2310 895 2342 hac
919 2319 995 2349 parte
1011 2310 1200 2342 favorabiliter
1220 2310 1301 2341 incli-

243 2350 313 2387 nati)
329 2350 496 2388 suscepimus
510 2350 657 2388 praefatos,
675 2352 718 2379 W
718 2348 874 2388 illielmum,
891 2349 1049 2387 Abbat'em,
1065 2352 1194 2388 Petrum,
1211 2352 1302 2378 Fran—

242 2388 354 2428 cifium,
368 2384 535 2427 Francifium
570 2388 604 2419 &
616 2390 728 2418 Petrum
738 2412 753 2429 ,V
765 2389 958 2427 conjunrstim,
972 2390 1006 2420 &
1020 2388 1147 2429 divilim',
1165 2388 1302 2424 cumVi-

242 2428 315 2464 giuti
333 2429 367 2459 ὃς
388 2427 523 2466 Qiatuor
542 2411 693 2465 Personis,
709 2429 739 2457 in
757 2425 905 2458 Co'mit'iva
919 2427 981 2466 sua,
996 2427 1146 2457 indictum
1162 2426 1300 2464 Regnum

243 2465 377 2496 nostrum
386 2488 397 2505 ,
415 2475 500 2504 penes
514 2464 691 2496 Praesentiam
699 2464 814 2504 praefati
823 2466 928 2504 Ducis,
946 2475 981 2496 ex
997 2465 1074 2497 causa
1088 2465 1222 2503 praedieca
1233 2488 1242 2504 ,
1251 2474 1301 2496 ve-

246 2504 353 2535 niendo
363 2527 373 2543 ,
390 2504 497 2534 ibidem
514 2504 677 2543 morando,
687 2505 723 2535 &
736 2504 836 2535 exinde
854 2505 1053 2542 versuSIparteS
1072 2504 1198 2535 Franciae
1214 2512 1301 2535 trans-

242 2543 338 2574 eundo
348 2566 359 2581 ,
374 2551 407 2573 ac
423 2541 582 2581 HomineS,
599 2542 887 2581 Equos,Bona,Rec
897 2544 932 2574 &
947 2542 1081 2573 Hernesia
1092 2543 1137 2573 sua
1151 2552 1300 2580 quaecum-

240 2590 314 2620 que,
332 2582 361 2611 in
383 2581 489 2611 salvum
506 2581 539 2612 &
559 2582 687 2621 securum
707 2580 897 2612 Conductum
921 2581 1071 2620 nostrum,
1089 2592 1124 2612 ac
1150 2582 1178 2611 iu
1198 2581 1301 2612 Prote-

243 2620 393 2658 ctionem,
406 2619 592 2658 Tuitionem,
610 2621 644 2652 &
665 2619 869 2651 Defenfionem
888 2619 996 2650 nostras
1012 2620 1159 2657 speciales,

281 2657 318 2689 Et
337 2658 411 2688 ideo·
428 2657 534 2688 Vobis
545 2659 712 2689 mandamus
725 2658 804 2697 quod
819 2659 904 2696 ipsos,
924 2657 1120 2695 lVillielmum,
1139 2657 1299 2696 Abbatem,

242 2696 371 2734 Petrum,
388 2696 574 2735 Francfimn,
591 2696 757 2735 Franciscum
768 2696 804 2728 &
823 2699 953 2733 Petrum,
970 2707 1039 2727 cum
1058 2697 1208 2734 Viginti&
1218 2697 1300 2734 Qua-

242 2742 306 2764 tuOt
328 2735 454 2765 Personis
476 2735 616 2773 praedictis
634 2737 662 2766 in
682 2734 828 2766 Comitiva
847 2736 908 2774 sua,
924 2745 1036 2766 necnon
1060 2735 1218 2773 Homines,
1239 2728 1300 2770 &a

237 2776 362 2811 prout'in
377 2772 512 2803 Similibus
526 2774 560 2803 de
575 2773 712 2804 Condufi'u
726 2776 839 2803 Litoris.

242 2846 261 2878 d
278 2809 314 2840 In
329 2812 424 2850 cujus,
438 2813 499 2843 &c.
518 2812 604 2851 usque
620 2812 737 2843 Festum
751 2812 849 2843 Sancti
864 2811 1014 2842 Michaelis
1028 2813 1163 2850 proximo
1173 2812 1301 2842 futurum

263 2858 392 2879 uraturas.

277 2886 369 2918 Teste
382 2886 466 2927 Rege
479 2887 553 2925 apud
569 2887 841 2928 Westmonasterium,
858 2888 995 2920 vicesimo
1008 2890 1102 2927 primo
1119 2889 1164 2919 die
1179 2888 1262 2919 Maii.
1296 2926 1298 2929 ι

968 2967 1022 2994 Per
1040 2965 1196 2996 Concilium.

623 3091 681 3121 Pro
705 3086 803 3119 eodem
824 3088 921 3120 Duce.

96 3182 173 3213 Ann.
183 3180 224 3211 D.
247 3171 366 3241 RE}
382 3172 532 3219 universis,
550 3171 610 3208 &a
627 3171 765 3217 utsupra,
807 3223 810 3227 ¹

363 3220 441 3242 ciatis
465 3210 546 3248 quod
567 3210 735 3248 fiiscepimus
755 3220 782 3240 in
797 3208 901 3240 salvum
915 3210 948 3241 &
961 3209 1089 3240 securum
1107 3208 1299 3241 Condu&um

91 3229 209 3288 Αέἥὲ
244 3248 375 3279 nostrum
386 3272 396 3287 ,
412 3258 445 3279 ac
467 3249 496 3277 in
512 3248 744 3286 protectionem,
762 3249 949 3287 Tuitionem3
966 3250 998 3278 δε
1015 3247 1222 3279 Defensionem
1245 3257 1300 3278 no-

92 3303 128 3326 H.
148 3299 176 3325 6,
245 3286 311 3318 stms
327 3287 455 3325 speciales
466 3285 614 3326 Dionrfium
630 3289 743 3324 Rogeri,
761 3286 952 3325 Servstorem,
970 3286 1101 3318 cariffimi
1124 3286 1300 3326 Consangui-

92 3341 182 3364 franc.
203 3344 226 3362 1,
245 3327 291 3355 nei
310 3325 413 3363 nostri,
431 3325 523 3355 Ducis
548 3324 728 3354 Aurelianen.
752 3324 844 3355 versus
866 3333 954 3363 partes
979 3325 1120 3362 Franciae,
1138 3335 1190 3364 pro
1216 3327 1299 3356 certis

93 3376 211 3403 Hssffi,
244 3362 380 3402 Negotiis
401 3363 484 3401 ipsius
502 3362 593 3393 Ducis
612 3363 718 3392 ibidem
738 3362 885 3401 faciendis,
905 3363 1087 3402 transeundo,
1106 3364 1138 3395 δε
1158 3365 1258 3395 exinde
1271 3365 1300 3395 in

98 3423 141 3449 ¹3·
246 3401 276 3432 R
314 3411 384 3447 num
397 3401 528 3432 nostrum
543 3401 653 3445 Angliae
667 3399 827 3444 redeundo,

308 3449 318 3470 t
336 3440 416 3477 ideo,
434 3441 496 3472 &c.
514 3449 575 3469 non
587 3439 734 3470 inferentes
749 3448 792 3476 ei,
810 3439 872 3469 δῖε.

267 3478 318 3515 ,Et
332 3478 351 3509 fi
388 3477 445 3509 uod
458 3479 501 3515 ei,
519 3479 579 3509 &c.

279 3488 398 3548 Proviso
414 3516 522 3555 semper
537 3515 614 3554 quod
628 3515 703 3545 idem
716 3514 850 3559 Dionifius
864 3514 938 3545 bene
954 3516 987 3546 &
1002 3514 1120 3546 honeste
1143 3516 1169 3547 se
1186 3517 1300 3556 habeat,

243 3552 303 3591 &c.
318 3562 348 3585 ut
359 3556 460 3595 supra,
479 3555 626 3593 praesumat
643 3563 743 3590 quovis
756 3554 857 3583 modo.

279 3593 314 3627 In
337 3595 433 3632 cujus,
453 3595 513 3624 &c.
532 3593 615 3631 usque
637 3591 753 3623 Festum
776 3591 872 3622 Sancti
898 3590 1046 3622 Michaelis
1072 3593 1207 3630 proximo
1226 3594 1303 3624 futu-

244 3633 553 3710 russ'effiugaffdgtseflapud
569 3667 841 3710 Wstmonaflerium,
857 3668 923 3706 xviij
941 3667 986 3699 die
1003 3668 1084 3699 Maii.

96 3803 173 3872 ΛΞΜ·
188 3803 229 3834 D·
307 3820 357 3852 De
376 3815 597 3867 Temporalibus
624 3817 813 3863 EpIfiopams
837 3815 1023 3858 Karliolensts
1043 3815 1088 3848 ad
1109 3819 1249 3850 Firmam

95 3851 210 3911 Anti—³3
667 3864 876 3899 Dimittendis.

95 3923 191 3986 ἕξιότ.
247 3949 364 4009 REX
384 3949 545 3990 Omnibus,
564 3951 598 3982 ad
612 3961 699 3990 quos,
717 3950 778 3981 &c.
798 3948 932 3980 Salutem.

97 4001 131 4024 H.
145 3998 171 4023 6.
186 4001 211 4032 p.
341 3990 439 4020 Sciatis
455 3990 535 4026 quod
548 3989 617 4020 Nos
628 4012 638 4027 ,

97 4044 126 4069 4,
139 4043 227 4063 m,22.
284 4026 334 4058 De
347 4027 491 4058 Fidelitate
506 4027 540 4057 &
556 4026 835 4065 Circumspectione,
853 4025 1024 4056 dilectorum
1042 4026 1124 4056 nobis
1134 4050 1144 4064 ,
1160 4026 1299 4065 Johannis

246 4066 355 4103 Henege
389 4066 422 4096 &
439 4063 580 4104 Johannis
594 4068 622 4094 Κ
618 4065 730 4105 yghley,
743 4065 850 4104 plenius
864 4063 1057 4102 confidentes,

282 4088 490 4136 Constituimus
511 4103 544 4135 &
565 4103 776 4142 Affignavimus
796 4104 884 4142 ipsos,
898 4102 1057 4142 Johannem
1079 4103 1112 4134 &
1125 4101 1301 4141 Johannem,

1332 345 1453 389 colniae,
1469 347 1641 389 in-manibus
1657 347 1757 377 nostris
1769 349 1912 380 existentia
1922 373 1931 388 ,
1947 361 1995 388 per
2008 360 2130 381 mortem
2138 355 2231 389 Rogeri
2241 353 2330 383 ultimi
2337 357 2379 383 Ε-
2424 362 2506 387 1422.

1330 382 1423 422 piscopi
1439 383 1512 413 Loci
1526 384 1615 428 illius,
1630 383 1665 428 ad
1682 384 1808 416 Firmam
1824 387 2034 419 Dimittendum
2052 389 2096 419 seu
2115 390 2334 428 Appi‘uandum,
2395 389 2458 420 Hali
2477 389 2494 427 ,ἑ

1370 420 1498 465 Aecum
1515 422 1648 452 ministris
1662 424 1695 454 &
1710 424 1862 455 Officiariis
1877 426 1984 457 ibidem
1997 427 2093 457 debite
2107 427 2364 468 computandum,

1371 457 1524 503 Exitiisque
1540 482 1550 497 ‚
1568 460 1713 503 'Redditus
1727 486 1736 499 ‚
1759 463 1791 493 ὃς
1810 463 1942 494 Proficua
1964 465 2130 496 eorumdem
2153 466 2388 506 Temporalium,

1336 506 1404 526 eum
1427 506 1613 536 pertinentiis,
1630 509 1646 528 a
1665 508 1795 537 tempore
1822 500 1926 532 Mortis
1945 504 2049 540 praefau
2071 514 2159 542 nuper
2175 502 2312 545 Epifiopi,
2333 506 2390 536 Le-

1335 535 1460 565 vandum
1474 558 1484 572 ,
1503 534 1703 581 Colligendurn
1718 561 1727 575 ,
1753 539 1785 568 δε
1807 538 2026 578 Percipiendum
2043 564 2053 580 ,
2078 541 2119 572 lta
2139 543 2220 581 quod
2239 545 2322 575 nobis
2344 553 2388 575 re-

1335 573 1489 610 spondeant
1503 574 1537 603 ad
1549 574 1726 605 Scaecarium
1742 576 1870 607 nostrum
1878 600 1887 615 ,

1374 611 1515 654 Habenda
1530 613 1563 643 &
1576 612 1752 651 Occupanda
1767 616 1900 652 quamdiu
1916 617 1998 647 nobis
2012 617 2155 655 placuerit.

1372 648 1406 678 In
1423 659 1518 688 cujus,
1536 651 1597 681 &c.

1373 683 1463 719 Teste
1479 688 1565 726 Rege
1579 688 1653 728 apud
1668 689 1939 732 Westmonasterium,
1957 693 2093 724 vicesimo
2106 704 2186 726 nono
2200 695 2246 726 die
2262 691 2343 728 Maii.

1895 769 1949 797 Per
1967 768 2071 798 Billam
2089 770 2286 810 Thefhurariee.

1649 894 1708 924 Pro
1727 893 1840 925 Comite
1864 892 1900 925 de
1916 892 2086 938 Vendostne.

1339 970 1452 1031 REX
1471 973 1620 1006 Univerfis
1641 975 1674 1008 &
1694 976 1804 1016 singuiis
1825 976 1999 1016 Admiraiiis,
2017 978 2196 1018 Capitaneis,
2215 979 2276 1011 &c.
2314 980 2391 1013 Salu-
2405 994 2475 1026 Am,
2493 992 2525 1025 D

1411 1021 1478 1043 tem.
2479 1018 2484 1024 “
2527 1018 2533 1025 ’

1376 1050 1473 1081 Sciatis
1491 1051 1589 1089 quod,
2403 1042 2512 1099 234213'

1375 1088 1473 1128 Cum,
1491 1090 1593 1121 Tertio
1610 1090 1656 1121 die
1676 1090 1774 1123 Martii
1795 1092 1898 1123 ultimo
1914 1094 2073 1132 praeterito,
2090 1103 2141 1131 per
2167 1094 2272 1126 Literas
2289 1095 2393 1127 nostras
2406 1114 2434 1137 H
2450 1093 2478 1136 '6
2493 1095 2497 1100 ’

1339 1125 1489 1166 Patentes,
1507 1139 1557 1172 per
1571 1128 1644 1173 Tres
1666 1129 1796 1167 Menses,
1812 1140 1914 1161 eirtunc
1938 1133 2072 1169 proximo
2095 1132 2239 1170 sequentes
2278 1134 2394 1165 duratu-
2405 1131 2489 1176 Frons
2512 1158 2520 1175 ,

1339 1174 1396 1208 ras,
1415 1166 1611 1204 susceperimus
1628 1178 1658 1197 iri
1669 1168 1773 1198 salvum
1787 1170 1820 1200 &
1842 1169 1970 1200 securum
1992 1169 2179 1201 ConduCtum
2198 1183 2238 1203 no
2265 1183 2345 1211 rum,
2359 1182 2392 1203 ac
2407 1190 2433 1213 H
2459 1170 2535 1213 5'7'

1338 1214 1367 1233 in
1384 1204 1615 1242 Proteffionem,
1634 1205 1821 1245 Tuitionem,
1840 1207 1873 1237 ὃς
1886 1206 2088 1238 Defensionem
2104 1209 2210 1241 nostras
2230 1211 2356 1249 speciales
2376 1213 2390 1229 ¹*
2405 1233 2415 1252 ¹
2434 1208 2439 1214 ’
2480 1205 2521 1215 ””

1340 1245 1480 1280 Hugonem
1500 1243 1532 1272 de
1555 1246 1651 1284 Voyre,
1669 1254 1751 1282 penes
1771 1249 1897 1275 Comitem
1920 1246 1951 1275 de
1971 1245 2113 1286 Vendofine
2131 1251 2291 1287 veniendo,
2309 1251 2343 1281 ὃ(
2362 1251 2392 1280 in
2419 1235 2447 1280 4⁴⁰
2462 1263 2487 1290 X

1342 1281 1400 1311 suas
1412 1281 1522 1325 Partes,
1544 1282 1688 1325 pro'Auro
1699 1305 1709 1319 ,
1727 1284 1760 1314 &
1777 1284 1923 1322 Argeum,
1944 1283 2039 1323 Vasis,
2054 1285 2199 1324 jocalibus
2211 1310 2220 1325 ,
2239 1287 2393 1325 Hcrnesiis,
2410 1311 2422 1329 ²
2449 1312 2460 1329 2
2494 1286 2497 1289 ¹

1344 1320 1376 1350 ὃ(
1390 1320 1445 1349 aliis
1461 1319 1559 1349 Rebus
1576 1320 1655 1350 dieto
1679 1320 1789 1351 Comiti
1808 1331 1859 1358 pro
1874 1322 2080 1354 Sustentatione
2095 1324 2138 1354 sua
2155 1326 2328 1364 necessariis,
2345 1327 2397 1356 de·
2426 1311 2442 1337 9

1343 1358 1464 1388 ferendis
1479 1359 1647 1388 revertendo
1658 1382 1667 1396 ,
1685 1368 1718 1388 ac
1734 1361 1843 1389 Petrum
1856 1361 1991 1430 Ερωαὲζὲ
2001 1384 2010 1399 ,
2028 1361 2205 1393 Servientem
2217 1363 2330 1402 qusdem
2342 1369 2393 1394 Co-

1345 1400 1436 1433 mitis,
1458 1395 1563 1426 Literas
1577 1396 1682 1426 nostras
1696 1397 1732 1427 de
1745 1397 1819 1428 salvo
1836 1398 1942 1429 Condu
1976 1410 1992 1429 u
2009 1401 2038 1429 in
2058 1410 2146 1438 partes
2167 1401 2224 1432 suas
2240 1403 2397 1442 portando,

1346 1435 1379 1465 &
1392 1434 1492 1464 exinde
1508 1444 1590 1472 penes
1604 1436 1750 1472 praefatum
1768 1435 1916 1466 Comitem
1936 1439 1963 1467 in
1983 1436 2119 1477 Regnum
2141 1439 2268 1470 nostrum
2287 1441 2396 1481 Angliae

1345 1474 1513 1503 revertendo
1524 1496 1533 1511 ,
1550 1484 1664 1503 necnon
1689 1473 1766 1503 Bona
1782 1497 1791 1512 ,
1810 1474 1870 1504 Res
1886 1498 1895 1512 ,
1912 1476 1945 1506 ὃς
1967 1474 2102 1507 Hernesia
2124 1477 2168 1508 sua
2189 1488 2397 1519 quaecumque,

1345 1521 1430 1579 1³er
1442 1513 1471 1541 in
1490 1512 1590 1542 Literis
1604 1511 1742 1550 praedietis
1756 1512 1862 1550 plenius
1875 1514 2035 1544 continetur
2044 1537 2054 1551 ,

1417 1560 1467 1587 os,

1380 1588 1437 1618 Pio
1452 1599 1488 1617 eo
1502 1588 1582 1626 quod
1599 1588 1722 1626 praediffi
1737 1588 1810 1619 Tres
1822 1588 1939 1620 Menses
1954 1590 2024 1620 infra
2038 1590 2123 1620 breve
2138 1590 2284 1631 finientur,
2303 1595 2397 1633 sicque

1345 1626 1420 1656 dieta
1443 1626 1574 1662 Negotia
1587 1627 1702 1667 praefati
1731 1629 1841 1656 Comitis
1855 1650 1865 1665 ,
1900 1627 1970 1658 infra
1994 1628 2167 1659 Terminum
2193 1633 2398 1667 praedic'torum

1346 1665 1448 1695 Trium
1465 1664 1636 1706 Menfium,
1648 1667 1766 1695 minime
1782 1665 1882 1695 Perfici
1896 1666 1940 1696 seu
1956 1665 2068 1704 Impleri
2085 1677 2235 1706 poterunt,

1383 1703 1559 1740 Suscepimus
1576 1705 1604 1732 in
1622 1704 1726 1734 salvum
1743 1705 1776 1735 &
1798 1704 1926 1734 securum
1951 1704 2139 1736 ConduCtum
2152 1706 2299 1745 nostrum,
2318 1719 2350 1738 ac
2370 1711 2399 1739 in

1346 1740 1560 1772 Protec'tionem
1570 1741 1754 1780 ,Tuitionem
1764 1765 1774 1779 ,
1789 1744 1821 1773 &
1836 1741 2040 1773 Defensionem
2056 1744 2162 1774 nostras
2173 1746 2398 1785 speciales,prae-
2420 1748 2431 1755 ³

1345 1781 1433 1810 fatum
1455 1783 1610 1818 Hugonem,
1624 1781 1681 1818 jam
1699 1782 1727 1810 in
1751 1780 1853 1819 Anglia
1874 1780 2054 1820 existentem,
2071 1783 2162 1814 versus
2175 1783 2349 1814 Dominium
2365 1786 2402 1816 de

1345 1818 1482 1857 Hayuau,
1499 1829 1547 1856 per
1563 1819 1697 1856 Regnum
1714 1818 1844 1848 nostrum
1861 1819 2002 1857 Franciae,
2022 1821 2186 1851 transeundo
2198 1844 2207 1858 ,
2225 1823 2257 1852 ὃ(
2281 1824 2401 1862 exinde,

1344 1867 1412 1888 cum
1428 1859 1546 1895 praefato
1564 1859 1643 1886 Petro
1662 1858 1689 1886 in
1707 1855 1854 1887 Coinitiva
1869 1858 1930 1895 sua,
1947 1867 2029 1896 penes
2039 1859 2196 1896 praedteium
2212 1862 2353 1898 Comitem,
2370 1864 2401 1893 in

1343 1895 1480 1934 Regnum
1494 1894 1624 1926 nostrum
1639 1895 1747 1934 Angliae
1763 1895 1907 1926 redeundo
1917 1918 1928 1934 ,
1946 1906 2060 1927 necnon
2076 1896 2171 1935 Bona,
2189 1897 2266 1936 Res,
2284 1900 2404 1931 &Her-

1342 1935 1415 1964 nesia
1429 1934 1474 1963 sua
1488 1943 1691 1972 quaecumque,

1380 1972 1419 2003 Et
1432 1972 1496 2003 ideo
1511 1971 1602 2002 Vobis
1619 1971 1787 2002 Mandamus
1800 1972 1879 2010 quod
1892 1971 1982 2010 ipsum
1998 1975 2139 2010 Hugonem
2149 1998 2159 2011 ,
2174 1974 2231 2011 jam
2251 1975 2279 2005 in
2293 1975 2399 2015 Anglia

1343 2010 1526 2048 existentem,
1539 2009 1633 2041 versus
1654 2010 1828 2040 Dominium
1846 2011 1882 2041 de
1903 2011 2022 2049 Haynau
2034 2034 2043 2049 ‚
2061 2022 2110 2050 per
2131 2013 2241 2043 dictum
2262 2014 2400 2053 Regnum

1343 2049 1474 2080 nostrum
1494 2048 1516 2078 F
1519 2049 1638 2087 ranciae,
1654 2048 1837 2086 transeundo,
1854 2050 1887 2080 &
1907 2049 2025 2086 exinde,
2045 2060 2112 2080 cum
2135 2052 2252 2088 praefato
2269 2054 2352 2083 Petro
2370 2055 2401 2085 in

1345 2087 1493 2119 Comitiva
1508 2087 1569 2124 sua,
1588 2096 1672 2124 penes
1679 2087 1839 2125 praediezum
1854 2091 1981 2117 Comitem
2004 2089 2032 2117 in
2048 2089 2156 2119 dictum
2179 2089 2315 2129 Regnum
2338 2091 2401 2122 An-

1344 2126 1421 2165 ghae,
1441 2134 1472 2156 ut
1486 2126 1655 2163 praedietum
1672 2124 1730 2164 est,
1747 2125 1909 2164 redeundo,
1925 2136 2038 2156 necnon
2055 2126 2150 2165 Bona,
2170 2126 2247 2166 Res,
2263 2129 2297 2159 &
2322 2129 2400 2160 Her-

1344 2165 1417 2196 nesia
1433 2164 1477 2195 sua
1494 2173 1685 2202 quaecumque
1699 2165 1914 2202 manuteneatis,
1934 2166 2099 2203 protegatis,
2112 2167 2144 2197 ὅ(
2158 2166 2324 2204 defendaris,

1380 2203 1458 2233 Non
1477 2202 1626 2233 inferentes
1648 2203 1704 2240 eis,
1722 2204 1768 2232 seu
1788 2213 1888 2233 eorum
1910 2204 2005 2241 alteri,
2021 2203 2084 2242 vel,
2102 2213 2239 2243 quantum
2263 2207 2292 2235 in
2314 2206 2400 2238 vobis

1342 2240 1402 2279 est,
1419 2242 1455 2271 ab
1470 2241 1526 2271 aliis
1539 2241 1634 2271 inferri
1647 2241 1857 2280 permittentes,
1873 2241 1933 2272 &c.

1378 2280 1415 2311 Et
1431 2279 1448 2309 fi
1467 2279 1551 2317 quid,
1569 2279 1630 2309 &c.
2393 2299 2396 2302 ⁴

1377 2317 1496 2349 Proviso
1512 2318 1619 2354 semper
1636 2315 1716 2356 quod
1733 2317 1833 2356 iidem,
1850 2320 1930 2356 Hugo
1940 2318 1975 2351 ,ἄ
1989 2320 2086 2348 Petrus
2095 2341 2106 2358 ,
2123 2319 2198 2350 bene
2218 2320 2252 2352 &
2275 2316 2401 2353 honest&

1341 2357 1369 2388 se
1382 2357 1502 2387 habeant
1512 2358 1545 2388 &
1559 2365 1654 2395 gerant
1670 2365 1734 2394 erga
1745 2365 1797 2386 nos
1807 2359 1841 2387 &
1855 2357 1996 2394 Populum
2011 2358 2140 2388 nostrum
2149 2380 2160 2396 ,

1378 2394 1415 2426 Et
1429 2396 1600 2434 quicquam,
1616 2397 1694 2432 quod
1707 2396 1737 2425 in
1751 2394 1842 2426 nostri
1859 2404 1906 2426 aut
1924 2395 2081 2433 Ligeorum
2103 2397 2265 2427 nostrorum
2282 2396 2398 2436 Dampr'

1341 2443 1412 2465 num
1434 2434 1485 2465 vel>
1497 2433 1690 2472 praejudicium
1708 2433 1808 2464 cedere
1824 2434 1930 2472 valeat,
1955 2444 2015 2464 non
2030 2443 2198 2473 attemptent
2209 2459 2222 2473 ,
2240 2443 2286 2467 aut
2307 2436 2400 2468 facere

1342 2473 1387 2505 vel
1400 2481 1565 2512 attemptare
1579 2472 1761 2511 praesumant,

1378 2511 1527 2550 Qiodque
1543 2510 1686 2549 praediffl,
1704 2513 1782 2548 Hugo
1796 2511 1829 2542 &
1843 2513 1954 2549 Petrus,
1971 2511 2080 2542 nullum
2102 2510 2291 2550 Castrorum,
2308 2511 2399 2543 Villa-

1339 2560 1401 2581 rum
1424 2550 1596 2581 firmatarum
1610 2572 1619 2587 ,
1638 2549 1682 2579 seu
1706 2549 1915 2580 Fortalitiorum
1936 2550 2098 2580 nostrorum
2113 2573 2122 2588 ,
2146 2551 2247 2588 absque
2269 2551 2399 2583 Licentia

1339 2588 1503 2657 Cusgodum
1523 2587 1705 2625 eorumdem,
1721 2587 1767 2618 seu
1786 2598 1887 2618 eorum
1909 2588 2161 2627 Locatenentium,
2179 2591 2283 2621 intrent
2297 2591 2400 2628 quovis

1340 2638 1391 2658 mo
1412 2637 1441 2657 o.

1376 2665 1408 2695 In
1424 2666 1520 2703 cujus,
1538 2666 1599 2696 &c.
1616 2674 1665 2704 per
1683 2663 1753 2696 duos
1772 2663 1887 2695 Menses
1901 2665 2034 2702 proximo
2055 2665 2161 2695 futuros
2175 2664 2326 2696 duraturas.

1375 2704 1464 2734 Teste
1478 2703 1562 2742 Rege
1579 2703 1652 2742 apud
1669 2703 1925 2743 westmonasterium
1934 2726 1944 2743 ,
1960 2703 2058 2734 Primo
2075 2703 2132 2733 Die
2143 2702 2231 2742 Junii.

2070 2783 2122 2811 Per
2134 2773 2294 2810 'Concilium

1674 2908 1733 2938 Pro
1758 2903 1871 2937 David
1892 2902 2066 2937 Dunbarre.

1342 2991 1483 3052 REX,
1500 3001 1549 3028 per
1573 2990 1677 3020 Literas
1695 2989 1751 3018 suas
1774 2987 1917 3024 Patentcs,
1937 2998 1985 3026 per
2007 2989 2061 3019 Sex
2077 2988 2189 3019 Menses
2203 2988 2336 3026 proximo
2353 2989 2397 3021 fu-
2412 2992 2488 3023 Ann.
2499 2991 2540 3024 D.

1424 3039 1501 3060 turos
1518 3030 1677 3064 duraturas,
1694 3027 1807 3063 suscepit
1825 3028 1853 3056 in
1871 3027 1976 3056 {alvum
1997 3028 2030 3057 &
2054 3029 2183 3058 securum
2204 3027 2395 3059 Conductum
2430 3041 2517 3072 1423.

1339 3068 1437 3106 suum,
1454 3077 1487 3098 ac
1505 3068 1533 3096 in
1547 3065 1778 3102 protectionem,
1795 3065 1982 3103 Turnonem,
1998 3066 2031 3095 &
2045 3065 2248 3096 Defeniionem
2261 3066 2317 3096 suas
2332 3067 2392 3103 spe-
2408 3074 2460 3098 Aa.
2481 3081 2506 3099 i.

1340 3106 1436 3143 ciales,
1455 3108 1603 3135 Patricium
1626 3104 1657 3134 de
1677 3103 1786 3144 Cromby
1808 3102 1843 3133 de
1866 3104 1961 3133 scotia
1982 3102 2185 3141 Capellanum,
2203 3114 2269 3134 cum
2284 3105 2390 3136 Tribus
2407 3112 2440 3135 H.
2458 3110 2486 3138 6.

1338 3143 1530 3174 Servientibus
1549 3143 1617 3179 suis,
1630 3143 1659 3172 in
1681 3142 1815 3180 Regnum
1836 3141 1923 3179 Regis
1941 3142 2070 3180 Angliae,
2089 3143 2122 3172 ad
2146 3143 2314 3179 portandum
2329 3143 2390 3173 Au-
2405 3151 2477 3176 Scor.
2517 3156 2541 3178 i.

1337 3191 1402 3212 rum
1425 3184 1458 3213 ὃς
1481 3182 1640 3220 Argentum
1663 3180 1821 3213 Prisonario
1845 3179 1931 3218 Regis
1956 3182 2058 3210 David
2078 3180 2240 3218 Dunbarre,
2259 3182 2288 3210 in
2309 3180 2390 3212 didio
2404 3186 2544 3221 H.6.m.9.

1339 3219 1445 3259 Regno
1461 3220 1547 3258 Regis
1558 3220 1592 3250 ad
1609 3219 1724 3256 praesens
1737 3218 1879 3254 existenti,
1898 3228 1949 3254 pro
1963 3218 2094 3256 Expensis
2107 3220 2157 3249 iuis
2177 3220 2210 3249 δε
2230 3219 2288 3249 aliis
2311 3221 2393 3251 rebus
2541 3219 2544 3222 ’

1340 3258 1390 3288 sibi
1412 3259 1586 3295 necessariis,
1604 3257 1681 3287 lalvo
1701 3257 1858 3294 veniendo,
1872 3257 1905 3286 &
1922 3256 2018 3294 postea
2033 3257 2066 3286 ad
2081 3267 2168 3294 partes
2183 3257 2239 3287 suas
2253 3260 2395 3297 proprias,

1339 3297 1443 3333 absque
1459 3297 1682 3335 impedimento,
1700 3295 1757 3325 sive
1771 3295 1981 3334 perturbatione
1996 3304 2192 3334 quacumque,
2207 3297 2371 3335 redeund03

1383 3335 1501 3366 Proviso
1526 3335 1634 3372 semper
1653 3333 1731 3370 quod
1754 3333 1901 3369 praedicius
1920 3332 2072 3371 Patricius,
2088 3343 2120 3363 ac
2144 3334 2214 3364 dieti
2238 3334 2398 3365 Servientes

1339 3373 1395 3441 sui,
1412 3373 1438 3405 se
1452 3375 1524 3404 bene
1540 3375 1573 3404 &
1588 3371 1707 3402 honeste
1723 3371 1843 3402 habeant
1864 3372 1897 3402 &
1913 3381 2011 3409 gerant
2032 3381 2099 3409 erga
2115 3370 2229 3410 Regem
2249 3373 2283 3403 ὅ(
2303 3383 2395 3413 popu-

1353 3422 1404 3442 um
1421 3413 1501 3442 suum

1378 3449 1416 3480 Et
1437 3435 1589 3488 quicquam
1605 3471 1614 3486 ,
1637 3448 1716 3486 quod
1737 3449 1765 3477 in
1787 3447 1878 3485 Regis
1900 3447 1933 3479 &
1953 3446 2057 3485 Populi
2079 3449 2118 3479 sui
2141 3447 2334 3486 praejudicium
2358 3449 2395 3480 &

1341 3488 1498 3526 dampnum
1520 3488 1618 3518 cedere
1639 3487 1744 3525 valeat,
1761 3495 1822 3516 non
1843 3495 2026 3525 attemptent,
2045 3496 2091 3518 aut
2111 3487 2203 3518 facere
2218 3487 2261 3517 vel
2276 3496 2396 3525 attemp-

1342 3535 1398 3557 tare
1414 3527 1578 3564 praesumant
1592 3526 1694 3563 quovis
1711 3524 1819 3563 modo,

1380 3566 1527 3604 Quodque
1543 3564 1590 3602 ipsi
1605 3565 1695 3601 aliqua
1709 3561 1809 3593 Castra
1828 3562 1935 3600 Regis,
1954 3562 2110 3602 Fortalitia,
2127 3562 2182 3593 five
2198 3561 2285 3593 Villas
2300 3561 2397 3594 firma-

1341 3611 1382 3633 tas
1397 3604 1516 3633 minime
1534 3602 1740 3642 ingrediantur,
1758 3601 1859 3638 absque
1874 3611 1911 3631 eo
1927 3601 2007 3639 quod
2021 3603 2070 3640 ipli
2082 3601 2227 3641 praesentes
2240 3601 2329 3632 literas
2337 3602 2397 3632 Re-

1341 3643 1382 3680 gis
1404 3642 1440 3671 de
1463 3641 1549 3672 Salvo
1573 3640 1728 3670 Conduc‘ku
1746 3638 1923 3676 Capitaneis,
1940 3638 2201 3676 GubernatoribuS,
2219 3639 2275 3670 sive
2290 3639 2398 3671 Custo-

1341 3680 1422 3709 dibus
1436 3679 1603 3710 eorumdem
1617 3677 1747 3715 primitus
1761 3677 1966 3708 demonstrent.

1379 3717 1468 3748 Teste
1485 3717 1566 3757 Rege
1580 3716 1653 3756 apud
1670 3715 1927 3755 Wstmonasterium
1935 3739 1945 3754 ,
1963 3716 2100 3747 vicesimo
2113 3715 2218 3746 octavo
2232 3715 2278 3745 die
2289 3715 2380 3754 Junii.

1818 3794 1871 3822 Per
1892 3791 1995 3821 Billam
2010 3791 2042 3820 de
2056 3792 2175 3820 Privato
2191 3789 2291 3828 sigillo.

2414 3874 2491 3907 Ann.
2509 3876 2542 3909 D

1402 3936 1451 3968 De
1469 3931 1658 3976 Restitutione
1674 3932 1894 3978 Temporalium
1918 3932 2107 3977 Episcopatus
2125 3932 2325 3978 Karleoleqst‘s.
2414 3925 2529 3983 AJ4123'

1403 4026 1461 4058 EX
1481 4026 1621 4058 Escaetori
1635 4027 1684 4058 suo
1697 4029 1726 4057 in
1741 4026 1888 4056 Comitatu
1903 4025 2127 4056 Northumbriae
2137 4049 2146 4065 ,
2164 4027 2296 4059 Salutem.
2408 3993 2510 4058 ξιιμόι.

1442 4065 1522 4096 Ci'im
1544 4065 1689 4095 Dominus
1709 4069 1834 4094 Summus
1860 4063 1990 4103 Pontifex
2005 4087 2014 4102 ,
2040 4063 2238 4097 venerabilem
2262 4066 2392 4104 Patrem,
2409 4069 2537 4104 H.6.p4.

1340 4107 1383 4135 W
1382 4103 1533 4142 illielmum,
1551 4113 1640 4142 nuper
1650 4102 1845 4142 Bangorenfi’m
1860 4103 2031 4143 Epifiopum,
2047 4113 2063 4134 a
2076 4102 2283 4143 Vinculo,quo
2300 4105 2391 4173 εὶάεΕῐὲι
2408 4114 2444 4134 m.
2467 4108 2511 4134 ¹6.
