2562 4274
754 161 865 202 ET
948 163 1213 204 ACTA

47 245 176 278 Ann.D.
230 245 268 278 Et
280 247 363 277 etiam
379 246 405 276 L
415 252 465 276 EG
477 254 497 275 o
512 244 595 276 disto
607 244 726 276 Haeredi
748 245 891 284 Masculo,
916 247 952 279 ad
976 248 1151 280 Ten-ninum
1173 248 1249 280 Vitae

65 294 150 325 14¹5·

44 329 110 353 Hm.
125 334 155 361 5.

195 284 268 324 suae,
286 293 374 316 unam
390 292 519 320 magnam
532 283 679 320 Tentarn,
695 293 762 314 cum
781 284 869 323 Aula,
887 286 927 314 vi.
943 287 1099 324 Turribus,
1122 287 1156 317 &
1172 286 1250 317 Duas

195 324 280 354 Sellas
293 332 367 353 mens
382 320 520 351 bastardas
536 330 684 357 coopertas
699 322 727 351 in
747 322 854 352 Rubeo
870 322 980 355 Velwet
992 348 1001 362 ,
1027 336 1095 356 cum
1118 325 1196 356 Sellis
1216 327 1248 357 ὃς

195 362 277 392 omni
292 361 432 398 Apparatu
447 369 499 397 pro
512 358 737 397 Hastiluderido,
755 359 797 390 Ita
811 368 904 391 tamen
921 365 1000 401 quOd
1022 365 1120 395 omnia
1150 364 1251 400 praedi-

196 401 259 437 (sta,
274 407 334 429 tam
350 398 386 428 de
402 397 555 428 Armaturis
571 400 657 434 quam
671 397 706 427 de
719 398 815 439 Sellis,
835 401 868 430 &
884 400 940 430 aliis
956 403 1035 433 rebus
1054 412 1110 440 pro
1126 401 1250 432 Hastilu-

197 437 307 474 dendO,
326 438 434 474 integre
452 446 614 467 remaneant
628 436 796 467 Haeredibus
814 439 900 476 meis,
917 449 969 476 pro
984 439 1151 471 Munitione
1165 441 1252 471 alicu-

195 477 239 512 jus
254 474 424 512 Fortalitiae,
441 474 513 513 apud
533 474 653 514 Clyfton
670 475 714 504 vel
728 476 793 505 alibi
811 477 851 513 (si
867 477 936 508 Deo
953 478 1095 516 placuerit)
1116 479 1252 516 facienda,

194 513 300 553 absque
316 511 489 543 Venditione
501 515 543 544 vel
561 513 738 544 Alienatione
753 524 938 554 quacumque.

234 551 278 582 Ιτ
289 560 305 580 Ε
318 559 363 590 M,
382 551 408 581 L
417 561 436 581 Ε
447 561 468 582 G
477 562 497 582 o
514 550 556 581 illi
563 575 574 590 ,
590 555 636 591 qui
651 551 702 581 vel
710 563 769 591 quae
782 557 834 582 erit
847 556 943 584 Haeres
951 566 1022 584 meus
1030 564 1158 594 ternpore
1168 554 1252 585 Mor-

195 591 232 621 tis
242 593 368 620 Domine
384 593 488 619 Man-js
500 601 563 619 meae
579 593 726 627 Margert'ae
738 593 864 621 Dominae
881 592 904 621 le
919 596 996 631 Scrop
1013 594 1166 632 (videlicet)
1187 593 1252 631 post

197 627 356 659 Deceffum
369 629 451 667 ipsius
470 631 632 665 Margeriae,
651 638 750 658 ornnes
774 629 878 661 Libros
903 630 1028 668 Capellae
1043 655 1052 670 ,
1070 633 1119 663 libi
1147 634 1179 663 ὃς
1201 633 1254 661 mi-

198 668 267 705 chi,
284 677 332 705 per
352 667 461 697 dieium
485 666 650 696 Dominum
675 667 787 697 Patrem
808 679 923 706 mcum,
948 670 1068 709 Legatos
1082 693 1091 708 ,
1110 681 1142 700 ac
1165 680 1254 700 unum

197 705 395 736 Portoforium
408 705 442 735 &
458 704 563 735 Unum
579 705 692 736 Missale
704 706 738 737 de
753 707 801 736 usu
816 706 944 738 Eborum
954 731 963 746 ,
983 710 1013 739 ὃ(
1031 719 1121 740 unum
1134 708 1254 738 Librum

197 745 236 813 (ἐξ
251 744 323 812 νὲἓιε
337 742 508 787 δεηέῖοωη]
526 745 553 774 in
569 743 702 782 Gallicis,
720 745 883 777 habendum
905 747 938 777 ad
961 755 1052 781 totam
1075 748 1163 778 vitam
1184 746 1254 777 dieti

233 792 271 811 aer
309 791 414 819 isme13

234 820 276 850 Ita
288 828 382 850 tamen
397 820 495 859 quod,
512 821 575 859 post
591 821 748 852 Decess'um
762 822 843 860 ipfius
862 822 993 853 Haeredis
1007 843 1017 859 ,
1042 830 1101 853 tota
1122 822 1257 860 praedidia

198 857 368 897 Armatura‚
387 860 440 889 una
454 869 520 889 cum
537 860 674 899 praedietis
692 860 782 890 Libris
796 860 831 889 de
847 860 977 899 Capella,
995 862 1028 891 &
1049 862 1138 892 tribus
1164 861 1257 890 Libris

223 897 357 935 raediffis,
377 898 482 936 integre
497 907 656 928 remaneant
682 898 800 928 Haeredi
825 898 894 929 dicti
913 897 1043 929 Haeredis
1063 902 1139 937 mei,
1157 899 1258 938 absque

199 907 375 967 Venditione
389 937 434 966 vel
448 936 625 967 Alienatione
639 945 828 974 quacumque.

239 974 370 1011 ITEM,
389 975 475 1005 Li-:G
486 984 506 1004 ο
520 978 635 1004 Domina
648 977 713 1011 Regi
727 997 736 1011 ,
762 975 810 1016 qui
833 984 886 1013 pro
908 983 1040 1012 tempore
1061 975 1161 1013 fuerit,
1183 974 1256 1007 Ima-

221 1012 298 1043 inem
314 1013 402 1043 beatae
419 1012 520 1043 Mariae
537 1013 573 1043 de
587 1012 683 1050 Auro,
702 1014 860 1050 garnilatam
875 1023 942 1043 cum
959 1013 1058 1045 Balifiis
1077 1016 1110 1046 ὅς
1133 1014 1256 1052 Paruli53

221 1052 343 1087 umiliter
356 1051 510 1092 supplicans
529 1060 558 1080 ut
571 1050 603 1080 sit
618 1051 710 1081 bonus
726 1051 871 1082 Dominus
881 1053 913 1083 ὅς
928 1052 1069 1091 gratiosius
1079 1053 1185 1092 Uxori,
1195 1054 1256 1083 Do-

199 1091 288 1120 minae
303 1090 389 1120 Matri
406 1099 496 1125 mma,
513 1090 546 1119 ὃς
562 1088 681 1120 Haeredi
697 1099 771 1121 meo.

236 1127 282 1158 IT
292 1137 309 1158 Ε
322 1137 367 1165 Μ,
385 1128 411 1157 L
421 1137 438 1158 E
449 1137 499 1157 Go
515 1129 631 1157 Henrico
646 1127 770 1166 Episcopo
786 1130 939 1167 Wyntmiae
955 1139 1044 1162 unum
1061 1139 1178 1169 parvum
1186 1129 1258 1161 Por-

200 1167 384 1203 topborium,
404 1176 573 1206 coopertum
589 1167 617 1196 iti
633 1167 732 1197 blodio
748 1166 873 1206 Velwet,
897 1169 975 1206 quod
995 1168 1140 1208 quondam
1164 1172 1258 1198 Domi-

199 1216 250 1235 nus
263 1203 432 1243 Glaucestriae
447 1205 536 1235 michi
551 1204 635 1235 dedit.

235 1242 282 1273 Izi·
292 1251 310 1272 Ε
320 1251 365 1281 Μ,
384 1243 410 1274 L
420 1253 438 1273 Ε
448 1253 469 1273 G
478 1253 498 1273 o
511 1246 626 1274 Domino
642 1247 740 1273 comiti
750 1244 886 1284 Dorfttiae
902 1255 991 1276 unum
1008 1245 1129 1276 Librum
1142 1245 1178 1275 de
1193 1244 1258 1274 Me-

195 1280 395 1319 dimtionibus‚
415 1292 585 1322 coopertum
600 1283 629 1312 in
645 1282 720 1313 veste
743 1284 828 1314 rubea
847 1283 884 1313 de
908 1283 992 1315 Auro
1017 1285 1053 1314 de
1078 1283 1184 1322 Cipre,
1203 1294 1255 1322 pio

196 1319 442 1350 Remenibrantia.

236 1356 282 1388 IT
293 1368 310 1389 Ε
319 1367 346 1389 Μ
356 1381 365 1396 ,
386 1358 412 1389 L
422 1368 440 1388 E
453 1368 474 1389 G
484 1369 504 1389 ο
521 1361 637 1389 Domino
656 1358 768 1389 Thomae
792 1358 927 1400 Langeley
941 1383 950 1397 ,
974 1360 1115 1399 Episcopo
1139 1359 1258 1390 Dunol-

199 1396 307 1435 menti,
323 1407 411 1427 unum
429 1398 551 1427 Librum
567 1398 602 1428 de
618 1397 852 1428 Meditationibus
863 1421 872 1435 ,
889 1399 937 1436 qui
953 1399 1054 1439 incipit
1070 1403 1123 1436 ilc,
1138 1402 1203 1428 Cum
1213 1398 1258 1427 bo-

200 1447 240 1466 na
259 1443 397 1465 averttura
416 1446 472 1465 cum
487 1435 624 1474 Fufiam,
641 1445 694 1476 pro
712 1436 957 1467 Remembrancia.

235 1473 278 1503 IT
290 1483 308 1503 Ε
317 1483 345 1505 Μ
354 1497 364 1513 ,
383 1474 410 1505 L
422 1483 440 1505 Ε
449 1484 472 1504 G
482 1484 502 1505 o
513 1477 639 1504 Domina-³
655 1475 687 1504 de
700 1477 746 1504 Dr
757 1485 808 1512 eu,
828 1475 915 1505 Matri
941 1485 1012 1506 meae
1025 1497 1035 1513 ,
1053 1484 1142 1505 unum
1166 1474 1258 1506 Mase-

201 1512 295 1550 rium,
313 1522 369 1544 coo
418 1521 482 1543 tum
497 1522 565 1543 cum
582 1512 676 1550 Pede,
694 1514 728 1545 &
740 1485 873 1544 fiorduris
885 1515 1019 1552 argenteis
1033 1515 1066 1546 ὃς
1088 1515 1259 1551 deauratum,

200 1551 236 1582 &
250 1549 348 1581 blodio
389 1551 478 1581 omell
493 1552 523 1581 in
541 1551 723 1589 Summitate,
743 1553 776 1584 &
790 1562 807 1581 i.
830 1551 1009 1583 Tabellatam
1033 1553 1068 1582 de
1088 1553 1170 1583 Auro
1190 1562 1223 1583 cc
1236 1562 1257 1582 n

198 1589 213 1619 1
279 1589 326 1618 ine
343 1590 436 1621 beatae
451 1589 552 1620 Mariae
566 1589 618 1620 Vir
639 1591 707 1625 inis,
727 1591 760 1620 ὃς
777 1600 839 1621 ante
853 1590 1009 1629 Imaginem
1025 1614 1035 1628 ,
1060 1592 1093 1621 ὃ(
1115 1592 1133 1620 i.
1158 1590 1257 1629 Birall,

197 1627 234 1658 &
289 1627 333 1657 rso
353 1628 497 1665 Sculptam
519 1637 588 1658 cum
628 1630 741 1668 magine
766 1628 863 1660 Sanffi
885 1629 1058 1660 Christofori
1073 1652 1083 1668 ,
1104 1630 1137 1662 δί
1165 1640 1254 1660 unum

199 1675 338 1706 magnum
350 1666 622 1697 Parlinchiaminum
638 1666 674 1697 de
687 1667 850 1698 melioribus
865 1668 968 1707 absque
983 1667 1096 1708 Rcyns,
1114 1669 1147 1699 ὃς
1165 1678 1256 1699 unum

193 1712 318 1743 parvum
335 1704 458 1735 Librum
469 1713 605 1736 vocaturn
621 1705 764 1745 Virginal,
786 1712 956 1744 coopertum
984 1708 1014 1738 in
1037 1706 1135 1737 blodio
1156 1706 1255 1737 Panno

197 1742 235 1773 de
252 1743 331 1774 Auro
344 1743 380 1773 de
396 1743 500 1783 Cipre,
520 1745 554 1774 &
569 1754 660 1775 unum
680 1746 801 1776 Librum
815 1745 851 1775 de
864 1744 999 1782 Gallicis,
1017 1747 1065 1782 qui
1081 1746 1190 1783 incipit,
1198 1749 1254 1775 Car

197 1789 259 1813 tout
276 1785 317 1812 ori
323 1781 377 1820 soli
399 1793 449 1823 que
472 1783 548 1813 home
569 1782 624 1821 fait
642 1783 673 1812 de
687 1783 800 1820 bouche,
819 1783 852 1814 &
867 1794 956 1814 unum
974 1784 1095 1814 Librum
1120 1793 1254 1815 vocatum

197 1819 358 1858 Apocalipsi
376 1822 406 1850 iri
418 1821 526 1853 Latinis
539 1823 573 1853 &z
587 1821 705 1852 Gallicis
715 1823 790 1852 bene
803 1822 991 1853 illuminatum
1010 1832 1180 1860 coopertum
1187 1833 1256 1852 cum

199 1858 301 1889 Panno
317 1860 428 1896 Lineo,
445 1860 478 1890 &
495 1861 515 1889 i.
528 1860 682 1899 pulchrum
696 1861 818 1892 Librum
831 1861 866 1893 de
883 1859 1032 1892 Matutinis
1048 1862 1081 1892 ὅ(
1103 1862 1160 1893 aliis
1183 1862 1257 1891 Ora-

197 1898 324 1928 tionibus
341 1907 514 1935 coopertum
535 1908 604 1930 cum
620 1898 721 1929 Panno
734 1899 828 1936 lineo,
847 1901 880 1930 δε
894 1900 1012 1938 incipit,
1029 1903 1172 1929 Invocatio
1199 1902 1256 1929 Pa-

200 1935 302 1971 tris&
315 1935 378 1966 Filu'
391 1934 430 1972 ό
445 1937 561 1975 Spiritzis
581 1938 693 1976 sandi,
712 1938 745 1968 ὅτ,
765 1939 784 1966 i.
804 1937 946 1975 Tapetem
972 1946 1103 1969 vocatam
1125 1936 1258 1977 Carpette

201 1973 353 2005 habentem
370 1976 397 2005 ii.
419 1974 519 2015 Virgas
534 1976 565 2006 in
581 1975 790 2014 Longitudine,
808 1977 840 2006 &
855 1978 872 2005 i.
888 1976 1002 2015 Virgam
1019 1976 1259 2008 &Dimidiamin

158 2028 163 2031 .
201 2012 386 2051 Latitudine‚
401 2014 435 2044 ὃ(
450 2014 470 2042 i.
483 2013 519 2043 de
532 2016 622 2051 parvis
645 2013 785 2052 Carpetu's
798 2038 808 2053 ,
834 2014 869 2045 &
892 2016 911 2045 i.
931 2014 1105 2046 Mantellum
1125 2014 1160 2046 de
1181 2014 1259 2047 Albo

65 2856 83 2873 ⁴*
101 2861 154 2889 ix.

65 2901 129 2934 ²77·

200 2051 300 2089 frefid,
318 2061 371 2091 pro
384 2050 636 2083 Remembrancia.

239 2089 254 2125 I
265 2098 288 2121 ’r
298 2098 352 2120 ΕΜ
360 2112 370 2128 ,
385 2089 413 2120 L
422 2099 440 2120 E
450 2099 474 2120 G
482 2100 503 2120 o
522 2093 638 2120 Hmrico
650 2093 766 2121 Domino
780 2093 847 2121 Fitz
856 2090 949 2130 Hugh,
957 2090 1177 2131 Consangnineo
1184 2102 1261 2130 meo,

200 2138 291 2159 unum
309 2128 430 2159 Librum
446 2130 494 2168 qui
509 2130 624 2168 incipit,
645 2133 712 2159 Cum
726 2129 812 2160 Libro
825 2137 922 2160 vocato
938 2129 1083 2167 Sintillar,
1102 2131 1136 2161 &
1154 2131 1184 2160 in

198 2168 363 2197 continetur
378 2167 543 2198 incendium
560 2168 691 2206 Amoris,
705 2178 792 2208 quem
807 2168 957 2199 Richardus
974 2172 1118 2199 Heremita
1138 2179 1260 2209 compo-

198 2205 270 2243 suit,
286 2207 322 2236 &
336 2215 425 2236 unum
443 2206 623 2245 Quat-eruum
631 2229 642 2245 ‚
657 2217 776 2245 parvum
787 2229 796 2245 ,
811 2207 841 2243 tn
855 2217 914 2245 quo
936 2208 1097 2239 continetur
1119 2209 1257 2244 expositio

201 2243 282 2281 super
295 2243 456 2283 Judicqssme
481 2248 556 2276 Deus
569 2268 579 2284 ,
604 2245 684 2284 quod
706 2244 860 2276 Richardus
882 2248 1026 2276 Heremita
1047 2247 1208 2284 composuit
1227 2248 1261 2278 &

201 2280 332 2319 scripsit,
349 2292 402 2319 pro
414 2282 670 2315 Remembrancia.

242 2318 289 2349 ΙΤ
299 2329 318 2350 Ε
328 2328 356 2349 Μ
376 2320 493 2351 Leon
509 2322 664 2353 Avunculo
680 2332 747 2352 meo
761 2325 878 2356 Domino
893 2322 925 2352 de
943 2322 1027 2353 Welle
1049 2332 1137 2354 unum
1158 2331 1207 2359 par
1226 2320 1263 2352 de

205 2359 291 2389 Pater
309 2360 356 2388 No
379 2369 408 2388 er
420 2359 457 2389 de
475 2359 571 2398 Auro,
586 2371 655 2391 cum
671 2360 789 2391 Gaudiis
804 2361 840 2392 de
855 2360 972 2392 Curallo
987 2384 997 2400 ,
1022 2362 1055 2393 ὃς
1080 2362 1098 2391 i.
1116 2360 1260 2391 Firmacu-

204 2396 266 2428 lum
283 2396 319 2427 de
361 2407 430 2436 uro,
449 2406 502 2435 pro
515 2398 764 2429 Remembrancia.

244 2434 288 2465 Ιτ
299 2444 317 2465 Ε
328 2444 372 2474 Μ,
393 2435 419 2466 L
429 2445 448 2466 E
457 2445 479 2466 G
488 2446 508 2466 o
524 2440 649 2468 Domina
662 2437 836 2468 Elizabethae
850 2436 875 2468 le
896 2441 975 2477 scrop
997 2437 1158 2469 Materterae
1179 2446 1264 2476 meae,

203 2483 294 2505 unum
307 2474 448 2505 Rotulum
463 2485 531 2505 cum
548 2485 596 2506 xv.
614 2474 732 2506 Gaudiis
746 2475 822 2506 bene
838 2476 985 2515 depidtum
995 2477 1045 2514 ,&
1063 2477 1081 2506 i.
1098 2476 1150 2506 Par
1164 2475 1199 2505 de
1207 2477 1264 2504 Pa-

203 2519 248 2542 ter
262 2512 363 2551 Noster
378 2513 414 2542 de
426 2514 532 2544 curallo
546 2524 614 2545 cum
631 2514 750 2548 Gaudiis
767 2514 802 2545 de
817 2514 964 2553 Annibi-e,
979 2524 1047 2545 cum
1063 2516 1081 2544 i.
1101 2514 1264 2545 Firmaculo

205 2560 295 2590 parvo
309 2551 344 2580 de
361 2550 442 2581 Auro
453 2574 462 2589 ,
479 2561 531 2589 pro
546 2552 795 2584 Remembrancia.

237 2587 254 2621 I
263 2597 313 2619 τΕ
323 2596 368 2626 Μ,
385 2592 513 2624 Daminae
530 2590 674 2629 Johannae
688 2591 721 2622 de
737 2590 922 2630 Swillington‚
940 2589 1171 2627 Consanguineae
1183 2600 1265 2627 mere,

205 2637 298 2660 unum
309 2636 436 2673 'parvum
453 2628 585 2668 Nouch,
604 2630 711 2660 habens
727 2630 800 2661 intus
819 2631 837 2659 i.
861 2628 1005 2660 Catellum
1025 2630 1138 2668 album,
1157 2639 1224 2659 curn
1246 2631 1264 2658 i.

206 2665 295 2696 Safiro
311 2676 417 2705 parvo,
437 2667 470 2697 &
489 2677 626 2707 magnum
644 2668 698 2700 Par
717 2668 753 2698 de
772 2670 859 2698 Pater
876 2667 976 2708 Noster
989 2667 1024 2698 de
1036 2667 1102 2698 albo
1120 2668 1265 2704 Aumbre,

204 2713 263 2744 pro
282 2703 532 2741 Remembrancia.

246 2741 284 2772 Et
302 2742 476 2776 Elizabethae
492 2743 612 2783 Lovell,
631 2744 729 2775 Sorori
742 2753 814 2775 meze
849 2745 866 2773 i.

881 2743 1036 2775 Tracleere
1050 2744 1224 2783 Argenteum
1233 2743 1266 2773 δε

208 2781 390 2820 deauratum,
408 2792 476 2813 cum
491 2783 578 2814 costis
590 2784 626 2814 de
642 2783 736 2821 Birall,
754 2793 807 2823 pro

822 2767 1073 2815 kemembrancia.

245 2819 291 2851 [Τ
299 2828 319 2853 E
330 2828 358 2852 M
366 2842 376 2858 ,
395 2820 421 2851 L
431 2830 451 2853 E
460 2830 485 2851 G
493 2830 512 2850 o
524 2821 661 2860 Stephano
674 2824 771 2852 Fratri
785 2832 841 2852 meo
850 2844 859 2859 ‚
877 2821 1090 2852 Archidiacono
1104 2820 1270 2851 Richmun-

208 2858 281 2897 diae,
299 2868 390 2890 unum
405 2859 460 2890 Par
474 2859 659 2890 Tabellarum
684 2869 828 2891 cereatum
850 2859 884 2890 de
902 2860 1031 2900 Argento
1050 2860 1069 2878 *
1091 2859 1270 2896 deauratum,

209 2898 244 2930 &
257 2907 348 2929 unum
365 2896 491 2928 Librum
505 2897 541 2929 de
555 2897 677 2931 Omeliis
696 2898 792 2930 SanCti
820 2898 959 2937 Georgii,
985 2900 1019 2930 δε
1041 2898 1127 2928 alium
1150 2897 1270 2927 Librum

210 2937 247 2966 de
263 2935 384 2966 omeliis
395 2935 492 2966 Sancti
511 2936 660 2974 Remigii,
678 2938 712 2969 &
727 2936 814 2966 aliurn
830 2936 950 2967 Librum
965 2937 1000 2968 de
1014 2936 1136 2966 Omeliis
1156 2945 1271 2965 venera-

213 2974 274 3004 bilis
286 2974 367 3005 Bedae
379 2973 551 3013 Praesbiteri,
569 2976 603 3006 &
619 2985 708 3005 unum
724 2974 844 3004 Librum
861 2975 897 3005 de
910 2974 1145 3005 Revelationibus
1158 2974 1270 3005 Satm‘tae

212 3011 349 3050 Bridgidae
365 3012 491 3050 Virginis
503 3023 588 3052 quem
603 3015 659 3044 emi
679 3013 833 3052 Beverlaci,
850 3023 902 3051 pro
918 3011 1166 3044 Remembrancia.

249 3049 264 3079 I
274 3058 297 3079 T
308 3059 326 3079 E
335 3058 362 3080 M
371 3073 381 3088 ,
398 3050 424 3081 L
437 3049 456 3082 Ἐ
466 3060 489 3082 G
498 3062 518 3082 ο
529 3051 658 3090 Johanni
675 3050 700 3081 le
719 3054 813 3090 Scrop,
837 3054 934 3081 Fratri
954 3063 1009 3081 meo
1024 3074 1033 3090 ‚
1056 3061 1146 3081 unum
1168 3050 1267 3081 Psilte-

213 3088 287 3118 rium
303 3089 590 3127 novumgloflatum,
607 3091 820 3128 elumpnatum,
839 3100 906 3120 cum
926 3089 1021 3120 Armis
1037 3091 1108 3120 meis
1122 3090 1154 3120 &
1184 3089 1272 3119 Uxo-

214 3128 249 3157 ris
267 3135 355 3164 meae,
373 3127 406 3158 δι
425 3127 460 3157 de
477 3129 534 3158 aliis
551 3128 634 3159 Bonis
653 3130 721 3159 meis
740 3129 774 3158 ad
794 3128 919 3159 valorem
935 3128 991 3158 xll.
1006 3128 1040 3159 ad
1055 3128 1131 3159 suam
1150 3127 1273 3159 Elettio-

214 3175 283 3196 nem
297 3187 307 3202 ,
322 3165 357 3195 ὅτ.
372 3165 526 3195 secundum
539 3166 747 3206 dispositionem
763 3166 958 3197 Executorum
972 3176 1114 3198 meorum.

253 3202 300 3234 IT
310 3211 328 3232 Ε
339 3211 384 3241 Μ,
404 3203 430 3233 L
439 3212 458 3233 E
468 3212 491 3233 G
500 3213 520 3233 o
537 3207 624 3234 Sorori
642 3213 704 3235 meae
723 3205 859 3244 Matildi,
876 3204 1037 3236 Minorissae
1051 3204 1224 3241 Londoniae,
1242 3215 1275 3235 u-

216 3252 284 3272 nam
300 3251 413 3280 parvam
429 3242 572 3272 Tabulam
591 3241 773 3281 Eburneam,
791 3243 935 3283 Sculptam
950 3254 1019 3274 cum
1043 3243 1228 3282 Imaginibus,
1240 3245 1274 3274 &

217 3290 309 3310 unum
321 3289 440 3319 parvum
458 3279 579 3310 Librum
596 3290 664 3310 curn
684 3281 834 3312 Matutinis
846 3286 883 3312 de
903 3281 999 3313 Cruce
1019 3291 1189 3319 coopertum
1206 3291 1273 3311 cum

217 3329 315 3357 panno
333 3319 369 3349 de
386 3318 484 3348 Serico
500 3318 598 3356 viridi,
612 3320 650 3350 ὃς
671 3320 691 3349 i.
705 3330 825 3357 parvum
838 3321 957 3351 Librum
982 3331 1050 3353 cum
1072 3319 1221 3351 Matutinis
1240 3320 1276 3351 de

219 3356 417 3395 compaffione
434 3356 536 3387 Mariae
548 3355 671 3395 Virginis
682 3358 715 3388 &
728 3367 796 3388 cum
813 3358 961 3389 Matutinis
977 3360 1014 3390 de
1032 3359 1182 3396 Trinitate,
1199 3359 1231 3388 &
1243 3370 1276 3389 u-

209 3405 294 3430 ,num
312 3396 454 3427 Rutulum
468 3395 520 3435 ¹qui
536 3395 635 3432 incipit
652 3406 709 3426 mm
722 3399 874 3427 Matutinis
888 3398 995 3428 Sanaae
1013 3399 1121 3436 Annae,
1139 3398 1172 3428 δε
1187 3406 1276 3427 unum

219 3434 342 3466 Librum
356 3436 386 3465 in
402 3434 610 3473 Angiicis,.qui
628 3442 746 3464 vocatur
763 3434 895 3466 stimulus
908 3434 1070 3474 confiientiae
1080 3459 1089 3474 ,
1106 3444 1275 3473 coopertum

219 3476 250 3506 in
265 3475 331 3506 albo
346 3473 455 3511 Coi-io,
473 3475 505 3505 &
523 3474 540 3503 i.
563 3481 676 3511 parvam
700 3470 829 3504 Crucem
842 3473 875 3503 ad
891 3474 1071 3513 pendendum
1086 3483 1157 3504 cum
1174 3473 1276 3513 Imagi-

220 3512 384 3544 ne'Christi
401 3512 494 3550 supra,
512 3511 549 3542 de
562 3511 645 3542 Auro
654 3509 703 3541 'xl.
723 3520 776 3547 pro
796 3511 1044 3544 Remembrancia.

255 3550 271 3582 I
281 3561 305 3583 τ
315 3561 333 3582 Ε
343 3560 388 3589 Μ,
408 3551 434 3581 L
444 3559 464 3580 Ε
473 3560 524 3581 Go
542 3548 691 3580 Willielmo
705 3551 802 3579 Fratri
811 3561 870 3581 meo
886 3551 904 3580 i.
923 3549 977 3581 Par
993 3551 1030 3581 de
1044 3552 1131 3581 Pater
1149 3550 1234 3590 noster
1241 3550 1277 3581 de

206 3588 296 3622 -Geoe
316 3590 431 3627 geinsed
445 3611 456 3628 ‚
481 3599 553 3620 cum
578 3587 696 3620 Gaudiis
718 3587 882 3619 deauratum
897 3610 907 3627 ‚
931 3590 1080 3627 quondam
1104 3592 1228 3618 Dammae
1253 3589 1277 3619 le

207 3631 296 3668 Scrop
312 3630 386 3660 Avae
398 3638 489 3666 ma,
500 3629 537 3660 &
555 3628 575 3657 i.
590 3636 710 3665 pai-vum
727 3625 894 3658 Tablettum
913 3627 1065 3658 rotundum
1081 3627 1118 3658 de
1136 3627 1216 3658 Auro
1233 3629 1277 3657 ni-

218 3675 272 3706 gro
289 3669 321 3700 &
339 3669 448 3707 rubeo,
467 3668 502 3698 &
517 3675 606 3698 uriam
630 3664 751 3696 Bibliam
780 3674 945 3704 coopertam
963 3666 991 3696 in
1010 3666 1098 3697 rubeo
1116 3664 1226 3703 Corio,
1242 3667 1278 3697 &

210 3706 297 3738 :alios-
312 3704 396 3738 Duos
420 3705 526 3736 Libros
546 3706 642 3735 bonos
661 3703 817 3735 secundum
847 3703 1054 3741 dispositionem
1085 3703 1277 3734 Executorum

212 3753 370 3784 nieorum,
384 3745 421 3776 &
439 3745 458 3774 i.
478 3743 651 3775 Mantellum
669 3743 806 3774 furiatum
831 3742 867 3772 de
892 3742 1033 3782 Menyver
1074 3742 1118 3784 vel
1148 3742 1277 3780 Longam

218 3781 357 3822 Togam,
371 3783 409 3814 ὅτ.
429 3784 446 3813 i.
466 3792 584 3823 parvum
602 3781 813 3813 Vestimentum
831 3780 985 3811 secundum
1001 3765 1213 3818 dispositionem
1234 3781 1277 3810 di-

212 3821 338 3890 {mru'm
356 3821 552 3857 Executorum
569 3829 674 3860 ,cum
692 3820 710 3850 i.
734 3818 832 3850 Calice
849 3827 980 3858 argenteo
999 3819 1032 3851 &
1051 3818 1200 3857 deaurato,
1226 3829 1278 3859 pro

257 3861 474 3890 emembrancia.

209 3916 213 3917 ν
261 3897 393 3934 ITEM,
411 3897 554 3929 AEamrae
570 3900 647 3928 Seint
662 3895 759 3935 John,
777 3895 1001 3934 Consangiiineae
1013 3904 1103 3933 meae,
1120 3895 1140 3925 i.
1159 3904 1277 3935 parvum

222 3935 354 3975 Nouche
369 3935 405 3968 de
425 3936 522 3973 Auro,
536 3946 590 3975 pro
607 3935 857 3967 Remembrancia.
1256 3973 1262 3977 ¹

210 3976 213 3977 ⁷
260 3974 389 4012 ΙτΕΜ,
409 3974 525 4004 LEGo
541 3975 643 4013 Nepoti
657 3984 713 4003 meo
730 3972 833 4011 Frevyl
849 3974 867 4002 i.
887 3972 998 4003 bonum
1018 3970 1201 4009 Nouche,&
1217 3982 1277 4002 cui-

221 4013 292 4044 libet
309 4012 572 4046 suatur-nstitutum
589 4012 745 4050 Nepouim
763 4020 909 4051 mearum,
922 4019 970 4049 aut
981 4011 1002 4041 i.
1020 4009 1174 4053 Nouche,
1194 4020 1242 4042 aut
1258 4013 1278 4041 i'.

206 4050 409 4089 ·Tab1etturn‚
425 4058 472 4081 aut
489 4050 682 4082 Firmaculum
700 4050 736 4081 de
754 4049 841 4080 Auro.

1300 163 1773 214 PUBLICA.
2277 192 2350 232 133

1331 249 1374 279 Ιτ
1387 259 1456 295 ΕΜ,
1476 251 1678 297 ansizrrguiqzeis
1697 258 1779 294 meis,
1799 256 1918 289 Filiabus
1937 257 2058 289 Domini
2070 260 2211 298 Johannis
2226 261 2250 291 le
2259 266 2346 301 Smp,

1294 288 1438 318 Avunculi
1456 299 1510 318 mei
1528 291 1692 334 (qyidelicet)
1711 295 1826 326 cuilibet
1840 297 1958 335 illarum,
1979 308 2067 329 unum
2089 299 2200 329 bonum
2219 301 2342 331 Aniluiii

1290 326 1324 356 de
1346 328 1424 371 Auno
1436 350 1445 363 ,
1462 328 1505 357 vel
1527 328 1723 361 firmaculum.

1331 363 1366 394 Et
1384 366 1610 404 Lonsanguineae
1629 378 1699 399 mete
1714 370 1852 401 Dominae
1881 372 2012 403 Matildae
2034 375 2168 406 Skidmore
2187 377 2206 406 i.
2225 387 2344 414 parvum

1294 405 1390 439 Agnus
1407 407 1457 433 Dei
1474 404 1510 434 de
1529 405 1626 442 Auro,
1644 408 1676 436 &
1695 418 1782 438 unum
1804 410 1928 440 Anulum
1947 412 1982 443 de
2001 413 2086 443 Auro.

1308 479 1312 484 .
1331 440 1456 484 l'rtzlxi,
1471 441 1574 486 Sibelsae
1591 443 1624 472 de
1644 445 1718 475 Bello
1737 450 1832 485 Campo
1849 459 1936 478 unum
1959 450 2124 482 Prinieriuin
2145 462 2212 483 cum
2243 452 2341 484 Mani-

1293 486 1357 508 tinis
1377 480 1464 510 beatae
1481 480 1582 510 Mai‘iae
1601 481 1721 521 Virginis
1737 485 1764 513 iii
1783 486 1897 524 Anglici
1913 509 1921 524 ,
1941 498 1990 524 pro
2006 487 2255 522 Retitembrancia.

1331 516 1365 547 Et
1382 520 1485 547 Mariae
1502 519 1642 549 Mali-'vere
1657 532 1745 551 unum
1762 522 1887 553 Anulum
1913 527 2036 556 Aureum
2051 551 2060 566 ,
2079 531 2110 560 ὅ(
2138 540 2224 559 unum
2250 529 2346 561 Rotu-

1294 554 1354 584 lum
1368 566 1436 600 curn
1453 557 1636 589 Orationibus
1652 559 1778 590 dicendis
1792 561 1825 591 ad
1843 561 1976 601 Musam,
1995 575 2060 594 curn
2076 568 2092 596 i.
2108 569 2181 606 migr:
2201 568 2300 607 Capita,
2311 570 2344 598 &

1295 603 1384 623 unum
1401 594 1522 626 Librum
1547 597 1656 627 bonum
1679 599 1708 628 in
1730 598 1847 629 Gallicis
1867 600 1899 630 ad
1923 601 2130 639 dilpositionem
2152 606 2346 637 Executoium

1293 641 1434 661 meorum.

1335 669 1372 700 Et
1394 669 1527 701 Domino
1548 673 1706 703 Halnatlteo
1730 673 1870 705 Malivere
1893 686 1981 706 urium
2006 678 2107 710 Cornu
2128 682 2223 713 album
2238 706 2248 721 ,
2272 684 2347 714 bene

1296 706 1470 739 hernesatum
1486 719 1553 739 cum
1570 712 1695 749 Argento
1710 713 1839 743 deaurato
1856 724 1923 744 curn
1939 717 2021 754 nigro
2035 718 2106 749 tissu.

1335 745 1460 785 ITEM,
1477 747 1604 786 Galfi‘ia'o
1622 754 1729 787 Savage
1750 761 1834 781 unam
1860 753 1967 783 bonam
1991 755 2104 794 Togam
2125 757 2293 794 duplicatam
2314 761 2350 793 de

1298 783 1379 851 ‘Isana
1400 785 1434 815 ad
1462 785 1675 824 dispolitionem
1698 790 1890 820 Executorum
1913 801 2043 823 meorum
2066 794 2111 824 vel
2136 797 2260 826 valorem
2281 800 2349 838 ejus-

1318 832 1374 852 em.

1338 860 1377 890 Et
1391 859 1525 891 Domino
1537 862 1667 900 Johanni
1681 865 1770 894 Broke
1785 867 1803 896 i.
1822 876 1940 903 parvum
1969 868 2022 897 Par
2045 868 2081 899 de
2101 873 2187 900 Pater

1301 898 1396 929 Curall
1411 909 1478 929 cum
1495 899 1613 944 Gaudiis
1627 903 1663 934 de
1682 905 1762 934 Auro
1777 927 1787 943 ‚
1811 906 1843 935 δε
1866 907 1884 935 i.
1908 906 2099 938 Firniaculum
2122 909 2157 938 de
2178 910 2205 940 A

1299 936 1547 969 Remembrancia.
1584 966 1593 974 N

1339 976 1351 1006 1
1364 985 1412 1023 TE
1424 984 1469 1015 M,
1487 977 1620 1022 Rifhardo
1635 978 1667 1008 de
1681 982 1791 1010 Norton
1805 991 1888 1011 unam
1903 982 2010 1013 bonam
2020 983 2137 1015 Vestem
2152 985 2188 1016 de
2201 985 2352 1027 Baudekyn

1300 1012 1335 1043 de
1352 1015 1454 1083 (Akte,
1472 1017 1504 1046 &
1522 1027 1539 1046 1.
1556 1015 1685 1055 Ciphum
1700 1028 1860 1057 angenteum
1874 1030 1942 1051 cum
1957 1024 2132 1060 cooperculo
2147 1025 2249 1063 absque
2266 1025 2353 1066 Pede,

1300 1053 1334 1083 ὃς
1349 1064 1375 1084 ν,
1417 1053 1521 1091 lamas,
1541 1065 1592 1092 pro
1609 1056 1857 1089 Remembrancia.

1335 1090 1379 1121 IT
1391 1100 1408 1121 Ε
1420 1100 1464 1130 Μ,
1484 1092 1509 1122 L
1519 1103 1535 1123 E
1545 1104 1567 1123 G
1577 1104 1595 1123 ο
1613 1094 1744 1125 Richardo
1761 1095 1880 1137 ld'yvyll,
1899 1100 1998 1135 Rogero
2026 1100 2219 1139 Wentworth,
2236 1102 2352 1132 Roberto

1300 1131 1442 1173 Lamp&
1461 1131 1536 1160 Adae
1550 1132 1625 1170 Frosl
1643 1133 1808 1171 (videlicet)
1825 1136 1940 1166 cuilibet
1957 1147 2075 1175 eorum,
2094 1140 2110 1168 li
2125 1149 2251 1177 tempore
2267 1141 2355 1171 Moza

1300 1176 1334 1197 tis
1351 1178 1406 1210 mei
1422 1172 1473 1199 lint
1489 1179 1604 1199 mecum
1620 1180 1832 1203 commorantes
1847 1175 1876 1203 in
1894 1175 2013 1214 hospitio
2029 1186 2112 1214 me0,
2132 1178 2188 1208 live
2199 1179 2235 1208 de
2245 1179 2353 1217 Jocali-

1301 1206 1366 1243 bus,
1387 1208 1442 1236 sive
1459 1207 1494 1237 de
1512 1208 1649 1250 Appsi‘itu
1660 1231 1668 1245 ,
1686 1210 1767 1248 usque
1783 1212 1815 1241 ad
1831 1212 1956 1243 valorem
1972 1224 2017 1243 cs.
2033 1217 2065 1244 ὅ(
2085 1215 2199 1246 Roberto
2217 1220 2298 1247 Lane
2307 1218 2350 1248 ul-

1301 1251 1339 1286 tra
1357 1246 1412 1274 hoc
1426 1255 1472 1274 cs.
1486 1247 1518 1277 ὃς
1536 1246 1675 1283 Radulplao
1696 1249 1822 1288 Banisr're
1835 1250 1878 1280 xl.
1896 1251 2071 1283 deducendas
2085 1254 2111 1284 in
2138 1253 2249 1285 Partem
2271 1257 2355 1287 Solu-

1301 1285 1382 1312 tionis
1396 1282 1524 1313 Summae
1542 1294 1624 1321 quam
1642 1287 1730 1315 michi
1754 1289 1855 1327 debet,
1876 1288 2032 1321 secundum
2050 1292 2258 1331 dispositionem
2281 1293 2358 1325 Exe-

1301 1331 1443 1351 culorum.

1339 1358 1383 1389 Ιτ
1397 1370 1414 1390 Ε
1427 1368 1451 1389 Μ
1463 1383 1472 1398 ,
1493 1359 1519 1390 L
1529 1369 1546 1389 Ε
1557 1369 1579 1390 G
1588 1359 1742 1398 oJohanm‘
1757 1363 1835 1400 Asby
1851 1374 1940 1394 unum
1950 1366 1987 1396 de
2001 1367 2164 1399 melioribus
2177 1369 2263 1410 Equis
2278 1373 2358 1411 meis,

1301 1397 1334 1428 &
1349 1408 1438 1429 unum
1456 1398 1605 1429 honestum
1621 1399 1745 1430 Lectum
1762 1401 1796 1432 de
1811 1402 1966 1433 Worstede
1982 1405 2026 1434 vel
2039 1405 2067 1435 Τ
2068 1406 2191 1448 apestry,
2212 1419 2279 1440 cum
2295 1409 2357 1440 Te-

1301 1436 1391 1475 stura,
1408 1437 1518 1474 Selura,
1535 1438 1568 1467 δε
1584 1437 1691 1469 Tribus
1704 1442 1786 1469 curtii
1802 1441 1837 1478 Ε,
1855 1442 1872 1469 i.
1891 1441 2022 1472 Coverlit
2036 1453 2103 1474 cum
2127 1456 2155 1475 v.
2178 1447 2293 1485 Tapetis
2308 1459 2356 1480 ca·

1303 1484 1406 1513 merae,
1423 1477 1457 1507 ὃς
1472 1476 1510 1505 iv.
1531 1475 1683 1515 Quistiins,
1704 1488 1772 1509 cum
1789 1490 1818 1508 ii.
1839 1477 1975 1510 Bianketis
1988 1482 2019 1511 S<
2042 1482 2070 1511 ii.
2093 1481 2170 1513 Paria
2197 1485 2357 1517 Lutliiami-

1303 1523 1374 1543 nuni
1389 1524 1441 1551 pro
1459 1513 1554 1552 Capit.
1573 1515 1592 1544 i.
1614 1515 1760 1554 Cmivass,
1778 1517 1795 1546 i.
1816 1517 1947 1556 Matrass,
1968 1520 1993 1548 il.
2009 1519 2140 1557 Toralii,
2159 1523 2185 1550 ii.
2206 1524 2358 1556 Co'eriitz

1302 1552 1338 1582 de
1352 1551 1500 1591 Norfolk,
1518 1554 1547 1582 ii.
1565 1551 1694 1592 Testris,
1711 1556 1745 1586 ὃς
1757 1563 1776 1591 1.
1795 1554 1938 1586 Coverlita
1955 1557 1991 1587 de
2005 1559 2093 1588 rubeo
2112 1570 2179 1590 cuni
2203 1562 2359 1599 Gnaptiett.

1338 1590 1409 1635 ITQE
1419 1599 1468 1635 M,
1496 1590 1522 1620 L
1535 1601 1553 1622 Ε
1564 1601 1614 1622 Go
1627 1592 1720 1622 eidem
1734 1592 1863 1631 Johanm'
1879 1596 1958 1636 Asby
1972 1594 2108 1628 Gladium
2124 1608 2220 1628 nieuni
2235 1602 2361 1632 ‘ri-eriizsssa—

1303 1637 1366 1662 tum
1383 1639 1410 1659 in
1426 1639 1510 1668 nigro
1526 1629 1636 1661 Velwet
1660 1632 1873 1671 imbrodarum,
1901 1634 1934 1664 &
1958 1634 2074 1671 Tozam
2099 1646 2193 1667 meaiii
2217 1638 2252 1668 dc
2275 1649 2358 1672 turgio

1300 1669 1439 1698 surratum
1454 1678 1522 1699 cum
1540 1668 1648 1700 Matres
1662 1670 1695 1700 &
1709 1669 1880 1710 chhewes,
1902 1672 1935 1702 ὃς
1947 1670 2062 1704 Too'am
2079 1684 2172 1704 meam
2197 1679 2231 1706 de
2257 1676 2360 1708 Rui'iet

1300 1706 1433 1737 furratam
1449 1716 1518 1736 cum
1536 1705 1636 1746 Cresty
1652 1716 1735 1746 grey,
1752 1709 1868 1747 Togam
1884 1719 1978 1741 meam
1995 1698 2031 1742 ΞΕ
2046 1712 2275 1746 Viridifurratam
2290 1726 2360 1746 curn

1301 1744 1438 1784 Matres,
1458 1746 1491 1776 &
1507 1747 1525 1775 i.
1547 1744 1683 1784 Cyphum
1706 1746 1741 1776 de
1765 1748 1892 1817 Argento
1915 1759 2084 1787 coopertum
2107 1762 2176 1781 cum
2192 1753 2230 1782 vi.
2247 1763 2309 1792 pec.
2325 1756 2361 1786 &

1301 1793 1370 1814 cum
1387 1784 1424 1814 vi.
1442 1784 1532 1822 parvis
1546 1785 1692 1822 coblettis,
1711 1785 1743 1815 &
1761 1787 1787 1815 ii.
1825 1787 1910 1817 alariis
1924 1789 2080 1827 coopertis,
2099 1790 2132 1820 &
2152 1791 2180 1820 ii.
2204 1801 2286 1830 parva
2310 1792 2361 1823 Sa-

1300 1823 1366 1852 laria
1384 1822 1502 1852 rotunda
1519 1832 1577 1852 non
1593 1831 1741 1862 cooperta,
1759 1826 1792 1855 3<
1810 1826 1866 1855 viii.
1888 1824 2028 1857 Cocliaria
2051 1838 2115 1865 quae
2139 1830 2298 1866 ponderant
2317 1832 2362 1861 in-

1301 1860 1384 1904 ter'se
1398 1859 1460 1891 xxl.
1480 1860 1595 1900 Troye,
1612 1862 1657 1893 vel
1672 1862 1749 1901 plus,
1766 1865 1799 1895 &
1815 1864 1832 1893 i.
1861 1864 1897 1894 de
1921 1866 2034 1902 optimis
2053 1865 2217 1898 Doublettis
2237 1868 2362 1900 defensa-

1302 1899 1403 1929 bilibus
1420 1899 1455 1930 ad
1473 1898 1655 1931 Electionem
1672 1901 1750 1931 suam
1761 1924 1771 1939 ,
1789 1902 1821 1932 &
1842 1903 1927 1933 etiam
1943 1904 1961 1932 i.
1981 1902 2099 1935 Pelvem
2118 1915 2185 1936 cum
2203 1907 2220 1936 i.
2236 1907 2361 1945 Aquario

1301 1936 1338 1967 de
1350 1946 1485 1976 argente,
1504 1939 1538 1969 &
1556 1937 1713 1976 Naperiam
1728 1939 1863 1978 integram
1877 1951 1946 1972 cum
1964 1941 2024 1971 ollis
2048 1945 2152 1981 a‘neis,
2170 1945 2203 1974 &
2227 1947 2362 1976 omnibus

1303 1976 1359 2006 aliis
1377 1976 1533 2007 neceflariis
1547 1975 1691 2016 Coquinae
1709 1979 1926 2018 pertinentibus,
1951 1983 2157 2014 remanentibus
2180 1984 2208 2012 in
2226 1982 2361 2022 Hospitio

1303 2024 1372 2044 meo
1392 2014 1568 2052 Londoniae‚
1585 2016 1617 2045 &
1633 2017 1718 2047 etiam
1734 2026 1821 2047 unum
1848 2016 2057 2049 Vestimentum
2077 2022 2094 2038 ⁴*
2116 2030 2235 2057 parvum
2252 2021 2290 2051 de
2309 2023 2359 2053 Se-

1303 2054 1365 2083 rico
1383 2062 1451 2083 cum
1476 2054 1653 2084 tablementis
1670 2077 1679 2092 ,
1704 2054 1841 2085 frontellis
1857 2078 1866 2093 ,
1885 2057 1917 2086 &
1936 2058 1963 2087 ii.
1988 2057 2139 2095 Towessis,
2160 2059 2193 2090 &
2209 2060 2226 2088 i.
2248 2059 2360 2091 Missale

1303 2100 1474 2131 coopertum
1491 2092 1520 2122 in
1536 2092 1620 2131 nigro
1636 2092 1781 2131 Damask,
1799 2094 1830 2123 &
1847 2095 1865 2124 i.
1882 2094 2077 2126 Portofoiium
2092 2106 2171 2127 vetus
2187 2098 2222 2128 de
2244 2099 2293 2129 usu
2311 2100 2362 2131 Sa-

1304 2140 1366 2161 rum
1387 2139 1557 2168 coopertum
1572 2131 1602 2160 in
1618 2131 1683 2162 albo
1696 2133 1777 2162 corio
1788 2154 1798 2169 ,
1815 2134 1847 2163 &
1864 2133 1883 2162 i.
1899 2144 1946 2171 par
1961 2134 1997 2164 de
2017 2136 2103 2164 Pater
2123 2135 2209 2174 noster
2224 2147 2360 2177 magnum

1307 2169 1342 2199 de
1361 2168 1467 2199 Curall.
1487 2179 1555 2199 curri
1574 2169 1691 2209 blodfis,
1708 2170 1814 2208 gaudiis
1830 2170 1865 2201 de
1891 2182 1958 2203 auro
1972 2195 1982 2210 ,
2001 2174 2201 2205 circummiffis
2218 2185 2286 2206 cum
2306 2177 2362 2208 Pe-

1305 2207 1386 2245 rulis,
1403 2208 1435 2238 δε
1454 2208 1471 2237 i.
1489 2207 1680 2239 Firmaculum
1695 2209 1731 2239 de
1746 2219 1815 2239 auro
1850 2219 1919 2239 cnm
1939 2210 2023 2241 Rosis
2041 2211 2070 2241 in
2088 2223 2143 2244 una
2161 2222 2252 2252 parte,
2269 2216 2303 2246 &
2320 2216 2364 2246 ni—

1305 2246 1359 2284 gris
1380 2246 1480 2274 Litcris
1496 2246 1524 2274 in
1545 2246 1625 2276 altera
1640 2248 1768 2285 parte,&
1788 2248 1804 2276 i.
1822 2231 1934 2278 l3ursam
1954 2258 2070 2286 parvam
2088 2260 2152 2289 quae
2170 2253 2281 2290 semper
2293 2263 2365 2293 pen-

1305 2285 1351 2315 det
1371 2286 1445 2314 circa
1463 2283 1583 2314 Collum
1605 2294 1701 2314 meum
1720 2294 1790 2315 cum
1809 2283 1906 2316 Cruce
1923 2286 2056 2317 Domini.

1341 2321 1388 2353 IT
1398 2332 1416 2353 E
1426 2330 1470 2359 M,
1490 2322 1516 2351 L
1526 2331 1543 2351 E
1554 2331 1605 2352 Go
1619 2321 1749 2360 Johanni
1768 2322 1846 2358 Asby
1858 2323 1902 2353 xl.
1919 2324 2019 2356 Libras
2035 2326 2154 2365 Argenti
2167 2349 2177 2366 ‚
2203 2329 2281 2366 quod
2303 2331 2367 2369 qui-

1306 2360 1372 2391 dem
1389 2369 1536 2398 argentum
1554 2371 1573 2389 v
1583 2371 1602 2390 o
1612 2369 1631 2389 L
1641 2370 1660 2390 o
1674 2360 1810 2391 custodiri
1825 2363 1852 2391 in
1869 2363 1999 2393 manibus
2012 2363 2207 2397 Executorum
2233 2377 2366 2400 meorum

1307 2400 1339 2430 ad
1356 2398 1430 2436 hoc,
1449 2399 1526 2436 quod
1542 2398 1634 2428 didius
1645 2397 1791 2436 Johannes
1805 2409 1854 2436 per
1869 2400 1946 2438 illud,
1964 2402 1997 2432 ὃ(
2013 2412 2080 2433 cum
2095 2404 2130 2433 xl.
2147 2403 2254 2436 Marcis
2269 2407 2369 2438 &xxL

1309 2447 1375 2475 quas
1390 2438 1493 2474 habet,
1511 2436 1611 2467 habere
1626 2438 1728 2474 poterit
1741 2437 1854 2474 aliquod
1870 2439 2009 2470 sufficiens
2025 2440 2240 2473 incrementum
2264 2445 2313 2475 fibi
2332 2447 2367 2477 &

1308 2475 1474 2506 Haeredibus
1489 2474 1556 2512 suis,
1574 2476 1675 2505 intime
1693 2475 1858 2514 Supplicans
1874 2477 2046 2510 Executores
2063 2489 2143 2511 meos
2157 2483 2281 2519 quatinus
2301 2483 2369 2514 fide-

1308 2514 1386 2552 liter,
1405 2513 1558 2555 efficaciter
1575 2536 1585 2552 ,
1613 2515 1646 2544 &
1668 2513 1830 2544 festinanter
1864 2516 1952 2547 velint
1972 2516 2097 2548 laborare
2118 2519 2153 2549 ad
2183 2519 2369 2552 Voluntatem

1308 2562 1401 2582 meam
1418 2552 1620 2589 perficiendum
1636 2553 1664 2581 in
1684 2551 1866 2583 Incremento
1882 2554 2029 2591 praedic‘lo.

1349 2590 1394 2621 Ιτ
1407 2599 1424 2620 Ε
1436 2598 1464 2621 M
1474 2613 1484 2627 ,
1505 2590 1530 2619 L
1541 2600 1558 2620 E
1569 2600 1590 2620 G
1600 2601 1620 2620 o
1635 2593 1780 2620 Katerinae
1799 2591 1878 2630 Asby
1888 2614 1897 2630 ,
1916 2592 2012 2623 Uxori
2029 2594 2156 2633 praediffi
2177 2595 2319 2633 Johannis
2339 2609 2372 2628 u-

1310 2639 1376 2659 nam
1393 2629 1509 2668 longam
1530 2629 1678 2659 Furrurain
1703 2629 1739 2659 de
1759 2628 1877 2669 Greye,
1901 2632 1934 2662 &
1957 2633 1976 2661 i.
2000 2631 2036 2662 de
2058 2632 2200 2672 Menyuer
2219 2635 2373 2667 secundum

1310 2667 1522 2706 dispositionem
1539 2666 1734 2698 Executorum
1751 2677 1900 2706 meorum,
1923 2671 1957 2700 &
1981 2680 2071 2700 unum
2090 2681 2208 2710 parvum
2233 2675 2372 2705 colarium

1309 2706 1345 2736 de
1363 2706 1444 2735 Auro
1463 2714 1531 2736 cum
1552 2705 1580 2736 S.
1601 2706 1634 2736 &
1655 2707 1672 2735 i.
1696 2705 1811 2736 Zonani
1836 2716 1906 2737 curn
1925 2707 2011 2739 Roas
2030 2708 2067 2740 de
2089 2710 2170 2740 Auro
2192 2710 2270 2749 super
2287 2715 2373 2753 nigro

1309 2745 1394 2775 Tiffii
1404 2767 1413 2782 ,
1431 2745 1464 2774 δε
1479 2742 1524 2773 xl.
1537 2753 1590 2783 pro
1605 2744 1854 2775 Remembrancia.
2319 2746 2323 2753 ’

1347 2781 1392 2813 ΙΤ
1403 2792 1421 2813 Ε
1431 2790 1475 2818 Μ,
1496 2781 1521 2811 L
1531 2791 1549 2812 E
1560 2791 1582 2812 G
1595 2794 1615 2814 o
1629 2782 1757 2822 Johanni
1777 2783 1859 2822 Ferby
1878 2793 1924 2814 cs.
1942 2785 1976 2816 &
1992 2785 2011 2815 i.
2029 2784 2063 2816 de
2084 2787 2152 2817 meis
2176 2787 2267 2827 Togis
2282 2789 2374 2828 dupli-

1311 2823 1380 2853 catis
1397 2821 1442 2852 vel
1460 2821 1602 2851 Valorem.

1350 2859 1394 2889 Ιτ
1405 2869 1422 2890 Ε
1433 2866 1476 2897 Μ,
1494 2858 1519 2888 L
1531 2867 1548 2888 Ε
1560 2868 1613 2890 Go
1631 2857 1746 2888 Roberto
1761 2862 1841 2889 Lane
1856 2870 1902 2890 cs.
1922 2859 1990 2891 ultra
2007 2860 2064 2892 hoc
2081 2863 2158 2900 quod
2175 2873 2253 2896 antea
2275 2866 2373 2906 legavi,

1314 2899 1348 2930 ὃς
1367 2899 1385 2928 i.
1403 2899 1439 2929 de
1456 2897 1548 2936 Togis
1570 2898 1638 2927 meis
1657 2897 1692 2928 de
1712 2897 1794 2928 Latio
1813 2899 1916 2936 absque
1932 2899 2057 2930 Furrura.

1350 2935 1394 2966 Ιτ
1404 2945 1423 2967 Ε
1435 2943 1478 2974 Μ,
1496 2937 1523 2965 L
1533 2945 1550 2966 Ε
1561 2945 1614 2966 Go
1634 2936 1751 2965 Ricardo
1765 2936 1887 2975 Wyvill,
1903 2937 1939 2967 de
1954 2936 2039 2968 Bonis
2057 2940 2142 2979 meis,
2165 2941 2249 2980 usque
2267 2942 2302 2972 ad
2325 2953 2371 2974 vav

1313 2975 1402 3006 lorem
1417 2985 1464 3005 cs.
1491 2975 1560 3004 ultra
1582 2975 1640 3005 hoc
1661 2973 1739 3012 quod
1764 2983 1842 3006 antea
1868 2975 1955 3013 legavi
1978 2976 2132 3008 secundum
2163 2979 2373 3018 dispositionem

1314 3013 1512 3044 Executorum
1527 3022 1676 3050 meorum,
1695 3022 1747 3051 pro
1766 3012 2017 3045 Remembrancia.

1351 3051 1423 3081 ITE
1437 3059 1475 3089 M,
1494 3051 1608 3081 LEGO
1630 3053 1747 3082 Domino
1775 3051 1924 3081 Willielmo
1950 3051 2033 3091 Blaft
2057 3063 2146 3085 unum
2168 3054 2297 3095 Ciphurn
2316 3057 2371 3087 Ar-

1313 3099 1448 3129 genteum
1462 3098 1648 3128 coopertum,
1666 3089 1699 3119 &
1715 3090 1733 3118 i.
1755 3088 1866 3127 Caparn
1885 3090 1920 3120 de
1938 3089 2046 3121 Serico.

1351 3128 1478 3165 ΙΤΕΜ,
1498 3127 1611 3158 LEGo
1640 3126 1774 3157 Domino
1798 3128 1912 3158 Roberto
1943 3131 2053 3160 Neuton
2068 3152 2077 3167 ,
2096 3129 2226 3162 'Decano
2249 3131 2374 3172 Capella:

1316 3176 1406 3205 meae,
1424 3175 1512 3196 unum
1531 3165 1650 3196 Librum
1670 3174 1804 3196 vocaturn
1825 3166 1970 3204 Johannes
1988 3169 2020 3197 de
2036 3168 2159 3198 Abbatis
2177 3169 2262 3199 Villa.

1351 3204 1364 3235 1
1374 3214 1396 3234 T
1407 3215 1424 3235 Ε
1434 3213 1473 3242 Μ,
1493 3203 1517 3233 L
1528 3213 1546 3234 Ε
1556 3213 1579 3234 G
1590 3214 1609 3234 ο
1629 3203 1764 3234 Domino
1779 3205 1928 3235 bVillielmo
1942 3213 2001 3235 atte
2015 3207 2098 3244 Kirk‚
2115 3206 2248 3237 Domino
2258 3208 2373 3247 Johan-

1316 3247 1346 3274 ni
1365 3242 1506 3281 Menston,
1524 3243 1638 3273 cuilibet
1653 3243 1785 3280 illorum,
1808 3254 1897 3275 unum
1921 3244 2039 3274 Librum
2062 3245 2284 3277 Meditationum
2302 3270 2312 3285 ,
2329 3249 2369 3278 le-

1319 3282 1448 3313 cundum
1462 3281 1670 3320 dispositionem
1684 3280 1877 3312 Executorum
1893 3292 2035 3312 meorum.

1356 3319 1402 3350 I'r
1412 3329 1430 3350 Ε
1441 3328 1469 3349 Μ
1480 3342 1489 3357 ,
1507 3319 1532 3348 L
1542 3329 1560 3350 Ε
1569 3329 1592 3349 G
1600 3330 1620 3349 o
1636 3319 1769 3349 Domino
1785 3320 1915 3359 Jolwmi
1925 3320 2055 3350 Foxholes
2067 3322 2085 3351 i.
2106 3321 2224 3353 Librum
2238 3331 2373 3354 vocatum

1317 3362 1428 3389 Summa
1442 3357 1584 3396 Justz'tiae,
1600 3359 1632 3388 ὃς
1649 3359 1665 3387 i.
1686 3356 1849 3389 Psalterium
1874 3359 2024 3390 Giosatum
2038 3382 2048 3398 ,
2064 3361 2080 3389 i.
2105 3359 2235 3400 Ciphurn
2259 3361 2295 3392 de
2318 3362 2375 3392 Ar-

1320 3406 1408 3433 gento
1429 3406 1617 3435 coopertum,
1642 3396 1676 3427 &
1696 3395 1733 3427 de
1754 3396 1839 3427 Bonis
1864 3398 1931 3428 meis
1956 3398 2040 3436 usque
2066 3398 2101 3429 ad
2120 3401 2244 3430 valorem
2262 3399 2306 3430 xl.
2323 3409 2375 3439 pro

1320 3435 1567 3466 Remembi'ancia.

1353 3473 1389 3504 Et
1407 3473 1554 3504 Willielmo
1569 3470 1655 3510 Roffln
1672 3482 1761 3503 unum
1776 3471 1907 3511 Ciphum
1921 3474 1958 3504 de
1972 3474 2099 3513 Argento
2123 3483 2313 3514 coopertum,
2332 3475 2376 3505 us-

1318 3522 1372 3552 que
1387 3512 1420 3543 ad
1439 3512 1561 3542 valorem
1581 3522 1608 3540 v.
1627 3510 1809 3549 Marcarum,
1825 3522 1876 3549 pro
1897 3512 2144 3544 Remembrancia.

1358 3550 1427 3580 ΙΤΕ
1440 3558 1483 3587 Μ,
1500 3553 1616 3579 Domino
1630 3548 1757 3587 Johanni
1775 3549 1900 3589 Menston
1916 3573 1925 3588 ‚
1944 3550 2033 3581 Fratri
2052 3552 2126 3581 Adae
2144 3550 2291 3591 Neyland,
2316 3553 2376 3582 Do-

1320 3592 1391 3618 mino
1406 3587 1537 3626 Johanni
1553 3587 1666 3625 Thorp‚
1686 3589 1719 3618 &
1739 3587 1859 3617 Walter.»
1874 3589 2018 3626 Wsodhall,
2037 3591 2071 3622 &
2095 3591 2209 3620 Ricardo
2229 3589 2320 3626 Loek,
2337 3591 2373 3621 &

1319 3628 1435 3658 cuilibet
1453 3625 1599 3656 Generosi)
1616 3626 1724 3655 bomini
1740 3625 1796 3657 sive
1812 3626 1944 3666 Mulieri,
1961 3627 2089 3658 existenti
2102 3630 2130 3657 in
2152 3628 2270 3658 Servitio
2292 3636 2376 3666 meo,

1319 3667 1350 3696 in
1366 3664 1501 3702 Hospitio
1516 3674 1583 3693 meo
1599 3663 1646 3694 die
1663 3663 1749 3693 Passa:
1768 3666 1869 3695 ultimo
1887 3665 2030 3704 (exceptis
2047 3664 2338 3707 praetiominatistls.

1356 3703 1367 3733 1
1379 3713 1401 3733 τ
1412 3712 1430 3733 Ε
1441 3710 1485 3740 Μ,
1503 3702 1529 3732 L
1539 3711 1557 3732 E
1566 3711 1618 3732 Go
1634 3701 1783 3732 Willielmo
1799 3704 1900 3734 Warth
1919 3714 1957 3734 xx
1965 3716 1986 3734 s.

1357 3741 1394 3772 Et
1413 3741 1528 3770 Ricardo
1546 3739 1674 3778 Walagre
1692 3751 1739 3771 c5.

1357 3779 1395 3810 Et
1413 3777 1622 3813 RobertoHolte
1640 3780 1715 3808 xiiis.
1734 3781 1763 3810 iv
1771 3780 1799 3810 d.

1357 3818 1396 3848 Et
1414 3817 1525 3853 Thomae
1544 3817 1647 3848 Lound
1662 3829 1682 3849 v
1693 3817 1814 3848 Marcus.

1357 3856 1397 3886 Et
1415 3854 1536 3886 Walcero
1553 3855 1652 3885 clerici,
1671 3856 1729 3886 xls.

1358 3894 1396 3924 Et
1415 3893 1550 3924 Domino
1563 3894 1692 3932 Johanni
1709 3893 1798 3931 Thorp
1817 3893 1842 3923 xl
1852 3904 1874 3922 s.

1356 3931 1392 3962 Et
1408 3931 1536 3970 Johanni
1554 3933 1650 3973 Crorby
1667 3942 1751 3963 unam
1768 3931 1882 3971 ‘rogam
1897 3930 1934 3962 de
1948 3931 2025 3962 Lana
2039 3929 2140 3969 absque
2155 3930 2283 3972 Furrura,
2292 3932 2373 3965 &cs.

1358 3970 1397 4001 Et
1409 3969 1539 4009 Johamri
1564 3970 1716 4011 Gillestand
1730 3970 1756 4000 xl
1765 3980 1787 3999 5.
1980 4007 1985 4011 ι

1357 4008 1401 4041 li·
1411 4017 1468 4039 ΕΜ
1483 4008 1614 4048 Johanm'
1627 4010 1696 4040 coke
1713 4007 1883 4041 custodienti
1899 4005 2061 4042 Gardinum
2078 4007 2152 4047 apud
2169 4007 2374 4042 Fissiidexxvis.

1321 4046 1404 4079 viiid.

1845 4081 1876 4112 R
1899 4092 1911 4121 3
2337 4084 2376 4121 E:

2214 873 2296 912 mster
2316 876 2350 906 de

2207 921 2258 940 uro
2267 935 2276 950 ‚
2299 923 2352 952 pro

2363 261 2436 291 Anr‘i.
2450 261 2493 292 D.

2382 307 2467 339 1415.

2360 343 2422 366 Ha..
2440 348 2470 375 5.

2376 2038 2395 2058 '¹'
2413 2040 2468 2069 IX.

2379 2077 2442 2113 278.
