2562 4274
9 393 64 418 Aa.
82 374 124 418 ιι..

5 1308 21 1325 ⁸
33 1306 116 1334 VIII.

18 1345 86 1372 611.

0 2636 75 2670 Arm.
90 2634 133 2667 D.

18 2683 107 2714 1409.

0 2717 53 2742 An.
72 2724 82 2741 i
91 2724 113 2743 i.

0 2762 103 2827 Clazj'a
113 2801 135 2819 1.

0 2874 36 2894 m.
48 2850 97 2902 ις’).

8 466 79 504 ῬαῘῑ.
104 477 143 494 ii.

690 160 802 204 ΕΤ
884 162 1151 203 ACTA
1238 163 1716 212 PUBLICA.

297 333 391 377 Super
415 328 610 374 Prcstratione
633 328 732 372 Castri
744 357 754 373 ,
779 330 816 364 de
837 332 1065 379 Supeifidendo.

158 416 298 472 REX,
321 415 478 446 Senescallo
493 414 591 446 nostro
608 404 790 454 Aquita'nniae
803 438 813 454 ,
832 416 991 460 ac⁸Majori
1015 418 1145 450 Civitatis
1160 429 1210 449 no-

234 455 296 485 strae
314 454 559 494 Burdegaliae,qui
575 463 654 484 nunc
671 453 749 492 sunt,
767 456 813 485 vel
831 465 880 493 qui
899 466 950 495 pro
968 465 1099 495 tempore
1116 466 1212 495 erunt,

156 493 286 524 Salutem.
642 531 647 536 ⁸
898 534 903 538 ⁸
953 534 958 539 ⁸

194 532 276 562 Licet
300 541 404 570 nuper,
433 541 468 563 ex
486 539 579 570 parte,
607 529 789 560 Dileftorum
812 532 846 562 &
871 532 1009 564 Fidelium
1033 532 1212 570 nostrorum,

152 568 288 608 Majoris,
299 570 479 608 Juratorum,
497 569 763 601 &Communitatis
778 569 864 601 didtae
882 570 1010 602 Civitatis
1025 572 1127 602 nostrae
1141 571 1211 602 Bur—

149 608 281 646 degaliae,
299 609 492 647 acceperimus
509 607 607 653 qubd,

188 646 286 684 Cum,
310 656 437 684 tempore
453 657 509 684 quo
523 649 654 675 Dominus
670 646 702 675 de
720 647 841 686 Nevyll,
868 647 1036 687 defunctus,
1055 648 1211 692 Locumte-

152 694 221 715 nens
240 687 268 715 in
285 685 402 715 Ducatu
422 685 519 714 nostro
536 685 697 722 Aquitaniae
710 687 813 724 extitit,
837 688 999 725 quamplura
1022 687 1160 718 Fortalitia
1176 686 1210 716 &

152 724 236 754 Loca
251 734 298 762 per
312 724 498 760 Francigenas
516 723 624 752 ibidem
641 730 714 753 tenta
732 723 860 762 fuissent,
1038 764 1043 769 ⁸
1069 764 1074 769 ι

191 762 266 793 Inter
281 771 345 800 quae
366 761 512 799 quoddam
527 761 663 792 Castrum
682 771 819 793 vocatum
842 762 1017 794 Carmarssac
1035 763 1144 793 ibidem
1162 771 1211 792 ex-

152 808 244 869 tmlit2'ei‘
261 839 338 877 quod
356 838 467 869 Subditi
481 839 514 869 &
528 837 693 882 Habitantes
710 838 816 870 didiam
833 839 987 883 Civitatem
1003 839 1128 883 nostram
1141 839 1208 869 Bur-

151 877 288 915 degaliae,
312 878 344 908 &
368 878 510 915 praecipue
532 885 589 907 tota
610 876 699 907 Patria
716 877 811 908 nostra
834 886 905 908 inter
919 878 989 908 Duo
1007 878 1118 916 Maria,
1137 877 1210 911 mul—

151 923 214 946 tum
229 918 335 955 gravati
352 916 477 954 fuerunt,
577 953 582 958 ⁸
607 953 612 959 ⁸
937 954 941 958 ⁸
1148 955 1152 960 ⁸
1189 954 1194 959 ⁸

188 953 231 985 Ita
245 954 324 994 quod
340 954 529 985 Inhabitantes
545 952 700 983 Civitatem
716 952 841 983 nostram
857 953 1035 990 praeditfftam,
1054 963 1107 991 pro
1125 953 1209 984 dietis

148 992 371 1023 Gravaminibus
392 994 526 1023 evitandis
537 993 571 1022 ὅς
585 991 725 1028 tollendis,
744 992 778 1020 ad
795 1001 915 1028 magnos
929 993 963 1022 &
979 992 1133 1036 excessivos
1147 992 1208 1024 Cu·

150 1031 207 1061 stus
221 1032 255 1063 &
270 1031 406 1069 Expensas
421 1031 498 1068 suos,
517 1032 550 1061 ὃς
565 1029 598 1059 ad
614 1029 770 1070 vivendum
791 1030 821 1059 in
835 1030 910 1060 Pace
927 1032 961 1061 &
986 1031 1209 1069 Tranquilitate,

152 1069 305 1100 Oblidium
321 1070 356 1100 ad
375 1069 508 1100 Castrum
524 1067 691 1105 praedictum
707 1070 857 1104 posuerunt
880 1070 912 1098 ὃς
929 1068 1087 1107 firmarunt,

189 1107 244 1138 Per
258 1108 334 1142 quod
351 1108 465 1145 quidem
488 1105 638 1135 Obsidium
659 1104 769 1135 dietum
786 1105 916 1136 Castrum
930 1115 1063 1145 captum,
1079 1108 1112 1138 &
1132 1106 1209 1146 post·

151 1143 273 1177 modum
287 1157 337 1184 per
350 1145 582 1176 deliberationem
597 1145 629 1183 ὃς
644 1143 846 1174 avisamentuin
861 1145 989 1176 Concilii
1005 1145 1133 1183 praedieti
1149 1146 1208 1176 Lo-

148 1185 353 1222 cumtenentis,
379 1194 412 1214 ac
435 1183 549 1212 illorum
571 1182 656 1212 dietae
673 1181 802 1213 Civitatis
820 1183 946 1222 nostrae,
966 1183 1158 1222 prostratum,
1174 1185 1208 1215 &

148 1223 183 1254 ad
199 1224 318 1254 Terram
332 1221 492 1260 projeetum
509 1220 577 1258 fuit,
650 1260 654 1264 ⁸
981 1262 986 1267 ⁸
1089 1261 1095 1268 ⁸
1112 1261 1117 1267 ⁸

188 1260 257 1292 Post
269 1263 345 1299 quod
362 1261 476 1299 quidem
497 1268 606 1296 tempus
627 1258 736 1289 dietum
754 1258 888 1291 Castrum
911 1260 1030 1292 totaliter
1042 1269 1131 1292 exurit
1146 1259 1208 1291 De-

148 1299 264 1330 solatum
285 1300 448 1338 quousque,
470 1298 488 1317 ¹*
512 1299 570 1336 jam
586 1297 679 1336 tarde,
696 1298 810 1337 quidam
830 1301 929 1328 Monot
946 1300 978 1328 de
994 1300 1138 1338 Cantelope
1153 1299 1209 1344 Ar-

153 1339 264 1376 miger,
283 1339 332 1376 qui
347 1336 481 1368 Castrum
501 1335 570 1366 illud
594 1346 682 1373 nuper
704 1336 777 1365 emit
796 1336 835 1380 de
852 1337 975 1381 quodam
1001 1340 1108 1367 Brunet
1126 1336 1210 1367 Datl-

148 1376 199 1407 lan
246 1375 371 1407 dicendo
396 1375 422 1406 se
448 1374 667 1405 Haereditarium
689 1374 723 1404 &
745 1373 909 1405 Dominum
932 1376 1019 1406 diistae
1046 1375 1155 1420 Blaceae
1175 1375 1210 1420 d⁸e

149 1399 330 1454 Cai’narffac,
348 1413 491 1446 -Placaem
512 1412 590 1443 illam
613 1412 776 1443 Fortificare
799 1414 923 1452 incepit,
949 1415 983 1446 ὃς
1005 1414 1096 1444 indies
1118 1415 1210 1445 Forti-

150 1453 217 1485 ficat
625 1489 635 1499 ⁸
1188 1492 1193 1497 ⁸

186 1476 362 1523 Inliibitione
384 1500 420 1522 ex
447 1499 523 1529 parte
543 1488 655 1528 nostra,
687 1499 737 1529 per
759 1490 949 1522 Senescallum
970 1491 1097 1523 nostrum
1120 1491 1208 1532 Aqui-

149 1533 272 1570 tanniae,
287 1530 403 1568 praefato
419 1528 528 1560 Monot
540 1530 570 1559 in
585 1529 638 1559 hac
653 1537 730 1566 parte
744 1528 836 1568 faeta,
854 1539 914 1560 non
931 1530 1080 1570 obstante,

183 1569 401 1638 {bilail‘dziantes
419 1606 516 1645 quod,
536 1606 555 1636 fi
574 1606 686 1637 dietum
707 1605 841 1638 Castrum
861 1608 962 1638 iterato
980 1607 1098 1638 Paetum
1118 1608 1152 1652 ὃς
1173 1607 1209 1639 de

147 1645 244 1677 Novo
261 1645 457 1676 Fortificatum
472 1645 546 1675 foret
581 1646 612 1675 in
627 1643 759 1675 Civitatis
773 1646 807 1677 &
823 1644 923 1676 Patriae
941 1645 1045 1689 nostrae
1061 1646 1210 1684 praedirsta-

146 1694 213 1715 rum
252 1693 317 1715 rave
340 1683 531 1722 Dampnum,
551 1667 794 1722 Nocumentum,
819 1684 853 1715 &
871 1683 1077 1723 Praejudicium
1099 1685 1209 1717 cederet

146 1722 374 1800 maegffiegsque
395 1760 513 1800 proinde
534 1758 712 1790 Remedium
734 1760 765 1791 in
786 1759 839 1791 hac
853 1766 930 1798 parte
946 1760 1072 1792 adhiberi
1091 1770 1209 1802 oportu-

144 1809 296 1877 nulrlldbis,
317 1838 353 1870 de
366 1837 470 1869 affensu
487 1836 616 1868 Concilii
636 1835 745 1874 nostri,
762 1836 989 1882 mandaverimus
1007 1838 1106 1878 quod,
1131 1839 1151 1870 fi
1171 1841 1209 1872 ita

147 1876 233 1915 effet,
252 1886 321 1908 tunc
337 1877 429 1914 ipsum
442 1875 568 1913 Monot,
585 1885 620 1905 ex
642 1883 717 1913 parte
736 1875 830 1905 nostra
851 1876 972 1919 inhiberi
987 1877 1020 1908 &
1035 1877 1149 1922 defendi
1166 1878 1210 1923 ξα-

146 1918 247 1946 ceretis
261 1925 297 1945 ne
309 1916 380 1953 ipse,
398 1914 449 1945 sub
464 1914 555 1944 Poena
572 1913 768 1944 Forisfaeturae
785 1923 918 1957 omnium
943 1925 1008 1953 quae
1024 1917 1107 1960 nobis
1126 1917 1207 1962 foris-⁸

143 1953 237 1985 facere
252 1953 359 1992 poffet,
376 1952 411 1984 ad
425 1951 648 1991 Reparationem
664 1952 698 1983 &
713 1951 953 1983 Fortificationem
974 1953 1064 1984 Castri
1078 1955 1208 1993 praedieti

219 1993 224 1998 “
346 1991 439 2022 ederet

145 1993 383 2071 mtfirtmgugffzos
399 2013 533 2060 Cai’crum
547 2029 614 2059 illud
628 2028 786 2068 prosterni,
804 2031 837 2061 &
853 2030 886 2061 ad
900 2029 984 2061 talem
1000 2030 1119 2070 statum,
1139 2031 1208 2063 ficut

144 2070 239 2138 grint
253 2068 704 2137 tetsrgporenqigiratffgcgeartxiisidtum
719 2067 829 2098 Monot
850 2076 979 2107 emptum
1000 2069 1052 2100 fuit
1061 2093 1071 2109 ,
1088 2078 1120 2101 ut
1135 2080 1207 2108 prae-

272 2117 288 2137 e
346 2117 383 2137 co
405 2117 423 2136 v

178 2117 364 2185 ‘sitii‘busdiim
385 2154 480 2175 tamen
493 2146 575 2175 certis
587 2129 754 2183 de'Caufis,
778 2144 847 2175 Nos
867 2145 902 2176 ad
924 2146 1041 2184 praesens
1064 2150 1208 2193 moventi-

144 2185 216 2222 bus,
234 2185 316 2215 vobis
332 2183 514 2221 mandamus,
531 2182 646 2213 firmiter
667 2184 863 2221 injungentes,
880 2185 960 2222 quod
976 2185 1148 2217 Executioni
1164 2187 1207 2217 di-

141 2224 186 2254 &i
199 2222 327 2254 Mandati
340 2221 444 2259 nostri,
464 2221 554 2260 quoad
575 2221 812 2252 Destruetionem
826 2222 860 2253 &
875 2221 1097 2255 Prostrationem
1113 2225 1205 2256 Castri

147 2261 278 2299 praediciti
300 2260 410 2290 ulterius
431 2259 587 2298 faciendas,
613 2259 803 2298 supersedeatis
826 2261 967 2301 quousque
982 2262 1058 2293 aliud
1073 2263 1140 2294 inde
1155 2264 1208 2295 du-

144 2299 266 2329 xerimus
282 2298 480 2328 ordinandum.
786 2337 792 2342 ⁸
973 2340 978 2345 ⁸
1039 2341 1044 2345 ⁸

185 2336 275 2368 Teste
290 2336 372 2375 Rege
385 2336 458 2375 apud
471 2335 745 2376 Wstmonasterium,
763 2337 902 2369 Vicefimo
915 2346 1000 2370 tertio
1015 2339 1062 2370 die
1070 2339 1208 2372 Novem-

149 2375 216 2406 bris.
973 2419 978 2424 ⁸

896 2417 949 2445 Per
967 2415 1050 2456 :psicm
1067 2419 1172 2455 Regem.

300 2543 350 2574 De
372 2552 429 2573 non
451 2539 587 2586 capiendo
614 2541 747 2586 Treugas
770 2551 839 2572 cum
863 2539 1065 2585 Wallenstbas.

149 2625 294 2682 REX,
318 2625 438 2657 Dilecto
454 2625 676 2664 consanguineo
697 2624 766 2663 suo,
789 2624 894 2655 Thomae
912 2629 1011 2657 Comiti
1028 2629 1210 2669 Arundellae,

224 2665 355 2696 saIUtem·
523 2704 528 2709 ι
683 2702 688 2708 ι
698 2702 705 2709 x
741 2703 746 2707 ι
983 2704 991 2712 κ
1075 2705 1080 2711 n
1105 2706 1110 2711 v
1155 2706 1160 2711 ι

187 2701 267 2734 Ctim
277 2726 287 2742 ,
306 2713 340 2734 ex
358 2703 444 2734 relatu
458 2703 598 2742 plurium,
616 2702 722 2746 plenius
738 2701 925 2746 informemur
940 2703 1020 2750 quo⁸d
1034 2703 1162 2751 M¹¹¹¹.s{‘1
1176 2707 1211 2738 &

152 2740 293 2772 Officiarii
307 2741 404 2780 vestri,
431 2743 461 2772 in
477 2742 600 2780 partibus
623 2741 752 2784 Walliae,
773 2740 938 2784 audioritate
961 2741 1007 2772 sua
1027 2753 1156 2782 propria,
1180 2752 1211 2775 ut

151 2779 271 2819 dicitur,
285 2781 387 2818 absque
402 2780 543 2812 Waranto
558 2782 592 2812 &
606 2779 728 2810 Scientia
743 2778 864 2817 nostris,
888 2779 1016 2819 Treugas
1034 2782 1093 2825 sive
1115 2781 1211 2828 Guer-

150 2828 247 2849 rarum
272 2818 477 2857 Abstinentias‚
500 2828 567 2849 cum
584 2822 683 2848 Owino
705 2817 736 2860 de
750 2816 937 2861 Glendoicrdy,
956 2828 991 2863 ae
1005 2819 1065 2850 aliis
1081 2819 1210 2852 Rebelli-

147 2858 199 2888 bus
220 2856 321 2888 nostris
342 2857 467 2888 Patrium
486 2857 702 2895 praedie‘tarum,
716 2865 776 2893 Jam
796 2864 908 2886 novuer
928 2866 992 2895 capi
1014 2858 1159 2898 fecerunt,
1174 2860 1209 2891 de

145 2905 206 2935 quo
222 2897 354 2926 miramur
368 2896 609 2963 quamplt⁸1⁸gimum
617 2895 948 2964 ussrcnrrhq'igengpggrramm
976 2934 1207 2969 abstinentiarum

147 2933 620 3016 coffignqtiilaniltliliiclreersnfidgfigffil,
640 2971 814 3014 Ligeorum,
832 2971 1074 3039 &RSubditorum
1099 2976 1209 3021 nostro7

145 3010 371 3088 Qissf‘e‘ffl?
385 3011 668 3088 ξὲἶῗὲἴῶῗόῑὲιῗ
683 3009 874 3079 {sigliis
885 3011 1208 3091 ἓῖῗέῧῖἒῗὲἔῖῧξῗξὲ

144 3086 205 3117 dati
220 3087 254 3118 ὃς
270 3087 387 3124 Spohati
400 3088 536 3127 existunt,
554 3089 658 3128 aliaque
676 3086 754 3117 Mala
768 3087 802 3118 &
819 3085 954 3124 Dampna
967 3089 1155 3122 intollerabilia
1169 3094 1216 3123 eis.

148 3124 239 3155 indies
262 3125 417 3157 inferuntur
455 3127 485 3157 in
506 3128 517 3157 i
537 3126 630 3157 sorum
652 3125 811 3162 Fidelium,
834 3125 1005 3169 Ligeorum,
1023 3128 1207 3172 &⁸Subdito-

147 3172 213 3194 rum
232 3162 394 3194 nostrorum
407 3148 506 3202 &ppre
529 3174 627 3195 ionem
642 3165 675 3196 &
694 3164 971 3207 Depauperationem
985 3167 1161 3213 manifestas,

184 3200 271 3239 Nos,
288 3201 325 3233 de
342 3201 487 3233 Remedio
501 3203 531 3233 in
551 3203 604 3234 hac
626 3211 700 3241 parte
716 3201 878 3246 provrdere,
896 3213 932 3246 ac
951 3214 1004 3241 pro
1023 3205 1207 3251 castigatione

142 3237 311 3270 Rebellium
325 3239 530 3277 praedidtorum
544 3241 669 3272 ordinare
690 3241 835 3278 volentes,
853 3251 884 3270 in
903 3242 969 3272 Fide
988 3244 1021 3274 ὅ(
1037 3244 1206 3284 Ligeantia,

147 3279 252 3316 quibus
274 3278 357 3308 nobis
378 3279 534 3317 tenemini,
556 3279 732 3317 injungimus
750 3280 782 3310 &
800 3279 964 3311 mandamus
987 3282 1066 3319 quod
1082 3294 1131 3314 vos
1145 3295 1208 3314 ver·

146 3317 190 3348 sus
216 3315 330 3354 Castra,
357 3315 513 3355 Dominia,
537 3316 652 3355 Terras,
678 3319 712 3349 &
733 3317 914 3349 Tenementa
934 3319 1042 3358 vestra,
1072 3323 1102 3351 in
1124 3322 1207 3353 dietis

144 3355 268 3394 partibus
282 3353 412 3393 Walliae,
431 3364 501 3385 cum
514 3356 595 3386 omni
608 3355 785 3386 festinatione
803 3364 856 3393 qua
870 3359 1010 3397 poteritis,
1030 3360 1206 3397 personaliter

144 3395 361 3463 diigtgiggrms
375 3439 475 3462 contra
486 3430 577 3461 dictos
592 3431 725 3462 Rebelles
738 3431 875 3475 nostros,
885 3442 956 3477 cum
977 3443 1041 3466 toto
1056 3437 1141 3468 Poste
1156 3448 1206 3470 ve-

147 3470 206 3502 stro
241 3471 372 3507 teneam,
390 3471 422 3500 ὅ(
438 3469 555 3500 firmiter
570 3470 657 3500 teneri
672 3472 704 3501 ὅ(
720 3479 877 3500 continuari
894 3474 1017 3512 faciatis,

186 3493 265 3540 Niala
287 3510 320 3540 &
343 3508 534 3546 Gravamina,
557 3518 620 3548 quae
641 3508 782 3545 poteritis,
806 3508 907 3538 eisdem
923 3510 1088 3545 Rebellibus
1108 3514 1207 3546 nostris

148 3547 304 3587 (quousque
324 3548 374 3587 ipsi
395 3547 421 3578 se
433 3547 516 3577 nobis
529 3549 612 3586 gratis
626 3545 739 3576 reddere
753 3546 914 3584 voluerint)
937 3550 1026 3581 indies
1042 3554 1204 3593 inferend0‚

147 3587 231 3617 dietis
246 3586 369 3623 Treugis
384 3586 440 3616 five
453 3584 625 3616 Guerrarum
636 3584 834 3623 Abstinentiis,
853 3593 883 3616 ut
896 3590 1093 3630 praemittitur,
1108 3594 1206 3631 capti5‚

147 3635 209 3656 non
225 3624 417 3663 obstantibus,
1027 3667 1032 3673 ⁸

186 3663 225 3694 Et
241 3665 314 3700 hoc,
331 3663 399 3693 licut
413 3663 481 3693 Nos
495 3662 528 3692 &
544 3661 699 3692 Honorem
717 3660 846 3692 nostrum
857 3684 867 3699 ,
883 3671 917 3692 ac
932 3663 1122 3698 Salvationem
1139 3668 1206 3699 Par-

145 3703 218 3732 tiutii
237 3701 433 3739 praedtstarum
449 3701 578 3739 diligitis,
597 3701 629 3730 &
645 3700 713 3730 licit
732 3712 778 3730 vos
787 3699 953 3744 Indeiiipiies
967 3714 1033 3741 erga
1047 3716 1098 3736 nos
1111 3708 1140 3736 in
1152 3707 1205 3738 hac

145 3749 222 3778 parte
237 3741 403 3778 prelervare
420 3739 577 3775 volueritis,
601 3738 751 3768 nvillitcnus
766 3746 909 3769 omittatis.

186 3778 273 3809 Teste
299 3777 379 3817 Rege
403 3777 475 3817 apud
504 3777 702 3814 Norhamptozi.
729 3779 861 3808 vicennio
891 3780 973 3810 tertio
1001 3781 1047 3812 die
1071 3782 1206 3815 Novem-

148 3815 216 3847 bris.

183 3890 351 3922 Confimilia
365 3892 463 3923 Brevia
475 3893 630 3933 diriguntur
645 3893 760 3923 Ricardo
776 3893 800 3923 le
812 3898 946 3933 Straunge
955 3893 1084 3928 Chivaler
1092 3919 1103 3936 ‚

186 3929 329 3958 Edwardo
345 3930 492 3961 charleton
509 3931 544 3962 de
563 3932 664 3971 Povsys
685 3930 834 3970 Cbivaler,

186 3967 226 3998 Et
241 3967 384 4003 Reginaldo
401 3972 475 4010 Gray
494 3969 530 4001 de
548 3970 667 4010 Ruuiyn
686 3970 833 4008 Chivaler‚

189 4005 249 4037 Sub
264 4006 360 4034 eadem
376 4006 459 4038 Data.

145 4117 147 4119 ¹
222 4083 295 4113 Tam.
305 4083 354 4111 IV.
370 4082 402 4111 P.
418 4084 442 4112 Ι.

2231 185 2308 235 163

1249 247 1371 302 REX
1390 250 1565 285 Vicecomiti
1586 256 1763 290 Herefordiae
1781 259 1915 293 Salutem?

1300 324 1304 329 ⁸
1350 287 1450 328 Ctim,
1468 301 1501 334 eii
1514 293 1598 324 relatu
1614 296 1754 335 plurium,
1771 300 1876 336 plenius
1898 299 2101 342 informemur,
2117 303 2194 342 quod
2213 303 2304 333 Mini-

1257 322 1305 353 stri
1319 326 1352 368 &¹
1367 326 1508 359 Officiarii
1523 331 1627 362 Thomae
1642 338 1749 364 comitis
1762 339 1937 377 Arundellae,
1955 351 1988 370 ac
2001 342 2121 372 aliorum
2133 342 2302 381 Magnarum

1251 360 1353 404 Regni
1375 365 1462 396 nostri
1485 367 1596 407 Angliae
1621 372 1651 400 in
1678 371 1803 405 Partibus
1825 376 1957 417 Walliae,
1976 380 2138 411 auetoritate
2151 381 2216 418 sua,
2240 379 2301 416 &c-

1252 407 1284 429 ut
1289 402 1388 470 ⁸⁸⁸]qu
1393 405 1426 447 μ]
1441 415 1472 434 ue
1483 405 1537 444 ibi,
1553 408 1693 446 volentes,
1712 409 1749 444 (φ

1359 450 1368 470 ι
1389 452 1398 471 i

1249 475 1385 521 sentibus,
1400 482 1429 510 in
1443 482 1556 519 singulis
1705 524 1710 528 ⁸
1904 514 1913 530 ,
1933 494 1981 523 ubi
1999 495 2095 525 melius
2108 496 2237 533 expedire
2253 508 2298 527 vl-

1249 515 1338 559 deris,
1364 527 1398 547 ex
1414 528 1489 556 parte
1509 520 1616 560 nostra,
1635 523 1747 561 publice
1768 527 1931 561 proclamari
1952 532 2034 562 facias
2051 534 2130 571 quod
2153 535 2234 574 Ligei
2262 538 2297 568 &

1249 552 1358 596 Subditi
1374 558 1479 596 nostri,
1501 560 1557 589 tam
1573 560 1608 590 de
1622 561 1739 600 Anglia,
1758 565 1842 600 quam
1861 566 1896 595 de
1918 568 2040 608 Wallia,
2059 572 2181 603 Guerras
2200 583 2299 607 contra

1249 591 1342 622 diuos
1361 593 1492 626 Rebelles
1507 597 1632 636 nostros,
1649 609 1716 629 cum
1731 609 1792 630 toto
1808 601 1892 632 Poffe
1904 604 1968 643 suo,
1987 617 2115 648 teneant,
2133 612 2165 641 &c
2182 611 2299 644 firmiter

1249 632 1335 660 teneri
1352 633 1385 662 &
1400 635 1556 666 continuari
1576 636 1695 675 faciant,

1287 668 1366 700 Mala
1379 672 1412 701 ὅτ
1430 673 1618 712 Gravamina,
1644 685 1707 712 quae
1728 685 1875 717 poterunt,
1893 680 1997 711 eisdem
2019 682 2179 716 Rebellibus
2200 688 2301 720 nostris

1251 706 1404 745 (quousque
1418 711 1466 747 ipii
1482 711 1508 741 ie
1524 714 1606 742 nobis
1621 715 1703 749 gratis
1722 715 1834 746 reddere
1857 718 2004 760 voluerint)
2028 721 2114 752 indies
2135 727 2299 766 inferendo,

1247 743 1330 775 dietis
1343 746 1466 816 {geue-{ig
1481 750 1536 780 five
1549 750 1721 782 Guerrarum
1734 753 1931 795 Abstinentiis,
1947 766 1976 787 ut
1990 762 2184 801 praemittitur,
2202 767 2299 805 capiis,

1248 792 1308 813 non
1323 794 1342 813 o
1389 794 1443 815 anti
1467 797 1495 816 us
1504 810 1513 825 ,

1284 820 1321 851 Et
1335 823 1392 852 hoc
1409 824 1558 856 nullatenus
1573 829 1693 859 omittas.

1319 859 1407 891 Teste
1422 870 1452 892 ut
1467 863 1551 901 supra.

1758 419 1823 442 tunc
1832 414 1870 452 sic
1878 437 1887 453 ,

1567 483 1673 522 Locis,
1689 486 1718 515 in
1734 485 1835 519 Balliva
1851 492 1895 520 tuz'i

1292 1000 1341 1031 De
1370 1000 1560 1045 variando,
1585 1014 1654 1036 cum
1674 1004 1826 1053 Magistro
1849 1007 1974 1042 Ordinis
1995 1009 2248 1051 Theusonicorum.

1248 1083 1378 1153 REX
1397 1084 1555 1127 Omnibus,
1570 1088 1604 1118 ad
1616 1099 1696 1128 quos,
1709 1092 1770 1122 &a
1806 1093 1938 1125 Salutem.

1352 1123 1470 1165 Notum
1493 1128 1575 1156 vobis
1596 1128 1715 1159 facimus
1737 1132 1833 1171 qubd,
1856 1134 1891 1163 de
1919 1133 2064 1173 fidelitate,
2085 1139 2239 1178 probitate,
2265 1141 2297 1172 &

1246 1161 1450 1202 circumspecta
1472 1165 1666 1204 providentia,
1691 1167 1864 1201 dileetorum
1885 1173 1982 1210 nobis,
2005 1175 2134 1205 Richardi
2156 1179 2298 1210 Marlawe

1248 1196 1369 1236 Majoris
1390 1200 1520 1232 Civitatis
1539 1203 1642 1233 nostrae
1657 1206 1837 1247 Londoniae,
1861 1210 1992 1250 Magistri
2012 1211 2155 1250 Johanms
2170 1219 2297 1256 Kyngton

1248 1234 1373 1279 Clerici,
1391 1248 1424 1268 ac
1440 1239 1576 1270 Willlelmi
1593 1242 1718 1272 Askham
1735 1243 1815 1277 Civis
1837 1248 1870 1278 &
1886 1250 2071 1280 Aldermanni
2085 1253 2213 1285 Civitatis
2228 1267 2299 1296 prae—

1246 1273 1742 1324 ditstae,⁸pleniffime⁸confidentes⁸,
1764 1294 1796 1314 ac
1820 1294 1943 1318 tenentes
1966 1291 2020 1320 line
2040 1290 2127 1322 dubio
2150 1294 2230 1331 qubd
2249 1305 2300 1333 ea,

1248 1322 1311 1380 qiiae
1342 1323 1381 1344 eis
1404 1324 1628 1356 committimus,
1651 1317 1765 1350 fideliter
1785 1333 1818 1353 ac
1846 1324 2016 1358 laudabiliter
2046 1331 2182 1362 curabunt
2208 1333 2300 1364 adim-

1277 1361 1341 1390 ere,

1247 1361 1267 1389 p
1286 1389 1333 1420 Ad
1356 1390 1608 1438 Traetandum⁸&
1632 1395 1872 1431 Conveniendum
1892 1412 1977 1442 cum,
2003 1405 2110 1437 Nobili
2133 1408 2301 1449 Potentique

1248 1426 1344 1473 Almjae
1359 1428 1520 1475 Religionis
1529 1431 1620 1471 Viro,
1645 1436 1737 1468 Fratre
1752 1439 1840 1468 Ulrico
1854 1440 1886 1469 de
1898 1441 2197 1483 Jungingen,Ordinis
2213 1448 2301 1480 beatae

1249 1465 1352 1498 Mariae
1375 1468 1624 1512 Tlieutonicorurn
1645 1473 1790 1513 Magistro
1804 1476 1955 1516 Generali,
1976 1482 2082 1512 Amico
2105 1485 2202 1516 nostro
2220 1487 2300 1518 caris-

1248 1505 1338 1549 simo,
1356 1515 1401 1537 aut
1415 1508 1497 1544 ipsius
1511 1508 1736 1553 Commissariis,
1756 1515 2002 1557 Procuratoribus,
2017 1520 2051 1550 N
2055 1523 2158 1561 unciis,
2175 1524 2301 1563 Deputa-

1248 1551 1281 1573 tis
1297 1545 1342 1574 seu
1361 1544 1552 1585 Deputandis,
1568 1547 1755 1583 sufficientem
1772 1553 1943 1585 Potestatem
1959 1557 1992 1587 &
2002 1557 2169 1591 Mandatum
2183 1562 2301 1599 speciale

1247 1582 1281 1612 ad
1305 1583 1571 1626 hoc⁸habentibus‚
1601 1588 1638 1618 de
1669 1590 1703 1620 &
1723 1591 1801 1630 super
1825 1593 2048 1633 quibuscumque
2073 1598 2302 1642 Qiaestionibus,

1247 1620 1407 1689 {⁸3⁸⁸ampnis,
1424 1622 1658 1666 Gravaminibus,
1673 1628 1798 1670 Injuriis,
1813 1629 1995 1672 Exceffibus,
2010 1634 2124 1675 Riotis,
2136 1637 2168 1668 &
2183 1638 2303 1676 Discor-,

1268 1669 1317 1698 iis,

1286 1697 1360 1730 Inter
1378 1699 1465 1740 Nos,
1479 1702 1636 1747 Ligeosque
1650 1704 1745 1746 Regni
1764 1709 1852 1740 nostri
1873 1710 2019 1750 praediffi,
2036 1722 2070 1743 ac
2090 1712 2212 1746 aliorum
2227 1715 2302 1748 Ter-

1248 1747 1342 1768 rarum
1362 1738 1396 1769 &
1410 1739 1617 1773 Dominiorum
1633 1745 1794 1778 nostrorum
1814 1748 1965 1788 Subditos,
1979 1751 2012 1781 &
2035 1753 2181 1788 praefaturn
2203 1755 2304 1793 Magi-

1247 1776 1337 1806 strum
1351 1777 1521 1810 Generalem
1529 1802 1540 1818 ,
1553 1791 1587 1812 ac
1601 1783 1680 1820 ipsius
1696 1783 1830 1817 Subditos
1845 1788 2046 1827 quoscumque,
2060 1792 2153 1829 quavis
2167 1802 2201 1823 ex
2209 1792 2304 1826 Causa

1248 1815 1294 1846 vel
1310 1814 1470 1847 Occasione
1485 1819 1570 1849 motis
1582 1824 1683 1852 mutuo
1698 1824 1732 1854 &
1744 1826 1861 1863 exortis,

1284 1852 1409 1892 Ipsasque
1424 1856 1619 1897 Quaestiones,
1637 1859 1785 1901 Exceffus,
1803 1864 1837 1895 &
1855 1863 2032 1904 Discordias,
2055 1868 2140 1897 etiam
2162 1869 2182 1900 fi
2197 1869 2307 1908 aliquo-

1248 1901 1313 1923 rum
1337 1892 1539 1932 Dampnorum
1557 1897 1590 1927 &
1609 1896 1835 1940 Gravaminum,
1855 1902 1922 1933 hinc
1944 1904 2012 1934 inde
2026 1905 2184 1947 illatorum,
2205 1909 2235 1938 vi
2273 1920 2302 1940 re

1248 1930 1401 1962 TraCtatfis
1412 1955 1422 1971 ,
1436 1934 1507 1965 inter
1519 1934 1631 1966 nostros
1645 1936 1679 1967 &
1693 1937 1763 1969 dieti
1779 1939 1911 1978 Magistri
1924 1941 2071 1973 Generalis
2084 1943 2206 1977 Commi
2232 1949 2305 1978 arios

1247 1968 1281 1999 δε
1298 1969 1490 2003 Procuratores
1504 1971 1607 2011 habiti,
1630 1975 1664 2006 ad
1678 1976 1801 2008 nostram
1816 1980 1850 2010 ὃς
1870 1980 1994 2017 ejusdem
2011 1981 2143 2019 Magistri
2159 1984 2306 2016 Generalis

1247 2007 1418 2040 audientiam
1435 2010 1612 2043 Examinatio
1627 2014 1662 2044 δε
1676 2014 1836 2056 Diseussio,
1859 2016 1933 2050 faeta
1957 2019 2038 2051 fuerit
2059 2021 2169 2061 relatio,
2187 2024 2304 2056 Termi·

1243 2047 1387 2086 nandum,
1404 2048 1591 2089 Finiendum,
1607 2052 1641 2083 &
1659 2051 1889 2094 Pacificandum,

1282 2084 1419 2126 Dampna
1431 2090 1536 2127 etiam,
1553 2088 1746 2132 Gravamina,
1761 2094 1795 2124 &
1813 2093 1929 2132 Injurias
1945 2098 2043 2127 omnia
2057 2099 2091 2129 &
2106 2098 2228 2139 singula,
2253 2112 2304 2140 pet

1247 2122 1335 2164 Nos,
1354 2127 1477 2166 Ligeos,
1496 2128 1530 2160 &
1547 2127 1680 2160 Subditos
1700 2131 1826 2171 nostros,
1848 2133 1929 2165 dieto
1950 2134 2095 2173 Magistro
2111 2137 2243 2170 Generali
2258 2148 2306 2172 aut·

1245 2161 1371 2196 Subditis
1383 2165 1435 2196 suis
1448 2166 1574 2198 indebite
1590 2167 1637 2198 vel
1651 2169 1753 2208 injuste
1767 2170 1841 2203 faeta
1855 2173 1889 2203 &
1902 2172 1989 2212 illata,
2003 2176 2121 2207 nomine
2136 2177 2232 2208 nostro
2241 2178 2304 2209 Re-

1245 2201 1446 2242 formandum,
1469 2204 1688 2246 Reparandum,
1705 2210 1739 2241 ὃς
1758 2209 1994 2251 Emendandum,
2013 2222 2047 2244 ac
2061 2213 2097 2244 de
2117 2215 2150 2246 &
2163 2216 2242 2254 super
2252 2217 2305 2248 eis-

1245 2241 1315 2272 dem
1330 2241 1578 2280 Componendum
1594 2245 1628 2275 &
1642 2246 1883 2288 Tranfigendum,

1283 2279 1508 2320 Confimilesque
1529 2281 1746 2324 Reparationes,
1764 2286 1924 2326 Emendas,
1946 2289 1982 2320 &
1999 2288 2241 2333 Reformationes‚
2265 2293 2304 2326 de

1246 2320 1366 2356 praefato
1395 2319 1538 2358 Magistro
1566 2322 1717 2362 Generali,
1742 2335 1776 2356 ac
1807 2325 2032 2366 Cominiffariis,
2056 2329 2304 2372 Procuratoribus‚

1248 2357 1283 2388 N
1286 2359 1375 2388 unciis
1381 2380 1392 2397 ,
1416 2357 1463 2389 seu
1477 2359 1625 2397 Deputatis
1644 2361 1698 2392 suis
1717 2371 1764 2393 aut
1781 2363 1961 2402 deputandis,
1980 2375 2034 2402 pro
2054 2367 2109 2406 Se,
2128 2369 2162 2399 &
2177 2370 2306 2402 Subditis

1246 2395 1299 2426 suis
1321 2397 1489 2435 quibuscum
1511 2407 1563 2435 ue,
1586 2408 1638 2436 pro
1657 2400 1773 2439 Nobis,
1797 2401 1910 2442 Ligeis,
1927 2403 1961 2434 &
1980 2404 2105 2437 Subditis
2125 2407 2224 2440 nostris
2244 2410 2307 2442 Re-

1246 2434 1429 2472 quirendum,
1446 2435 1480 2466 &
1526 2437 1570 2466 eci
1591 2436 1724 2477 iendum,

1283 2473 1415 2503 Necnon
1437 2473 1473 2504 ad
1497 2473 1558 2505 Tra
1589 2475 1694 2507 andum
1709 2476 1823 2508 ulterius
1841 2479 1876 2511 δε
1891 2478 2132 2514 Concludendum
2148 2493 2217 2516 cum
2231 2496 2308 2525 prae-

1246 2510 1305 2541 fato
1329 2511 1469 2551 Magistro
1491 2512 1640 2552 Generali,
1671 2523 1717 2545 aut
1738 2515 1964 2557 Commiffariis,
1989 2519 2239 2564 procuratoribus,
2270 2528 2306 2559 &c

1247 2549 1375 2581 Nunciis
1394 2550 1462 2588 suis,
1481 2549 1630 2588 Deputatis
1651 2551 1699 2583 seu
1714 2552 1908 2594 Deputandis,
1932 2557 2118 2589 sufficientem
2132 2560 2305 2595 Potestatem

1248 2588 1282 2618 δε
1303 2589 1508 2619 Auetoriratem
1529 2590 1713 2629 habentibus,
1730 2591 1809 2630 super
1830 2594 2051 2634 quibuscumque
2073 2597 2307 2635 Confoederatio-

1247 2627 1347 2694 nit⁸>us,
1368 2627 1467 2671 Ligis,
1485 2626 1658 2668 Alligantiis,
1675 2630 1708 2661 &
1729 2630 1873 2663 Amicitiis
1891 2633 2070 2673 specialibus,
2089 2640 2306 2682 temporalibus,

1247 2674 1283 2695 ve
1323 2676 1353 2696 er
1374 2674 1443 2696 etuis

1285 2675 1460 2742 ΙπξῑετΡΝοεζ
1477 2703 1634 2744 Haeredes,
1652 2707 1685 2738 &
1704 2707 1885 2741 Successores
1906 2710 2017 2742 nostros
2038 2712 2067 2742 in
2081 2712 2186 2754 Regno
2207 2717 2306 2750 nostro

1248 2741 1379 2781 Angliae,
1396 2753 1429 2773 ac
1443 2742 1544 2774 Terras
1559 2744 1592 2775 ὃς
1608 2745 1746 2777 Dominia
1769 2747 1869 2783 nostra}
1882 2759 2069 2789 quaecumque
2092 2753 2250 2799 Ligeosque
2270 2759 2306 2789 &

1248 2780 1382 2812 Subditos
1402 2781 1513 2812 nostros
1530 2782 1742 2822 quoscumque,
1763 2795 1798 2816 ex
1818 2786 1891 2826 una,
1911 2789 1946 2819 &
1966 2789 2116 2826 praefatum
2133 2791 2304 2831 Magistrum

1231 2838 1233 2841 -
1249 2818 1436 2858 Generalem,
1456 2819 1633 2852 Succeffores
1647 2822 1725 2861 suos,
1743 2824 1776 2854 &
1791 2825 1930 2856 Ordinem
1944 2827 2113 2864 praedietum
2123 2841 2173 2868 ,ac
2187 2842 2307 2864 eorum-

1247 2858 1314 2889 dem
1335 2858 1468 2890 Subditos
1496 2859 1530 2891 &
1552 2860 1661 2898 Ligeos
1682 2861 1892 2903 quoscumque,
1918 2874 1994 2903 parte
2021 2875 2055 2897 ex
2085 2867 2183 2908 altera,
2207 2871 2306 2904 ineun-

1247 2896 1289 2927 dis

1285 2920 1332 2967 Ᾱε
1353 2937 1389 2968 de
1410 2935 1655 2969 Conventionibus
1671 2939 1744 2969 inter
1757 2939 1863 2978 Ligeos
1882 2941 1916 2972 &
1932 2941 2065 2975 Subditos
2085 2944 2153 2976 hinc
2172 2947 2255 2986 inde,
2273 2949 2304 2980 in

1248 2973 1450 3006 Mercimoniis
1469 2978 1500 3007 &
1514 2976 1573 3007 aliis
1591 2977 1688 3016 licitis,
1706 2977 2057 3013 Inter-comunicationibus
2073 2983 2168 3015 secure
2185 2986 2219 3017 &
2230 2988 2305 3019 ami-

1247 3014 1370 3044 cabiliter
1381 3013 1476 3044 fiendis
1483 3037 1493 3053 ‚

1287 3053 1332 3084 Ac
1347 3052 1425 3090 super
1439 3053 1571 3083 omnibus
1586 3053 1619 3084 ὃς
1633 3054 1741 3094 singulis
1756 3055 1901 3094 Articulis,
1920 3067 2180 3100 quantumcumque
2199 3062 2304 3101 specia-

1247 3091 1336 3130 libus,
1351 3093 1400 3130 qui
1417 3091 1519 3129 ngas,
1535 3091 1819 3132 confoederationes,
1838 3096 2042 3135 &Amicitias,
2060 3100 2129 3130 inter
2143 3101 2306 3140 Nos‚Hae-

1247 3130 1341 3169 redes,
1365 3132 1399 3162 &
1422 3128 1600 3161 Succeffores
1622 3131 1730 3162 nostros
1750 3134 1780 3163 in
1803 3133 1905 3173 Regno
1925 3135 2056 3175 Angliae,
2081 3138 2114 3168 &
2137 3137 2305 3179 Magistrum

1247 3168 1419 3199 Generalem
1439 3168 1629 3208 antedietum,
1647 3171 1681 3201 &
1704 3170 1881 3203 Successores
1897 3173 1976 3212 suos,
1999 3185 2031 3206 ac
2049 3175 2188 3207 Ordinem
2201 3180 2305 3216 praedi-

1246 3206 1328 3238 etum
1343 3206 1508 3245 firmandas,
1524 3207 1717 3247 [contingere]
1734 3209 1852 3249 possint,

1285 3246 1488 3284 Quaecumque
1501 3246 1610 3284 insuper
1626 3247 1697 3278 Dies
1710 3250 1743 3280 &
1759 3249 1855 3288 Loca,
1872 3249 1906 3280 ad
1919 3251 2125 3288 expeditionem
2141 3253 2307 3286 Praemisso-⁴

1247 3294 1308 3314 rum
1330 3283 1478 3316 neceffiria
1499 3284 1543 3314 vel
1564 3294 1716 3324 oportuna,
1733 3287 1952 3327 praefigendum,
1977 3290 2172 3331 limitandum,
2189 3293 2222 3324 &
2240 3294 2302 3325 affi-

1246 3323 1392 3359 giiandum
1402 3345 1412 3361 ,
1429 3332 1461 3352 ac
1476 3322 1579 3362 praefigi
1591 3324 1623 3353 ὃ(
1638 3324 1767 3362 affignari
1780 3327 1950 3366 petendum,
1965 3338 1998 3359 ac
2014 3330 2044 3359 in
2057 3339 2105 3360 eos
2123 3330 2155 3361 &
2171 3341 2202 3362 ea
2219 3331 2304 3364 Con-

1245 3361 1417 3392 veniendum
1432 3362 1464 3391 &
1479 3360 1741 3402 Concordandum,
1828 3394 1834 3397 A

1283 3399 1412 3430 Necnon
1434 3401 1532 3429 omnia
1553 3400 1587 3430 &
1611 3400 1728 3440 singula,
1747 3412 1810 3440 quae
1823 3401 1871 3434 'fic
1885 3403 2030 3444 Trfflara,
2050 3405 2218 3449 Conventa,
2242 3409 2301 3442 Re-

1244 3438 1361 3469 formata
1371 3460 1380 3476 ,
1393 3437 1693 3477 Finita,Terminata,
1712 3440 1908 3481 Concordata,
1924 3443 2080 3484 Reparata,
2096 3448 2115 3466 ⁴⁸
2130 3446 2299 3488 Emendata‚

1244 3476 1392 3508 Pacificata
1406 3499 1415 3514 ‚
1439 3475 1622 3514 Composita,
1650 3479 1695 3508 vel
1712 3479 1864 3511 Transat‘Zta
1878 3481 1997 3521 fuerint,
2027 3493 2094 3514 cum
2111 3487 2191 3516 omni
2210 3487 2296 3518 Secu-

1244 3517 1339 3553 ritate,
1355 3515 1448 3545 debita
1466 3515 1499 3544 &
1515 3514 1648 3555 honesta,
1669 3518 1697 3546 in
1712 3517 1768 3548 hoc
1784 3519 1864 3557 casu,
1883 3520 1917 3550 ὃ(
1932 3521 1985 3551 hac
2002 3523 2083 3561 vice,
2107 3525 2224 3555 nomine
2246 3535 2299 3555 no-

1244 3555 1320 3592 stro,
1338 3554 1370 3584 &
1385 3552 1541 3583 Haeredum
1562 3562 1596 3583 ac
1611 3554 1809 3587 Successorum
1833 3557 1995 3589 nostrorum
2015 3561 2232 3601 praedictorum,
2252 3563 2299 3593 fir-

1245 3594 1326 3622 miter
1342 3593 1373 3622 &
1389 3590 1586 3621 inviolabiliter
1599 3591 1785 3632 observanda,
1802 3595 1968 3627 Vallandum
1983 3599 2017 3629 &
2032 3599 2054 3628 F
2056 3599 2230 3638 irmandum,

1282 3629 1525 3666 Coniimilemque
1539 3628 1720 3661 Securitatem
1730 3654 1739 3670 ,
1762 3643 1814 3669 pro
1828 3633 1926 3664 Nobis
1941 3636 1973 3665 &
1990 3636 2122 3668 Nomine
2134 3638 2245 3676 nostro,
2263 3639 2298 3670 &

1243 3668 1401 3699 Haeredum
1415 3668 1448 3698 &
1462 3666 1659 3698 Succefforum
1672 3670 1850 3710 nostrorum,
1868 3682 1884 3702 a
1895 3673 1975 3703 dieto
1991 3673 2132 3712 Magistro
2149 3675 2299 3717 Generali,

1246 3707 1360 3744 ipsiusve
1388 3704 1612 3743 Commiffariis,
1639 3707 1779 3747 Nuncsss,
1813 3709 2059 3751 Procuratoribus,
2083 3713 2128 3743 vel
2153 3712 2301 3751 Deputatis

1243 3745 1420 3781 Petendum,
1437 3742 1651 3783 stipulandum,
1669 3746 1702 3776 ὃς
1722 3746 1949 3787 Recipiendum‚

1277 3782 1493 3821 Jurandumque
1513 3782 1543 3810 in
1565 3781 1701 3814 Animam
1725 3785 1849 3817 nostram
1865 3789 1943 3825 quod
1961 3787 2026 3818 Nos
2045 3787 2193 3827 Tractata,
2215 3790 2300 3823 Con-

1245 3829 1347 3859 venta,
1366 3819 1565 3857 Concordata,
1592 3820 1748 3861 Promissa,
1773 3824 1958 3863 Reformara,
1983 3826 2088 3862 Finita,
2114 3825 2299 3870 Composita,

1244 3859 1396 3890 Transaeta
1407 3880 1417 3896 ,
1435 3859 1467 3889 δε
1482 3858 1644 3890 Terminata
1660 3862 1690 3890 in
1706 3862 1757 3892 hac
1780 3872 1872 3902 parte,
1897 3864 1969 3894 Rata
1983 3864 2188 3908 habebimus&
2210 3867 2296 3901 Grata

1244 3899 1344 3936 pariter
1364 3898 1397 3928 &
1414 3896 1558 3934 Accepta,
1580 3907 1632 3928 nec
1647 3901 1711 3939 quic
1735 3901 1780 3930 uid
1803 3902 2012 3938 procurabimus
2033 3911 2078 3941 aut
2098 3901 2236 3945 sacremus
2250 3916 2300 3944 pei·

1266 3936 1321 3965 uod
1343 3935 1493 3971 Tra6tara,
1518 3935 1683 3976 Conventa,
1731 3939 1903 3976 'oncordata,
1933 3939 2085 3982 Promissa,
2118 3941 2300 3985 Retorinata,

1244 3947 1351 4012 imita,
1369 3973 1552 4010 Terminata,
1569 3972 1753 4013 Composita,
1778 3978 1811 4006 &
1830 3976 1979 4007 Transaeta
2001 3977 2177 4019 hujusmodi,
2194 3981 2298 4016 effectu

1245 4013 1344 4044 debito
1358 4010 1479 4042 frustrari
1492 4020 1619 4048 poterunt
1637 4014 1681 4044 seu
1697 4014 1914 4051 quomodolibet
1932 4016 2061 4052 impediri

1283 4050 1329 4081 Ac
1338 4049 1355 4090 J
1359 4057 1535 4082 uramentum
1549 4052 1710 4090 confimile,
1724 4052 1759 4080 ab
1775 4051 1877 4083 eodem
1893 4051 2035 4092 Magistro
2046 4039 2194 4098 Cv'enerali,
2214 4059 2300 4092 suisve

1722 4088 1753 4121 X
1775 4099 1793 4121 2
2210 4096 2303 4135 C0m7

2322 268 2398 302 Ann.
2408 273 2452 305 D.-

2345 319 2431 349 1409.

2317 352 2378 376 Hen.
2399 360 2429 386 4.
2447 360 2449 364 ⁴

2353 387 2421 415 Ibid.

1438 445 1734 484 raecipimus,firmiter
1751 450 1924 488 injungentes
1935 455 2014 492 quod
2029 455 2137 496 statim,
2153 457 2213 487 vifis
2227 468 2299 503 p‘ae]‘
2316 470 2333 489 ο
2345 473 2429 502 V111⁸

2346 513 2408 538 612.

2316 1143 2389 1174 Ann.
2405 1144 2447 1179 D,

2336 1193 2422 1220 1409.

2316 1226 2366 1250 All.
2388 1232 2427 1250 ΙΙ.

2317 1265 2351 1288 Η.
2372 1271 2400 1295 4.

2316 1302 2401 1325 Fraus.

2321 1347 2359 1363 ii.
2377 1340 2408 1364 H.
2418 1339 2451 1371 42

2316 1386 2353 1406 m.
2366 1376 2408 1402 18.

2321 3453 2340 3474 ⁴*
2349 3456 2432 3483 vm.

2348 3495 2414 3531 6i3.
