2562 4274
26 188 105 220 Ann.
119 184 157 215 D.

49 234 135 264 1413.

29 270 93 294 Heu.
112 273 140 300 5.

35 742 169 777 A1111.D.

62 791 145 821 1413.

33 826 88 850 Aa.
113 832 135 849 ι.

35 865 71 888 H.
90 869 117 896 5.

35 903 126 927 Franc.
146 908 174 927 ¹.

35 942 70 965 H.
92 946 119 971 5.

36 985 72 1003 m.
89 984 134 1004 ιι.

47 2141 181 2170 *lX.6t.

50 2225 179 2256 AnnD.

69 2274 154 2304 1413.

47 2308 100 2331 Aa.
124 2314 147 2330 1.

49 2346 83 2369 H.
107 2352 131 2376 5,

49 2385 89 2408 Ex
99 2381 182 2416 Rvgr'st.

49 2419 161 2446 Clytciael.

50 2463 75 2493 p.
98 2466 122 2484 2.

51 2493 124 2529 Infra

52 2531 172 2560 Biblioth.

53 2570 185 2598 Lambeth.

178 114 229 154 50
673 80 1260 136 CONVENTIO

180 221 349 255 Consimilia
368 219 467 252 Brevia
478 218 635 286 diriguqt3ur
644 214 879 285 nVicecglaeiitiitibus
892 212 1049 253 subscriptis
1057 235 1067 250 ,
1081 210 1132 242 sub
1148 208 1250 240 eadem

612 264 657 286 ata
675 265 685 293 3
708 264 736 285 vi
783 262 856 292 icet,

221 341 348 369 Vicecom.
369 332 550 365 Northumbr.

222 380 250 407 V
250 381 349 406 icecom.
367 373 473 403 Cumbr.

222 418 250 445 V
253 419 350 444 icecom.
371 408 519 450 Westmerl.

223 456 251 483 V
252 456 352 482 icecom.
370 448 494 480 Lincoln.

224 493 352 521 Vicecom.
371 486 464 526 Norff.
483 485 521 521 ὠ·
537 484 606 524 Suff-

224 527 390 559 Cancellario
407 530 437 557 in
452 530 527 556 Com.
546 524 677 555 Palatino
697 521 844 562 Lancastr.

1231 526 1242 531 ”
1290 520 1402 544 certum

1289 79 1496 134 NES,
1560 79 1945 133 LITERAE,

1322 166 1396 205 Sed,
1411 167 1446 198 ad
1470 166 1621 207 Rogatum
1641 167 1724 207 ipsius
1749 165 1877 198 Domini
1897 165 1987 197 nostri
2009 164 2098 205 Regis
2110 164 2200 203 ipsum
2213 167 2360 196 Dominum

1286 204 1450 245 Johannem
1466 206 1523 236 sine
1535 206 1691 238 Dedecore
1702 206 1737 237 ad
1753 206 1893 237 unitatem
1904 204 2040 236 Ecclesiae
2055 203 2189 235 reducere
2205 204 2361 244 cupientes,

1288 253 1409 275 omnem
1433 243 1646 276 Executionem
1666 244 1885 276 Praemifforum
1904 243 1940 275 ad
1955 243 2086 282 Tempus
2101 252 2238 282 magnum
2254 242 2361 273 distuli-

1289 292 1383 351 quse'd
1399 321 1521 364 demum
1544 323 1610 360 quia
1621 322 1751 360 praefatus
1765 321 1914 352 Dominus
1926 320 2022 352 noster
2035 318 2099 351 Rex
2111 320 2187 365 circa
2200 318 2363 363 Reductio-

1289 368 1357 389 nem
1381 360 1517 397 eiusdem,
1539 360 1604 398 post
1623 370 1654 391 m
1690 371 1744 391 nos
1765 360 1906 397 Labores,
1934 369 1995 390 non
2016 358 2153 397 profecit,
2177 367 2262 396 prout
2282 358 2362 388 idem

1290 397 1440 429 Dominus
1462 397 1557 428 noster
1581 370 1784 438 Rexaglobis,
1801 407 1862 429 tam
1882 397 2001 436 Verbo,
2019 398 2108 435 quam
2121 398 2151 427 in
2164 397 2297 435 Scriptis,
2315 406 2362 427 re-

1289 435 1362 466 ferre
1381 436 1562 475 dignabatur,
1579 436 1648 467 Nos
1669 437 1867 476 subsequenter
1882 435 2005 467 eundem
2020 439 2168 466 Dominum
2180 435 2342 475 Johannem

1289 473 1326 504 de
1347 474 1381 505 &
1403 476 1482 543 sulper
1504 475 1654 506 Praemiffis
1669 476 1850 514 personaliter
1866 474 2060 514 responsurum
2074 483 2172 505 coram
2188 474 2304 511 Nobis,
2323 484 2340 504 a

1453 514 1595 543 erminum
1619 513 1774 553 effluxum,
1793 514 1974 545 decrevimus
1994 513 2190 550 evocandum,
2213 522 2248 543 ac
2269 513 2361 543 Nun-

1237 579 1239 581 ,
1290 552 1369 581 cium
1391 551 1522 582 nostrum
1544 561 1614 582 cum
1642 552 1742 583 Literis
1762 553 1864 583 nostris
1882 552 2026 583 Citatoriis
2038 551 2072 583 ad
2087 551 2199 582 dietum
2214 553 2362 581 Dominum

282 655 331 688 De
343 653 435 699 solvo
453 651 606 686 Conduffu
619 672 628 688 ‚
647 659 703 695 pro
721 642 995 689 Ambaffiatoribm
1014 646 1157 677 Franciae.

253 737 335 776 EX,
353 736 485 769 universis
506 736 538 768 &
559 733 670 775 singulis
696 731 874 769 Admirallis,
893 731 954 762 &c.
973 730 1008 761 ad
1021 739 1109 770 quos,
1125 729 1187 761 &c.
1205 727 1254 760 Sa-

272 778 362 808 lutem

229 815 327 847 Sciatis
341 814 419 854 quod
429 837 438 852 ,
736 851 741 855 ¹
934 847 938 851 ³
1020 846 1025 852 ι
1133 845 1138 850 ,

227 853 311 886 Cum
331 852 520 892 Adverfhrius
540 848 624 890 noster
642 851 781 884 Franctae,
799 846 998 876 venerabilem
1019 855 1048 875 m
1068 843 1185 875 Christo
1204 843 1258 874 Pa-

191 901 263 924 trem
280 917 288 932 ,
316 891 547 931 Archiepisc'opum
574 889 606 918 de
628 890 717 924 Bourg
733 909 742 924 ‚
766 885 910 923 Carolum,
935 887 1080 914 Dominum
1097 884 1128 912 de
1146 882 1170 927 le
1190 886 1259 912 Bret

191 930 439 962 Constabulariuni
462 927 588 960 Franciae
602 925 859 965 Conlanguineurn
873 922 1019 966 nostrum,
1038 923 1071 953 ὃ(
1088 921 1260 965 Magistrum

192 973 337 1000 Gouterum
359 969 408 999 Col
431 967 617 998 Secretarium
643 965 722 1000 iplius
745 962 899 992 Adversarii
923 960 1032 998 nostri,
1063 959 1203 1003 Nuncios
1225 960 1258 991 &

193 1009 412 1039 Ambaffiatores
429 1006 507 1041 suos,
524 1003 711 1035 sufficientem
736 1000 961 1036 Auctoritatem,
979 1008 1008 1029 ut
1026 998 1134 1041 asserit,
1153 997 1261 1028 haben-

193 1055 252 1085 tes,
270 1056 355 1085 penes
372 1045 524 1077 Personam
540 1041 685 1077 nostram,
702 1040 743 1068 ob
756 1047 842 1070 certas
856 1036 958 1068 Causas
972 1038 1005 1068 ὃ(
1029 1036 1179 1081 Materias,
1199 1035 1260 1067 Re-

193 1086 352 1116 verentium
373 1084 475 1115 Dei&
493 1081 674 1111 evitationem
687 1076 830 1108 effusionis
844 1076 992 1116 Sanguinis
1007 1074 1160 1106 Christiani
1175 1084 1262 1106 noto-

192 1124 235 1154 rie
252 1131 471 1157 concernentes,
491 1121 600 1150 mittere
615 1125 756 1155 proponat
770 1116 804 1146 &
818 1114 972 1153 destinare,

234 1161 303 1192 Nos
312 1185 320 1199 ,
337 1161 448 1192 attentis
459 1157 557 1200 Cauiis
570 1156 727 1197 praedietis,
739 1193 745 1199 ὁ
883 1193 887 1198 .
1120 1192 1125 1197 ¹

230 1199 366 1230 Volentes
391 1208 443 1237 pro
461 1197 616 1230 Securitate
636 1196 669 1226 &
684 1194 791 1232 Qiete
803 1192 1005 1232 praedic‘torum
1022 1190 1213 1222 Nunciorum
1228 1193 1261 1224 &

194 1238 433 1270 Ambailiatorum
449 1245 534 1274 penes
546 1234 698 1264 Personam
711 1231 836 1262 nostram
846 1254 856 1269 ,
876 1231 947 1261 infra
962 1230 1117 1274 Regnum,
1134 1228 1262 1273 Potesta.

194 1286 270 1315 tem,
290 1278 323 1308 δε
339 1275 477 1307 Dominia
490 1272 603 1310 nostra,
621 1281 689 1302 cum
704 1270 845 1302 Ducentis
861 1269 1008 1308 Personis,
1027 1267 1211 1313 Equestribus
1226 1270 1260 1301 &

193 1316 389 1354 Pedestribus,
409 1313 531 1344 Armatis
553 1312 598 1341 vel
621 1320 682 1340 non
699 1309 835 1347 Armatis,
854 1309 883 1338 in
896 1317 996 1340 eorum
1010 1306 1157 1337 Comitiva
1177 1308 1262 1345 (iplis

192 1353 413 1394 Archiepiftopo,
432 1350 545 1388 carolo,
563 1349 602 1386 ὠ·
634 1352 749 1380 Goutero
770 1349 801 1378 in
816 1346 918 1378 eodem
934 1356 1056 1378 numero
1071 1347 1259 1385 computatis)

193 1394 353 1428 venieiidO,
370 1392 519 1432 providere
617 1427 622 1432 ¹
1021 1424 1030 1433 κ
1243 1424 1249 1429 υ

230 1432 409 1471 Suscepimus
427 1429 498 1468 ipsos
521 1412 657 1459 &uncios
680 1426 713 1456 &
730 1423 962 1462 Ambaffiatores,
980 1433 1036 1454 uria
1049 1432 1118 1453 curn
1133 1421 1262 1454 Personis

192 1471 351 1510 praedietis,
369 1479 401 1499 ac
422 1476 522 1498 eorum
543 1466 646 1505 Equis,
663 1463 821 1501 Hernesiis,
841 1461 942 1501 Bonis,
961 1462 994 1492 ὃ(
1014 1461 1128 1492 Catallis
1149 1461 1262 1500 quibus-

193 1520 336 1549 cumque,
353 1508 426 1538 infra
439 1506 592 1545 Regnum,
608 1502 791 1540 Potestatem,
810 1502 841 1532 ὅ(
862 1500 999 1531 Dominia
1015 1500 1109 1531 nostra
1121 1501 1264 1539 praedicta,

197 1559 282 1588 penes
297 1547 449 1578 Personam
463 1543 604 1579 nostram,
623 1552 655 1573 ex
671 1541 756 1571 causis
771 1540 928 1580 praedici-is,
948 1549 979 1570 ut
995 1539 1195 1582 praemittitur,
1212 1550 1263 1570 ve-

197 1587 321 1624 nlendo,
336 1585 444 1616 ibidem
465 1582 606 1614 morando
622 1604 632 1619 ,
657 1581 689 1611 &
709 1579 810 1610 exinde
832 1578 865 1608 ad
885 1577 980 1609 Partes
998 1577 1055 1608 suas
1077 1587 1199 1617 proprias
1220 1588 1264 1608 re-

195 1626 327 1662 deundo,
346 1626 373 1654 in
395 1623 499 1653 salvum
521 1621 553 1651 &
573 1620 702 1649 securum
726 1616 919 1648 Conductum
932 1616 1081 1660 nostrum,
1100 1626 1133 1648 ac
1148 1617 1177 1647 in
1190 1615 1264 1648 Pro-

198 1665 370 1701 tectionem,
387 1661 557 1691 Tuitionem
568 1681 576 1695 ,
597 1659 629 1689 δε
646 1656 852 1688 Defenfionem
870 1655 974 1687 nostras
990 1655 1134 1694 speciales,

240 1701 358 1733 Proviso
378 1701 485 1740 semper
501 1698 580 1735 quod
598 1695 705 1734 praefati
720 1694 833 1725 Nuncii
847 1694 880 1725 &
895 1693 1130 1732 Ambaffiatores,
1148 1703 1180 1724 ac
1196 1694 1265 1724 Per-

200 1741 275 1773 sonae
291 1739 451 1778 praedictae,
468 1737 638 1776 quicquam,
654 1735 731 1773 quod
745 1734 773 1764 in
788 1731 894 1764 Nostri
913 1733 958 1764 seu
973 1733 1075 1771 Populi
1091 1731 1178 1763 nostri
1193 1743 1264 1770 prae-

195 1780 335 1818 iudicium
356 1777 456 1808 cedere
478 1775 645 1812 valeat,non
661 1769 908 1812 attemptent,&c.
925 1775 990 1802 utin
1000 1771 1133 1802 Similibus
1147 1771 1179 1801 de
1193 1775 1265 1802 Con-

327 1820 410 1846 iteris.

200 1818 381 1893 dlllirl‘cfijus,
401 1855 463 1886 &o
479 1852 565 1892 usque
580 1850 712 1881 Primum
729 1849 819 1880 Diem
833 1848 977 1880 Februarii
989 1849 1124 1887 proximo
1139 1848 1267 1880 futurum

198 1895 421 1970 dufiftetsigeaskege
437 1929 510 1969 apud
527 1926 804 1969 westmonasterium,
821 1926 881 1957 viii.
893 1926 939 1957 die
954 1925 1102 1957 Octobris.

839 2005 892 2032 Per
907 2001 989 2041 ipficm
1002 2005 1107 2040 Regem.

233 2137 259 2164 >k
272 2133 513 2181 Archiepiftopus
532 2129 750 2173 Cantuarienfis
765 2138 868 2162 contra
889 2130 1056 2161 Dominum
1074 2127 1234 2173 Oldcastle.

257 2225 378 2259 Homas,
396 2217 584 2250 Permiffione
598 2215 722 2253 Divina,
748 2213 949 2250 cantuariensis
964 2213 1200 2254 Archiepiscopur‚
1218 2225 1265 2246 to-

263 2263 316 2292 tius
335 2259 447 2298 Anglize
465 2257 587 2293 Primas,
605 2256 638 2286 ὃ(
664 2254 839 2291 Apostolicae
861 2253 938 2283 Sedis
954 2253 1090 2292 Legatos,
1106 2253 1267 2286 Venerabili

266 2300 351 2330 Fratri
367 2297 482 2333 nostro,
502 2296 635 2325 Domino
657 2292 809 2329 Richardo,
827 2291 884 2322 Dei
899 2291 1003 2329 gratia,
1022 2292 1186 2333 Londinenjz
1199 2295 1266 2332 Epi-

197 2341 290 2381 stopo,
309 2338 431 2368 Salutem
445 2335 477 2366 ὃ(
495 2334 653 2364 Fraternam
669 2333 697 2362 in
712 2331 846 2361 Domino
860 2330 1044 2360 Charitatem.

244 2379 346 2416 Nuper
367 2384 466 2406 coram
490 2373 586 2403 Nobis
599 2394 608 2409 ,
634 2372 661 2400 in
681 2370 903 2411 Convocatione
926 2368 1110 2399 Praelatorum
1132 2370 1167 2401 ἃς
1187 2369 1267 2401 Cleri

202 2417 304 2447 nostrae
326 2411 529 2444 Cantuarienlis
548 2410 708 2441 Provinciae
723 2410 750 2438 in
769 2408 896 2438 Ecclelra
912 2407 1007 2437 nostra
1022 2408 1120 2439 Sancti
1137 2407 1216 2440 Pauli
1228 2410 1268 2440 ul-

205 2457 279 2486 timo
302 2451 451 2484 Celebrata
486 2459 554 2480 cum
575 2448 672 2478 iildem
691 2446 813 2477 Praelatis
832 2447 864 2477 ὃς
877 2446 985 2483 Clero,
1000 2446 1080 2484 super
1096 2446 1218 2478 Unione
1232 2451 1267 2480 &

207 2492 429 2524 Resorniatione
452 2474 584 2519 Ecclesiae
606 2486 774 2522 Anglicanae
786 2485 983 2525 uastantibus,
1000 2486 1071 2515 inter
1083 2495 1202 2523 caetera,
1219 2498 1268 2525 per

208 2531 277 2562 Nos
295 2531 326 2560 δε
348 2529 459 2560 eosdem
474 2526 603 2557 Praelatos
618 2526 650 2554 ὃ(
668 2523 788 2554 Clerum
803 2523 981 2554 Concluium
997 2525 1106 2561 extitit,
1122 2526 1196 2562 quali
1214 2535 1267 2564 pro

208 2568 376 2607 lmpoil'ibili
391 2591 399 2604 ,
424 2566 575 2596 Scissuram
595 2563 718 2593 Tunicae
741 2561 861 2592 Domini
882 2560 1055 2591 inconsutilis
1078 2561 1268 2604 Reformare,

208 2608 259 2639 nili
283 2607 356 2644 prius
377 2605 445 2635 certi
461 2603 609 2639 iringo-<ires
623 2601 738 2640 Regni,
754 2601 888 2635 Antores,
909 2599 1038 2642 Fautores
1048 2623 1058 2638 ,
1074 2600 1268 2641 Protectores,

208 2645 379 2678 Defensores
396 2666 406 2681 ,
431 2644 464 2674 ὃς
495 2641 669 2679 Receptores
697 2639 800 2669 horum
824 2638 1037 2680 Haereticorum
1058 2640 1106 2677 qui
1128 2640 1270 2671 Dicuntur

208 2686 263 2715 Lo
273 2693 293 2713 L
303 2693 323 2713 L
336 2693 354 2713 Α
367 2691 389 2712 R
399 2691 419 2711 ο
429 2691 458 2718 1,
476 2679 564 2710 effent
587 2678 677 2716 rigide
703 2677 873 2714 Reprehenli
883 2700 892 2715 ,
906 2686 940 2707 ac
950 2700 958 2714 ,
978 2679 996 2706 li
1018 2685 1090 2715 opus
1104 2677 1204 2715 fuerit,
1222 2689 1270 2718 per

207 2723 345 2753 Censuras
366 2719 520 2755 Ecclesiae,
538 2717 594 2747 una
614 2725 682 2746 cuin
698 2716 881 2746 invocatione
896 2714 1005 2746 Bracliii
1018 2715 1169 2755 Secularis‚
1188 2720 1204 2748 :⁸1
1219 2720 1271 2749 suis

210 2761 316 2793 Deviis
331 2760 477 2798 revocati,
947 2792 951 2797 ι
1051 2793 1055 2798 .

248 2799 303 2837 Et,
320 2797 393 2828 facia
406 2797 598 2838 subsequenter
607 2819 618 2833 ,
635 2795 662 2825 in
675 2792 775 2824 eadem
789 2793 1011 2833 Convocatione
1021 2815 1029 2829 ,
1049 2801 1118 2823 inter
1132 2793 1271 2825 Procura—

211 2848 285 2869 χοῖρε
306 2837 383 2866 Cleri
403 2837 435 2867 &
453 2838 548 2874 Alios,
564 2836 630 2875 qui,
648 2832 684 2863 dc
698 2833 808 2872 singulis
823 2831 1005 2861 Dloeceiibus
1017 2831 1138 2867 ejusdem
1152 2833 1271 2864 Nostrae

213 2876 395 2912 Provinciae,
419 2876 526 2906 ibidem
549 2876 578 2905 in
601 2881 705 2911 magno
728 2880 847 2902 numero
865 2869 1068 2907 interfuerunt,
1089 2870 1272 2909 inquisitione

207 2916 350 2955 diligenti,
370 2923 512 2950 repertum
532 2913 585 2944 fuit
595 2913 665 2943 inter
680 2909 812 2947 eosdem,
829 2918 863 2939 ac
883 2908 980 2938 Nobis
999 2907 1147 2940 detec‘tum
1169 2911 1201 2940 ὃ(
1221 2911 1272 2941 de-

210 2955 315 2990 latum,
335 2951 414 2983 ouOd
438 2953 581 2983 Dominus
601 2949 745 2989 Johannes
767 2945 943 2986 oldcastellus
964 2945 1051 2976 Miles
1072 2947 1159 2978 fuerat
1180 2950 1212 2979 ὃς
1231 2950 1271 2979 est

208 2985 367 3033 principalis
390 2990 585 3031 Receptatoi·,
620 2989 725 3019 Fautor
739 3010 749 3026 ,
772 2986 920 3018 Protee‘tor
943 2986 976 3016 &
998 2984 1136 3016 Defensor
1155 2997 1272 3018 eorum-

210 3032 278 3063 dem

249 3054 297 3100 Ac’
316 3067 415 3106 quod,
439 3066 591 3105 praesertim
608 3067 636 3095 in
653 3063 833 3095 Dioecesibus
857 3060 1048 3104 Londinenfi,
1066 3061 1198 3094 Roflensi
1211 3087 1220 3102 ,
1237 3065 1271 3096 ὃς

211 3105 394 3140 Heriordensi
404 3129 413 3144 ,
434 3106 505 3144 ipsos
521 3104 682 3142 Lollardos,
698 3104 733 3133 ab
745 3101 901 3132 ordinariis
915 3103 971 3130 {ive
983 3101 1156 3131 Dioecesanis
1173 3103 1271 3133 Loco-

212 3157 276 3179 rum
293 3146 414 3175 minimi:
429 3145 615 3179 Licentiatos,
631 3151 731 3173 contra
743 3139 986 3170 Constitutionem
1002 3139 1211 3170 provincialem
1229 3142 1272 3171 in-

212 3188 248 3218 de
264 3184 386 3219 factam,
403 3183 437 3213 ad
451 3181 667 3213 Praedicandum
681 3179 840 3214 transmisit,
857 3187 889 3208 ac
903 3186 1004 3207 eorum
1020 3177 1271 3210 Praedicationibus

212 3224 348 3263 ncphariis
361 3221 501 3259 interfuit,
519 3221 551 3251 ὃ(
565 3218 811 3254 Connadietores,
828 3217 848 3246 fi
863 3226 934 3254 quos
948 3225 1101 3260 repererat,
1120 3216 1270 3257 Minis,&

210 3262 399 3298 Terroribus,
416 3270 450 3291 ac
465 3258 560 3289 Gladii
572 3258 707 3289 Secularis
723 3257 852 3286 Potentia
869 3260 1058 3291 compelcuir,

251 3300 382 3330 Afferens
402 3300 435 3329 δε
454 3297 610 3334 affirmans,
626 3297 696 3325 inter
716 3304 834 3331 caetera,
849 3293 926 3331 quod
952 3292 1036 3330 Nos,
1056 3293 1088 3323 &
1109 3293 1274 3325 Confratres

213 3339 302 3370 nostri
312 3360 321 3375 ,
338 3336 510 3376 Suffraganei
525 3335 630 3365 nostr-x
645 3333 818 3368 Provinciae,
838 3341 898 3361 non
913 3332 1060 3361 habuimus
1073 3341 1126 3362 nec
1140 3332 1275 3363 habemus

213 3375 389 3410 Potestatem
403 3376 525 3413 aliquam
541 3372 702 3410 hujusmodi
718 3370 963 3402 Constitutionem
976 3370 1114 3407 faciendi,

256 3416 397 3451 Aliterque
416 3413 494 3442 sensit
513 3414 547 3443 &
570 3412 665 3448 sentit,
680 3419 711 3439 ac
727 3410 900 3448 dogmatizat
914 3409 947 3438 &
964 3407 1049 3439 docet
1063 3409 1099 3439 de
1111 3408 1276 3438 Sacramen-

216 3457 251 3487 τίς
265 3453 363 3484 Altaris
375 3453 408 3483 ὃς
421 3451 602 3481 Poenitentiae
611 3447 955 3488 ,Peregrinationibti<,&
972 3447 1192 3477 Adorationibus
1204 3446 1277 3477 Ima·

215 3495 334 3565 {num’
352 3492 384 3522 ὃ(
402 3489 550 3526 Clavibus,
566 3489 651 3527 quam
668 3486 804 3516 Romana
817 3486 849 3517 ὃς
867 3485 1039 3515 Universalis
1053 3485 1176 3517 Ecclesia
1192 3485 1278 3517 docet

240 3541 249 3548 “
283 3530 385 3560 ffirmat

254 3542 371 3607 (aQiare,
385 3551 419 3597 ἐκ
442 3574 516 3605 parte
536 3564 703 3595 eorumdem
725 3562 911 3593 Praelatoi-um
933 3562 966 3591 &
981 3561 1076 3599 Cleri,
1091 3569 1160 3592 tunc
1173 3562 1279 3592 fuimus

215 3619 246 3640 rc
268 3609 338 3638 uiliti
360 3615 408 3644 ut,
426 3605 461 3635 de
479 3604 512 3634 ὅ(
527 3604 603 3642 supra
622 3601 789 3639 Praemisfis,
807 3610 904 3632 contra
915 3600 1036 3631 eundem
1051 3603 1196 3630 Dominum
1210 3600 1280 3631 old-

221 3619 355 3688 caJPellum
370 3641 522 3684 procedere
535 3642 729 3677 dignaremur,
889 3677 894 3682 .
995 3677 1000 3682 .
1188 3677 1193 3682 .

258 3686 323 3717 Nos
340 3692 435 3714 tamen
452 3704 461 3719 ,
487 3681 527 3710 ob
548 3679 749 3709 Reverentiam
771 3677 895 3706 Domini
914 3676 1001 3705 nostri
1021 3676 1108 3715 Regis
1131 3677 1226 3715 (cujus
1243 3677 1277 3707 ad

222 3734 291 3755 tunc
312 3723 390 3753 idern
404 3722 535 3750 Dominus
549 3717 693 3757 Johannes
708 3715 857 3747 Familiaris
870 3715 995 3746 extiterat
1008 3720 1013 3742 l
1033 3724 1065 3744 ac
1080 3716 1120 3745 ob
1134 3715 1274 3745 honorem

218 3763 402 3793 nihilominus
423 3758 540 3788 Ordinis
565 3756 709 3791 Militaris,
730 3756 783 3784 una
800 3762 868 3784 cum
890 3753 1022 3782 omnibus
1035 3752 1232 3794 Confratribus
1246 3755 1280 3784 &

220 3800 408 3830 Suffiaoaneis
422 3795 525 3826 nostris
539 3795 623 3824 dicta·
638 3792 742 3824 nostrae
758 3791 933 3827 Provinciae,
951 3799 1020 3820 tunc
1036 3793 1230 3829 praesentibus,
1246 3793 1279 3823 &

222 3828 332 3875 magna
342 3846 416 3873 parte
431 3834 508 3865 Cleri
522 3832 641 3869 ejusdem
656 3831 760 3861 nostne
773 3829 935 3859 Provinciae
945 3852 953 3864 ,
970 3829 1003 3870 ad
1020 3828 1196 3860 praesentiam
1211 3830 1279 3859 dieti

222 3874 345 3905 Domini
362 3873 449 3904 nostri
465 3872 569 3910 Regis,
587 3881 655 3901 tunc
670 3872 696 3900 in
714 3868 846 3898 Manerio
859 3867 907 3897 suo
921 3867 957 3896 de
972 3866 1143 3905 l'xerxyiigton
1160 3867 1278 3898 eristen-

221 3915 274 3949 tis,
291 3913 467 3950 personaliter
486 3912 663 3947 accedentes,
680 3917 835 3943 contraque
855 3906 977 3947 eundern
1004 3909 1145 3935 Dominum
1167 3907 1195 3945 J
1209 3906 1280 3935 han-

223 3962 284 3981 nem
313 3951 466 4018 Ἥεωὶεῐη
487 3950 660 3987 deponentes
674 3970 683 3987 ,
708 3945 848 3977 Defectus
868 3943 989 3983 ejuidem
1011 3947 1121 3974 Domini
1140 3944 1281 3983 Johannis

218 3989 321 4030 partim
366 3988 544 4026 certavimus,

1286 589 1454 628 Johannem
1474 590 1692 629 transmisimuS,
1709 599 1780 622 tunc
1802 592 1832 621 in
1852 590 1956 622 Castro
1974 590 2024 622 suo
2042 590 2079 622 de
2094 589 2240 629 Couuling
2254 589 2361 629 degen-

1293 637 1387 712 [αξ-ὦ
1410 665 1536 697 Nuncio
1556 666 1656 697 nostro
1677 666 1807 712 dedimus
1830 668 1859 697 in
1878 667 2013 712 mandatis
2027 675 2058 712 ut
2071 666 2207 712 Castrum
2219 666 2290 697 dieti
2303 670 2362 697 Do-

1293 704 2361 782 fflssiffsshssssss‘sd‘galssffz,'35553515‘ubffifflsszffiaffi‘l’13³3

1296 783 1367 812 mini
1390 782 1478 813 nostri
1505 784 1532 813 R
1571 784 1610 821 is,
1630 783 1719 820 ipsum
1732 785 1879 812 Dominum
1891 766 2050 821 J’fohmem
2064 784 2215 821 requireret
2225 791 2361 822 quatenus

1294 829 1342 851 aut
1363 821 1440 852 daret
1462 821 1541 852 dicto
1599 822 1688 852 uncio
1710 820 1809 851 nostro
1832 819 1993 851 Licentiam
2015 821 2189 859 ingrediendi
2211 830 2242 853 ut
2263 823 2361 853 citaret

1295 859 1439 898 eundem,
1461 860 1506 891 seu
1527 860 1624 892 saltem
1647 868 1723 890 extra
1746 858 1880 890 Castrum
1901 857 1983 890 suum
2004 859 2173 896 praedictum
2193 860 2298 892 iaceret
2319 860 2359 892 sui

1296 897 1344 928 Co
1365 898 1440 937 iam,
1459 907 1488 929 ut
1502 899 1539 929 fic
1555 897 1698 929 Citatione
1713 898 1804 935 poffet
1818 908 1834 929 a
1854 896 2008 936 prehendi,

1333 907 1396 973 (ffiii
1411 946 1507 968 rameri
1521 940 1654 967 Dominus
1667 937 1814 976 Johannes
1849 935 1908 966 'isto
1920 935 2049 976 Johanni
2063 934 2230 974 Bottelerio,
2247 946 2282 967 ex
2295 946 2359 977 par-

1295 981 1324 1004 te
1340 974 1468 1005 Domini
1493 975 1582 1006 nostri
1605 976 1696 1013 Regis
1710 976 1760 1006 iibi
1775 974 1916 1006 Praemissa
1931 975 2102 1013 exponenti,
2119 974 2236 1012 publice
2247 976 2361 1013 'respon-

1296 1012 1353 1081 flit,
1370 1014 1451 1081 qqod
1473 1014 1551 1045 nullo
1572 1014 1663 1045 modo
1683 1015 1761 1045 citari
1776 1014 1887 1052 voluit,
1903 1023 1959 1044 nec
1974 1013 2152 1045 Citationem
2166 1014 2249 1052 ipfius
2259 1014 2363 1055 aliqua-

1306 1060 1357 1081 iter
1369 1061 1400 1081 to
1411 1062 1487 1082 erare

1335 1088 1459 1129 Nosque
1480 1075 1629 1128 p’raeterea,
1644 1090 1681 1121 de
1699 1090 1851 1122 Praerniffis
1865 1091 1948 1121 nobis
1964 1090 2038 1122 fadis.
2052 1089 2124 1128 fide,
2141 1089 2256 1122 ulterius
2271 1090 2280 1121 l
2318 1092 2364 1123 'ti-

1299 1129 1349 1158 me
1369 1129 1571 1168 procedentes,
1591 1129 1665 1160 faita
1687 1128 1786 1160 Nobis
1798 1129 1926 1166 primitus
1940 1129 2013 1160 fideli
2026 1128 2178 1160 Relatione
2190 1129 2293 1169 quodi
2313 1140 2363 1162 em

1297 1169 1429 1196 Dominus
1457 1167 1604 1207 Johannes
1636 1167 1770 1206 personali
1798 1166 1945 1198 Citatione
1972 1167 2144 1207 apprehendi
2167 1178 2228 1199 non
2251 1171 2364 1209 potuit,

1298 1205 1317 1225 ²*
1326 1205 1515 1237 Decrevimus
1529 1207 1652 1238 eundem
1664 1206 1820 1238 Citandum
1833 1216 1882 1244 per
1897 1204 2053 1244 Edictum,
2072 1207 2102 1236 in
2117 1205 2215 1237 Valvis
2226 1206 2363 1240 Ecclefiae

1299 1243 1474 1275 Cathedralis
1489 1244 1648 1284 Roflensis,
1664 1246 1713 1276 sibi
1729 1245 1853 1284 vicinae,
1871 1245 1904 1275 &
1919 1243 1969 1274 nisi
1986 1244 2137 1275 modicum
2149 1245 2220 1276 ultra
2233 1247 2286 1278 tria
2301 1246 2366 1277 Mi-

1298 1282 1370 1313 liaria
1392 1283 1553 1323 Anglicana
1574 1285 1590 1315 a
1602 1284 1684 1315 dicio
1697 1283 1802 1315 Castro
1814 1283 1850 1314 de
1866 1282 2021 1322 Couulyng
2033 1281 2176 1322 distantis,
2194 1285 2308 1320 publice
2322 1286 2365 1317 af-

1296 1320 1463 1360 figendum,
1483 1332 1568 1361 prout
1589 1332 1657 1354 eum
1676 1323 1713 1354 sic
1737 1323 1814 1353 citari
1827 1322 1966 1359 fecimus,
1982 1323 2015 1353 &
2043 1321 2204 1360 hujusmodi
2226 1321 2364 1355 Edictum

1299 1359 1430 1391 nostrum
1452 1363 1483 1391 in
1504 1361 1600 1393 Valvis
1623 1361 1711 1393 dietae
1731 1361 1866 1392 Ecclesiae
1886 1361 2000 1399 publice
2023 1360 2058 1392 &
2079 1368 2204 1398 patenter
2221 1360 2314 1401 affigi,
2331 1363 2367 1394 ad

1299 1400 1528 1438 comparendum
1549 1410 1648 1431 coram
1668 1400 1767 1431 Nobis
1780 1399 1904 1432 secundo
1921 1399 1979 1430 Die
1991 1398 2181 1438 Septembris,
2191 1399 2253 1438 jam
2266 1409 2368 1440 px‘aete-¹

1298 1438 1359 1476 riti,
1377 1438 1414 1469 de
1433 1439 1467 1470 &
1488 1439 1566 1479 super
1583 1439 1747 1478 praemiffis,
1765 1447 1849 1478 atque
1871 1437 2088 1469 Nichilominus
2107 1440 2190 1469 certis
2201 1438 2277 1477 aliis,
2295 1439 2366 1472 Hae-

1298 1478 1415 1507 reticam
1430 1478 1594 1515 pravitatem
1608 1478 1864 1516 concernentibus,
1882 1477 2058 1515 personaliter
2069 1476 2282 1517 responsurum,

1337 1515 1411 1554 Qio
1433 1515 1491 1546 Die
1501 1516 1685 1555 adveniente,
1703 1516 1822 1554 Nobis,
1837 1517 1865 1546 in
1882 1514 1999 1554 Capella
2013 1516 2128 1554 majori,
2144 1515 2214 1546 infra
2227 1515 2363 1550 Castrum

1298 1552 1335 1584 de
1352 1554 1444 1594 Ledys
1487 1554 1594 1586 nostrae
1617 1555 1777 1594 Dioecesis,
1800 1555 1879 1594 quod
1901 1563 1971 1585 tunc
1994 1554 2236 1594 inhabitabamus,
2255 1554 2291 1587 &
2309 1557 2362 1589 ubi

1299 1599 1369 1623 tunc
1390 1576 1576 1633 residebamus
1590 1603 1660 1638 cum
1675 1593 1763 1638 Curia
1778 1593 1890 1638 nostra,
1905 1602 1958 1633 pro
1969 1593 2120 1638 Tribunali
2131 1593 2304 1635 sedentibus,
2321 1596 2363 1628 fa-

1300 1630 1347 1677 ᾃὲ.
1362 1630 1497 1675 fidequae
1511 1634 1678 1671 requiritur,
1694 1643 1723 1662 in
1737 1631 1882 1672 praemiffis
1891 1654 1900 1670 ,
1916 1642 1950 1663 ac
1963 1631 2056 1663 audita
2069 1642 2118 1670 per
2133 1632 2203 1663 Nos
2216 1633 2251 1664 &
2263 1644 2364 1673 recep-

1299 1677 1327 1699 ta
1352 1670 1503 1709 relatione,
1520 1672 1595 1708 juxta
1616 1671 1814 1709 assertionem,
1831 1672 1866 1702 ὅ(
1888 1679 1973 1708 prout
1987 1671 2182 1702 communiter
2194 1672 2364 1710 praedicatur

1300 1717 1330 1776 :g
1353 1709 1492 1778 gantitliloouss
1498 1710 1546 1739 ubi
1569 1709 1809 1778 ἀίέέἓῗέωηὶηῧ
1820 1709 2014 1778 ἵσῲαηηεῗυίὲε
2020 1709 2174 1779 ίιέεῗῆῗξῗῑ
2187 1711 2367 1782 ἓιῑοηίᾗέαε

1487 1758 1525 1778 uo
1568 1758 1607 1778 rae
1628 1759 1635 1778 i
1722 1758 1755 1778 ac
1830 1758 1941 1778 iniones
2053 1758 2069 1778 e
2082 1758 2117 1778 en
2138 1758 2148 1778 1
2230 1759 2264 1780 av
2282 1772 2286 1778 .
2354 1768 2368 1774 -

1300 1785 1392 1855 glcsiae
1413 1795 1448 1817 ac
1469 1758 1645 1817 Potefiatem
1668 1757 1945 1827 A’rchiepiil‘gopalern
1968 1759 2369 1826 multipliciter'conteierlnefi-

1321 1833 1340 1855 0

1339 1848 1409 1894 12105
1430 1863 1557 1895 eundem
1578 1867 1728 1895 Dominum
1745 1862 1920 1903 Johannem,
1940 1862 2010 1894 sicut
2025 1864 2207 1903 praemittitur
2221 1863 2369 1906 Citatum‚

1303 1902 1418 1940 publice
1439 1903 1474 1933 &
1493 1902 1548 1933 alta
1570 1903 1655 1935 Voce
1675 1903 1859 1941 praeconizari
1874 1902 2011 1941 fecimus,
2026 1911 2059 1932 ac
2074 1902 2111 1932 fic
2126 1905 2370 1944 praeconizatum,

1303 1941 1406 1971 diutius
1425 1941 1622 1981 expestatum,
1637 1943 1672 1974 &
1689 1942 1768 1972 nullo
1791 1941 1882 1972 modo
1903 1948 2139 1979 comparentem,
2162 1943 2371 1983 reputavimuS,

1303 1988 1388 2016 prout
1412 1988 1483 2017 crat,
1502 1981 1608 2011 merito
1630 1980 1844 2011 contumacem
1866 1979 1899 2010 &
1917 1980 1944 2009 in
1961 1979 2084 2010 Poenam
2100 1978 2302 2012 Contumaciae
2314 1981 2372 2014 suae

1304 2017 1466 2056 hujusmodi
1480 2018 1570 2058 ipsum
1586 2020 1615 2049 in
1631 2019 1748 2057 Scriptis
1762 2018 2086 2049 Excommunicavimus
2103 2026 2172 2050 tunc
2185 2019 2294 2050 ibidem
2304 2043 2315 2059 ,

1342 2056 1379 2087 Et
1401 2058 1465 2095 quia
1485 2067 1519 2087 ex
1541 2058 1608 2088 serie
1629 2057 1861 2095 Praemifforum,
1878 2057 1912 2087 &
1935 2056 1995 2087 aliis
2014 2056 2165 2095 perspicuis
2184 2056 2316 2098 indiciis,
2334 2058 2370 2090 ὅτ

1305 2094 1450 2126 fastorum
1464 2095 1619 2127 Evidentiis
1632 2097 1819 2134 concepimus
1833 2095 1913 2135 quod
1927 2094 2004 2126 idem
2014 2098 2146 2125 Dominus
2161 2095 2324 2135 Johannes,
2339 2099 2372 2130 iri

1305 2133 1510 2177 Dpseniionem
1524 2134 1684 2171 hujusmodi
1700 2134 1812 2166 Erroris
1826 2135 1881 2171 sui,
1890 2141 1989 2164 contra
2003 2133 2106 2166 claves
2121 2134 2256 2166 Ecclesiae
2269 2136 2296 2166 se
2309 2136 2371 2168 for-

1305 2174 1392 2203 tincat
1412 2174 1446 2204 &
1468 2174 1637 2212 incastellat,
1657 2182 1689 2205 ut
1711 2174 1889 2212 praemittitur
1909 2173 2048 2211 (quorum
2067 2181 2204 2212 praetextu
2215 2174 2372 2206 vehemens

1305 2211 1418 2250 suspitio
1436 2211 1557 2243 Haerefis
1575 2222 1657 2251 atque
1677 2212 1839 2243 Schismatis
1853 2211 1968 2251 insurgit
1981 2219 2082 2242 contra
2093 2212 2237 2249 eundem)
2256 2211 2372 2244 Decre-

1304 2251 1397 2281 vimus
1417 2251 1508 2289 ipsum
1520 2254 1668 2281 Dominum
1680 2251 1842 2290 Johannem
1857 2252 1959 2281 iterato
1972 2250 2165 2290 personaliter,
2183 2252 2204 2282 fi
2214 2252 2371 2292 apprehen-

1303 2288 1331 2318 di
1346 2291 1467 2328 poterit,
1484 2290 1539 2320 alio
1560 2291 1608 2321 uin
1623 2300 1671 2330 per
1687 2289 1842 2328 Edictum,
1859 2297 1892 2320 ut
1905 2289 1998 2329 prius,
2016 2288 2172 2320 Citandum
2207 2298 2239 2320 ut
2250 2299 2371 2330 compa-

1305 2337 1380 2366 reat,
1397 2338 1496 2359 coram
1553 2330 1633 2368 obis,
1654 2328 1711 2360 Die
1732 2328 1864 2367 Sabbati,
1890 2329 2023 2366 proximo
2046 2327 2112 2368 post
2133 2312 2250 2359 Festum
2273 2329 2371 2361 Sancti

1306 2366 1437 2398 Matthaei
1460 2367 1593 2406 Apostoli
1609 2368 1642 2399 δι’,
1657 2367 1861 2407 Evangelis’oee,
1882 2368 2016 2406 proxime
2030 2365 2172 2406 futurum,
2192 2365 2313 2398 Causam
2328 2378 2373 2399 ra-

1304 2406 1468 2437 tionabilem
1483 2428 1493 2444 ,
1520 2406 1539 2436 si
1560 2417 1648 2446 quam
1672 2407 1786 2445 habeat,
1809 2415 1893 2445 quare
1912 2413 2013 2436 contra
2032 2404 2167 2436 Eundem
2187 2404 2222 2435 ad
2243 2406 2372 2444 graviora

1304 2444 1420 2482 procedi
1435 2455 1495 2475 non
1510 2445 1611 2476 debeat
1627 2453 1762 2514 taanuam
1777 2445 1924 2483 publicum
1941 2443 2133 2481 Haereticam,
2143 2443 2372 2487 Schismaticum,

1304 2493 1338 2514 ac
1358 2483 1484 2514 Hostem
1507 2484 1664 2515 universalis
1713 2483 1840 2521 cclefiae,
1858 2492 1944 2520 quare
1954 2483 2040 2512 etiam
2054 2491 2110 2519 pro
2123 2481 2169 2512 tali
2183 2480 2372 2515 Pronunciari

1304 2532 1364 2552 non
1378 2523 1495 2559 debeat,
1514 2533 1547 2553 ac
1568 2523 1703 2554 auxilium
1724 2521 1834 2553 Brachii
1858 2520 1993 2551 Secularis
2013 2527 2114 2550 contra
2132 2520 2256 2550 eundem
2270 2520 2377 2552 solem-

1305 2561 1375 2590 niter
1399 2561 1548 2591 invocari?
1574 2561 1752 2600 personaliter
1770 2559 1998 2600 propositurum,
2021 2557 2188 2596 ulteriusque
2207 2558 2371 2599 Responsu-

1304 2608 1387 2636 rum,
1407 2599 1578 2638 Facturum,
1595 2601 1629 2630 ὃς
1645 2599 1856 2637 Recepturum,
1870 2599 1945 2628 circa
1959 2596 2059 2627 omnia
2069 2597 2102 2628 &
2120 2597 2222 2637 singula
2236 2596 2372 2630 Praemis-

1304 2637 1347 2675 sa,
1366 2637 1443 2675 quod
1478 2636 1566 2667 ustitia
1583 2638 1720 2674 suadebit,

1344 2675 1418 2712 Quo
1468 2676 1583 2706 ermino
1603 2675 1769 2712 (videlicet,
1787 2673 1846 2703 Die
1868 2672 1999 2712 Sabbati,
2015 2674 2150 2711 proximo
2172 2673 2237 2712 post
2253 2673 2370 2707 Festum

1306 2713 1404 2743 Sancti
1428 2713 1578 2751 Matthaei,
1596 2713 1736 2751 praedieco
1756 2721 1805 2748 23.
1822 2711 1879 2742 Die
1893 2712 2016 2750 ejusdem
2031 2711 2203 2751 Septembris
2215 2712 2371 2744 advenien-

1307 2753 1352 2788 te)
1368 2761 1466 2783 coram
1481 2750 1589 2788 Nobis,
1607 2752 1636 2782 in
1653 2751 1760 2782 Domo
1772 2750 1922 2788 Capitulari
1936 2750 2070 2781 Ecclesiae
2083 2750 2179 2782 Sancti
2195 2750 2273 2782 Pauli
2290 2751 2372 2783 Lon-

1305 2790 1461 2829 doniensis,
1503 2801 1534 2820 ro
1554 2790 1703 2820 Tribunali
1725 2789 1898 2827 sedentibus,
1923 2788 2155 2827 affidentilmsque
2173 2789 2271 2819 Nobis
2289 2789 2372 2821 Uni-

1306 2829 1454 2859 versalibus
1525 2829 1672 2860 nfratribus
1693 2828 1810 2865 nostris,
1830 2827 1986 2865 Dominis,
2003 2827 2119 2858 Ricaerdo
2138 2827 2319 2867 Londinenfi,
2337 2830 2372 2860 ὃς

1307 2870 1424 2897 Hemico
1447 2869 1490 2897 W
1499 2866 1632 2908 ntonienfi
1664 2867 1724 2898 Dei
1736 2867 1839 2905 gratia,
1857 2866 2005 2906 Episcopis,
2022 2866 2179 2905 comparuit
2195 2866 2374 2905 personaliter

1308 2909 1443 2936 Dominus
1495 2905 1601 2936 obertus
1640 2917 1655 2936 e
1673 2905 1778 2945 Morley
1799 2905 1902 2943 Miles,
1917 2903 2024 2934 Custos
2043 2903 2144 2933 Turris
2167 2903 2374 2946 Londinenfis,

1306 2945 1458 2984 secumque
1482 2945 1631 2982 praefatum
1646 2948 1792 2975 Dominum
1806 2943 1964 2982 Johanuem
1977 2940 2166 2982 oldcastellum
2180 2942 2308 2974 Militem
2323 2945 2373 2976 ad-

1306 2983 1404 3021 duxit,
1423 2984 1456 3014 &
1469 2992 1566 3013 coram
1581 2983 1679 3014 Nobis
1693 2983 1864 3018 collocavit,

1305 3021 1427 3091 TNam
1440 3022 1539 3091 pprusm
1555 3032 1619 3053 ante
1632 3032 1680 3060 per
1697 3021 1806 3060 Regios
1818 3017 1970 3050 Ministros
1982 3019 2204 3057 comprehensus
2217 3019 2274 3060 est,
2291 3021 2327 3052 δε
2339 3023 2371 3053 in

1337 3070 1425 3090 ΠΠἹΓΠ
1440 3070 1457 3089 C
1468 3071 1500 3090 au
1514 3071 1544 3090 US
2055 3076 2057 3079 “

1341 3097 1401 3128 Cui
1412 3098 1528 3137 quidem
1541 3083 1659 3128 Domino
1671 3097 1798 3135 Johanni
1813 3095 1972 3136 oldcastello
1982 3119 1991 3132 ,
2010 3096 2048 3126 sic
2063 3096 2241 3134 personaliter
2255 3098 2374 3136 praesen-

1306 3139 1344 3175 ti,
1363 3147 1415 3167 nos
1427 3146 1515 3167 totam
1531 3136 1626 3168 seriem
1641 3135 1720 3166 Facti
1729 3158 1739 3174 ,
1756 3144 1839 3176 prout
1853 3136 1880 3166 in
1899 3135 1979 3166 Actis
1993 3134 2060 3165 Diei
2076 3136 2259 3174 praecedentis
2273 3139 2369 3169 conti-

1306 3184 1403 3220 netur,
1422 3174 1514 3243 Βφὲἰῗ
1531 3176 1565 3207 &
1580 3173 1714 3205 modestis
1729 3175 1873 3213 terminis,
1888 3183 1920 3205 ac
1936 3174 2027 3204 modo
2043 3173 2167 3205 multum
2181 3175 2256 3206 suavi
2269 3177 2370 3208 recita-

1306 3223 1413 3245 vimus·
1433 3223 1462 3243 vl
1481 3223 1497 3243 e
1509 3222 1562 3243 {Cet

1348 3237 1515 3290 Qiomodo
1534 3236 1610 3281 idem
1633 3252 1765 3280 Dominus
1786 3250 1931 3289 Johannes
1967 3251 2002 3282 de
2017 3250 2051 3281 &
2066 3250 2146 3289 super
2161 3250 2309 3290 Articulis,
2326 3251 2374 3283 su-

1309 3291 1560 3360 essanae
1627 3273 2304 3359 cetariisenfitseiseaffiniiffiztaissssa
2317 3301 2372 3321 ω

1347 3352 1569 3411 Qorrodoque
1586 3337 1711 3405 cignus,
1730 3367 1763 3398 δι
1782 3351 1895 3407 pr⁷opter
1909 3367 1987 3398 suam
2001 3365 2223 3397 Contumaciam
2239 3350 2369 3397 Excom-

1310 3413 1466 3436 municassla

1350 3443 1404 3481 Et,
1463 3428 1571 3480 siqu-:im
1591 3443 1625 3473 ad
1645 3443 1702 3474 boc
1722 3442 1876 3475 deventum
1891 3443 1996 3481 fuerat,
2013 3440 2081 3472 Nos
2093 3440 2250 3472 obtulimus
2262 3451 2371 3482 paratos

1311 3482 1345 3513 ad
1363 3482 1409 3512 Ab
1419 3482 1575 3512 olvendum
1590 3482 1731 3518 eundem3

1351 3520 1410 3558 Ipse
1428 3529 1523 3550 tamen
1546 3523 1678 3549 Dominus
1696 3519 1858 3558 Johannes,
1878 3519 1912 3550 ad
1934 3516 2093 3555 hujusmodi
2111 3517 2289 3548 oblationem
2310 3530 2371 3551 non

1312 3560 1473 3596 advertens,
1489 3559 1559 3588 dixit
1582 3559 1660 3596 quod
1681 3559 1800 3589 libenter
1815 3559 1942 3588 recitaret
1957 3556 2057 3585 Nobis
2068 3555 2101 3586 &
2116 3556 2199 3586 dietis
2214 3555 2374 3590 Confratri-

1314 3599 1365 3628 bns
1382 3598 1453 3628 meis
1467 3597 1564 3626 Fidem
1579 3597 1655 3627 suam
1670 3607 1756 3635 quam
1773 3605 1849 3626 tenet
1863 3596 1896 3626 &
1911 3593 2032 3624 affirmat
2052 3603 2059 3622 :
2165 3632 2169 3636 ³

1353 3636 1475 3674 Sicque,
1497 3635 1626 3665 Licentia
1652 3635 1735 3673 perita
1759 3636 1792 3667 &
1807 3632 1940 3670 obtenti,
1959 3632 2073 3675 eittraxit
2090 3630 2126 3661 de
2140 3630 2210 3661 Sinu
2224 3633 2274 3664 suo
2285 3644 2374 3673 quari—

1314 3675 1380 3705 dam
1397 3673 1567 3704 Schedulam
1583 3673 1818 3711 Indentatam,&
1830 3670 1974 3714 Contenta
1987 3679 2016 3699 m
2030 3669 2128 3714 eadem
2142 3670 2256 3715 publice
2268 3673 2376 3705 ibidem

1314 3707 2215 3788 ἓέἷὲῖἰέἓζθῶἒῖῗἙΞξέῗυὲἓὲῗξῗῖἓὲὲηῖῗὲἑῗὲῑἶῐῗξέἑθὲιὶῗὲιῗὲῗ
2222 3733 2232 3748 ’
2246 3711 2280 3743 “³'‘
2297 3712 2376 3744 ΑΜ·

1353 3830 1411 3865 Ego
1425 3827 1568 3864 johannes
1586 3825 1774 3856 Oldcastellus
1793 3822 1895 3861 Miles,
1913 3821 2058 3852 Dominus
2079 3823 2113 3853 de
2134 3822 2287 3865 Cobham,
2305 3831 2377 3866 caepIo

1316 3866 1434 3895 omnibus
1454 3866 1612 3903 innotescere
1631 3862 1809 3902 Christianis,
1827 3860 1965 3901 testemque
1980 3861 2102 3891 adhiberi
2114 3863 2220 3902 Deum,
2239 3876 2377 3907 nunquam

1317 3916 1358 3933 me
1386 3903 1470 3932 aliter
1498 3900 1630 3941 induxffi·
1649 3906 1784 3937 Amnum
1798 3923 1808 3936 ,
1832 3910 1878 3928 nec
1897 3899 2066 3928 indueram„
2080 3922 2089 3937 ,
2116 3902 2226 3933 ducente
2244 3906 2378 3942 Domino,

1317 3941 1399 3983 quum
1415 3949 1445 3970 ut
1451 3940 1539 3981 firma}
1555 3940 1763 3980 :ndubr'tatuqur‘
1776 3937 1830 3977 fide
1844 3941 1933 3967 omnia
1948 3936 2020 3966 illius
2033 3941 2209 3971 Sacramenta
2221 3942 2380 3984 mpletffar,

1317 3990 1484 4022 quecumque
1495 3979 1531 4009 ab
1545 3978 1601 4020 ipsi>
1613 3978 1653 4008 ad
1659 3977 1734 4017 nsmn
1740 3976 1801 4017 ,ἤια
1815 3974 1936 4016 Ecclejfiae
1947 3977 2014 4016 lunt
2022 3979 2132 4010 hadita
2146 3989 2157 4009 :

2302 4021 2381 4057 Pru-3

2387 160 2463 195 Ann.
2478 162 2528 196 D:
2560 156 2562 177 ³

2407 211 2494 242 1413.

2378 247 2443 271 Hen.
2460 252 2490 278 5.

2380 1206 2399 1226 ³⁸
2411 1206 2512 1235 lxm.
