2562 4274
207 76 258 129 78

56 161 133 192 Arm.
149 160 188 191 D.
205 160 336 193 cedendo
348 161 382 192 &
396 158 527 191 abeundo
536 181 546 197 ‚
563 168 596 190 ac
610 157 729 196 Equos,
745 158 839 196 Bona,
854 159 888 190 &
902 158 963 189 Res
974 158 1019 189 sua
1031 167 1241 197 quaecumquc‚

85 201 171 239 1418.
243 200 320 231 Non
332 199 508 230 obstantibus
524 198 662 235 aliquibus
683 196 783 227 debitis
800 198 961 238 publicis&
977 198 1104 236 privatis,
1123 196 1261 233 Guerris,

57 243 121 268 Heu.
139 249 167 275 5.
204 238 383 270 Homicidiis
397 261 407 276 ,
431 237 551 267 Delic'tis
565 258 574 273 ,
599 235 700 266 Bannis
716 258 726 273 ,
744 235 928 275 Exceffibus,
943 245 991 267 aut
1004 235 1127 274 IniuriiS,
1144 234 1192 265 vel
1205 233 1264 265 Of-

204 277 286 308 fenfis
303 276 498 315 quibussibet,
524 273 802 313 quomodocumque
822 275 982 312 perpetratis
1024 272 1198 310 commissis,
1214 280 1262 303 aut

204 316 288 355 gestis
304 325 354 353 per
366 315 438 352 ipsos
453 336 462 351 ,
489 312 652 349 Raphaelem
664 335 674 350 ,
692 315 797 352 opizo,
815 314 963 352 Personas,
991 324 1022 343 eu
1035 314 1261 342 Communitatem

204 354 373 392 praedietam
387 352 433 382 vel
449 361 551 381 eorum
566 351 706 389 aliquem,

242 392 357 422 Nolens
372 390 447 420 idem
464 389 528 419 Rex
540 390 620 428 quod
635 389 781 428 praediffi,
799 389 938 429 Raphael,
953 393 1041 428 Opizo
1056 412 1065 427 ,
1085 387 1209 426 Perfimae
1215 387 1264 428 [ἐκ

205 433 361 461 Comunitas
382 427 528 466 praeditstae
544 451 553 466 ,
576 437 624 459 aut
643 438 745 458 eorum
766 429 878 467 aliquis,
903 430 1010 459 ratione
1025 427 1241 458 Praemiisorum
1254 450 1265 464 ,

205 477 253 499 aut
274 468 388 505 alicujus
409 466 578 498 eorumdem
595 489 605 505 ,
632 466 690 497 sive
707 468 817 498 ratione
836 467 993 505 aliquarum
1009 465 1194 503 Marquarum
1208 465 1265 496 five

205 505 440 543 Reprisaliarum,
459 513 523 536 ante
539 506 604 536 haec
620 512 750 543 tempora
764 505 857 536 versus
872 509 973 536 Ducem
987 505 1020 535 &
1039 507 1264 534 communitatem

206 542 381 583 Jannuenfis
394 543 592 574 concessarum
607 543 1078 583 quomodocumquc‚Capiantur,
1097 542 1266 580 arestentur,

207 583 446 621 imprisonentur,
458 582 641 614 molestentur
652 582 680 612 in
695 582 806 621 aliquo,
823 582 869 613 seu
882 590 1049 622 graventur,
1067 590 1114 612 aut
1132 581 1268 618 capiatur,

207 620 753 660 arestetur,imprisonetur,molestetur
772 622 800 651 in
813 622 908 659 aliquo
931 621 977 652 seu
990 628 1139 658 gravetur,

242 659 362 691 Proviso
375 660 483 697 semper
497 661 576 697 quod
594 660 738 698 praediciti,
756 659 881 698 Raphael
892 644 930 695 ὅ·
943 663 1049 698 Opizo,
1068 658 1216 695 Personae,
1233 658 1268 689 &

205 708 308 729 eorum
323 698 457 737 quilibet,
475 698 550 729 bene
565 699 598 729 &
612 698 730 728 honeste
743 698 769 729 se
784 699 903 730 habeant
917 700 950 730 &
983 706 1059 729 erant
1074 706 1138 736 erga
1154 696 1269 735 Regem

205 738 240 769 δε
261 736 407 774 Populum
425 737 527 774 suum,
554 738 588 768 &
609 738 762 775 quicquam
776 761 786 776 ,
812 736 892 775 quod
912 738 941 767 in
986 737 1042 776 egis
1059 735 1216 773 seupopuli
1229 735 1269 764 sui

206 775 586 814 praejudicium,dampnurn
601 775 646 805 vel
663 776 770 806 malum
785 776 886 807 cedere
901 776 1004 813 valeat,
1014 785 1074 805 non
1088 781 1268 812 attemptent,

205 824 253 845 aut
267 815 424 850 attemptari
436 813 538 844 faciant
552 814 653 852 quovis
668 814 768 844 modo.

243 853 333 883 Teste
351 852 485 891 Johanne
506 856 581 882 Duce
608 851 764 890 Bedfhrdiae
787 851 917 883 Custode
940 851 1054 891 Angliae
1072 850 1147 889 apud
1161 849 1269 891 Wstm.

205 891 342 923 vicesimo
355 891 461 923 oetavo
475 890 521 922 die
535 891 728 922 Novembris.

947 969 1000 997 Per
1014 963 1163 996 Concilium.

484 1094 534 1125 De
550 1090 740 1135 Restitutione
756 1092 993 1138 Temporalium.

24 1220 30 1223 ἢ
53 1175 183 1245 ΑΙῐιηὲῧΙ).
206 1179 345 1250 RE}
357 1181 508 1249 omnibug,
528 1181 562 1212 ad
576 1191 666 1220 quOS,
684 1181 746 1213 &c.
765 1180 900 1213 Salutem.

51 1223 161 1283 Aa)
246 1257 295 1288 De
311 1228 519 1288 gjffiaqssgstg,
535 1258 661 1297 speciali,
677 1258 711 1289 &
725 1266 756 1289 ut
772 1257 916 1289 Divinum
933 1257 1085 1288 Servitium
1101 1263 1135 1286 ac
1148 1254 1271 1287 aname-

52 1297 79 1320 Η
107 1302 134 1327 5·
206 1298 268 1327 tatis
283 1296 380 1335 Opera
394 1297 472 1334 (quae
488 1299 518 1326 in
529 1296 658 1327 Abbatia
672 1296 760 1327 beatae
777 1300 875 1327 Maria
887 1297 919 1326 de
936 1299 990 1326 Vou
1008 1305 1098 1334 prope
1112 1294 1271 1325 Chierbur-

52 1335 133 1359 Norm
159 1333 184 1358 6.
208 1342 243 1372 ge
256 1335 314 1366 fieri
330 1335 462 1372 debeant)
480 1335 542 1373 plus
553 1335 636 1367 solito
655 1335 815 1367 accrescant
827 1359 837 1374 ,
863 1336 896 1366 &
916 1336 1021 1366 ibidem
1034 1333 1195 1365 laudabilius
1210 1343 1271 1364 ma-

53 1372 87 1395 H.
98 1377 155 1407 5·P·
168 1380 190 1398 ¹·
209 1381 395 1404 nuterieantur
408 1375 440 1405 ὃς
456 1373 656 1413 sustineantur,

51 1417 87 1434 m.
104 1409 130 1436 ⁶-
246 1412 414 1451 Concefflmus
429 1411 561 1453 Religiofis
575 1415 650 1442 Viris
663 1411 798 1442 Abbatiae
811 1412 947 1450 pra-dillae
961 1411 1060 1442 omnia
1072 1410 1270 1449 Temmralia,

210 1451 303 1482 eidem
323 1452 454 1481 Abbatiae
467 1474 476 1489 ,
500 1452 570 1482 infra
594 1451 743 1482 Ducatum
765 1451 894 1482 nostrum
910 1450 1120 1488 Normanniae,
1139 1449 1271 1488 qualiter-

208 1499 336 1527 cumque
351 1490 516 1527 pertinentia
532 1490 587 1520 five
603 1490 769 1528 speetantia,

247 1529 265 1548 *
285 1528 424 1557 Habenda
439 1551 448 1566 ,
474 1529 503 1558 in
526 1528 764 1559 Sustentationem
779 1526 879 1559 Divini
896 1527 1009 1559 Servitii
1022 1527 1055 1558 &
1071 1525 1191 1558 aliorum
1205 1525 1271 1558 Pie-

206 1567 268 1635 tat?
285 1566 650 1635 Operum&praedi<st0rum,
667 1566 704 1597 de
716 1566 811 1597 Dono
826 1566 933 1597 nostro.

260 1614 277 1634 n
290 1615 325 1635 cu
339 1615 368 1634 us
440 1615 465 1635 c.

242 1615 334 1674 Teste¹
353 1628 386 1672 R’
418 1654 432 1674 e
446 1646 474 1672 in
490 1641 678 1683 Exercitufieo
689 1650 755 1673 ante
776 1646 927 1674 Civitatem
948 1641 1182 1682 Rothomagensem
1200 1643 1270 1674 Tri-

209 1682 316 1714 cclimo
329 1682 374 1713 die
424 1683 577 1714 ovembris.

54 1531 69 1547 ⁸
90 1532 141 1558 lx.

54 1572 120 1606 653.

901 1760 954 1788 Per
968 1757 1049 1798 ipsiam
1062 1760 1165 1797 Regem.

525 1886 585 1918 Pro
603 1882 762 1919 Cardinali
778 1882 814 1917 de
834 1883 960 1928 Uiyinis.

54 1974 129 2005 Arm.
149 1974 185 2004 D.
206 1967 353 2026 REX,
374 1979 424 2008 per
448 1969 556 2001 Literas
579 1969 637 2001 suas
657 1969 806 2008 Parentes,
824 1969 911 2008 usque
927 1969 1104 2002 Vicesimum
1120 1970 1269 2002 octavum

75 2014 160 2052 1418.
279 2008 367 2039 Diem
382 2008 554 2039 Decembris
567 2009 702 2046 proximo
719 2009 847 2039 futurum
863 2008 1024 2046 duraturas,
1041 2008 1156 2047 suscepit
1179 2010 1209 2038 in
1221 2008 1271 2038 sal-

52 2056 104 2080 An.
121 2052 146 2081 6.
205 2054 275 2077 vum
292 2070 302 2086 ,
330 2048 391 2079 &c-
419 2046 620 2077 Venerabilem
647 2046 760 2078 Patrem
781 2047 941 2086 Jordanum
957 2047 1144 2087 Albanenftm
1160 2046 1271 2086 Episco—

54 2096 88 2119 H.
108 2100 135 2126 5,
201 2091 264 2121 pum
281 2108 290 2123 ,
315 2095 347 2116 ac
367 2085 558 2116 Sacrosancfitae
579 2085 715 2116 Eccleliae
736 2085 880 2116 Romanae
901 2085 1084 2116 Cardinalem
1107 2085 1142 2117 de
1156 2085 1269 2116 Urlinis

52 2134 141 2158 Narin.
158 2131 184 2157 6.
205 2124 356 2161 vulgariter
376 2133 571 2162 nuncupatum
586 2148 595 2162 ,
620 2134 704 2162 penes
727 2124 911 2155 Praesentiam
935 2123 1040 2162 Regis,
1059 2134 1128 2155 curn
1141 2123 1270 2154 Centum

52 2172 107 2201 Hs
125 2175 148 2205 p,
160 2179 182 2196 ι,
205 2162 333 2193 Personis
347 2172 379 2193 ac
396 2163 519 2194 totidem
532 2162 620 2200 Equis
635 2163 663 2192 in
680 2162 832 2194 Comitiva
845 2162 891 2193 sua
903 2187 913 2200 ,
938 2164 1069 2200 quotiens
1084 2172 1156 2200 opus
1170 2162 1271 2200 fuerit,

201 2202 361 2239 veniendo,
380 2202 490 2231 ibidem
505 2201 646 2231 morando
661 2201 694 2232 ὃς
729 2201 962 2238 erhendinando,
980 2203 1012 2232 &
1028 2202 1132 2232 exinde
1145 2201 1181 2231 ad
1197 2201 1271 2232 Pro-

201 2241 262 2277 pria
276 2239 436 2278 redeundo,
455 2249 570 2270 necnon
584 2238 698 2278 Equos,
761 2250 815 2278 na,
831 2238 907 2278 Res,
926 2240 959 2270 &
976 2239 1112 2270 Hernesia
1131 2239 1176 2271 sua
1192 2250 1272 2279 quae-

204 2288 271 2309 curn
295 2289 342 2308 ue·

239 2289 358 2347 Prctliviso
371 2317 479 2354 semper
492 2316 570 2355 quod
587 2316 676 2347 nullus
688 2316 890 2354 Personarum,
908 2326 978 2348 cum
993 2317 1113 2354 praefato
1129 2315 1268 2348 Cardina-

205 2356 225 2386 li
247 2357 424 2386 venientium
442 2378 452 2394 ,
477 2355 613 2386 Inimicus
632 2365 679 2386 aut
702 2356 828 2386 Rebellis
852 2355 946 2386 noster
962 2355 1007 2386 seu
1023 2355 1151 2386 Inimicis
1166 2355 1270 2387 nostris

204 2394 299 2461 favlens
312 2394 357 2437 seu
370 2393 514 2463 ³⁶³2?OEOE
530 2394 627 2425 existat
645 2396 748 2433 quovis
764 2394 866 2425 modo.

261 2442 278 2461 n
294 2443 329 2462 cu
341 2442 372 2462 us
440 2443 466 2462 c.

242 2443 338 2501 Testej
347 2457 425 2508 Rdge
438 2474 465 2500 in
479 2473 612 2499 Exercitu
619 2469 669 2510 fico
688 2477 754 2500 aute
769 2474 921 2501 Civitatem
943 2468 1183 2512 Rothomagenfim
1197 2471 1267 2503 Tri-

211 2509 318 2539 cesimo
333 2508 390 2539 Die
405 2508 593 2540 Novembris.

52 2215 89 2234 m.
107 2209 133 2236 6.

895 2549 948 2578 Per
961 2545 1046 2587 ipfitm
1061 2551 1166 2585 Regem.

540 2672 588 2704 De
605 2673 710 2703 Pennis
731 2670 939 2704 Providendis.

57 2764 137 2794 Ans,
149 2762 188 2794 ‚D
215 2755 307 2812 RE
318 2755 347 2786 X
376 2754 549 2786 Vicecomiti
565 2755 809 2794 Surhamptoniae,
825 2755 959 2787 Salutem.

87 2804 172 2841 1418.
311 2794 387 2825 Scias
402 2796 477 2832 quod
488 2818 496 2833 ,
517 2794 681 2833 quibufflam
698 2796 779 2825 certis
794 2794 830 2825 de
843 2795 944 2833 causis,
964 2795 1033 2826 Nos
1052 2795 1086 2826 &
1099 2794 1269 2825 Concilium

60 2846 112 2869 An,
125 2843 154 2869 6,
213 2832 343 2863 nostrum
366 2833 513 2870 specialiter
533 2833 714 2864 moventibus
728 2856 737 2871 ,
762 2833 945 2871 Affignamus
964 2835 1011 2865 Te
1031 2834 1065 2864 ad
1080 2834 1271 2873 Quadraginta

57 2885 92 2908 H.
113 2889 129 2915 5
216 2869 307 2902 Millia
320 2871 478 2902 Pennarum
488 2895 496 2910 ‚
511 2882 559 2909 per
572 2881 600 2902 tc
612 2893 622 2909 ,
633 2871 678 2903 vel
688 2871 807 2902 Ballivos
820 2881 899 2910 tuos,
917 2881 963 2903 aut
977 2873 1044 2903 alios
1053 2896 1062 2911 ,
1081 2883 1152 2911 quos
1164 2872 1197 2902 ad
1212 2873 1270 2903 hoc

57 2922 114 2946 p„-
129 2919 157 2946 6,
214 2912 332 2940 nomine
351 2918 402 2940 tuo
419 2910 532 2941 duxeris
549 2909 719 2940 ordinandos
731 2910 764 2941 &
780 2910 953 2948 deputandos
967 2913 997 2941 in
1013 2910 1122 2951 singulis
1138 2910 1220 2941 Villis
1234 2911 1268 2941 δε

58 2961 171 2989 H.5.m,
213 2948 271 2978 aliis
291 2949 363 2979 locis
385 2947 548 2979 Comitatus
569 2949 695 2986 praedic‘ti
709 2971 717 2985 ,
743 2958 800 2979 tarn
813 2949 884 2980 infra
901 2950 1067 2988 Libertates,
1090 2959 1175 2988 quam
1192 2958 1268 2980 exrra

63 3004 104 3022 η,
213 2987 326 3024 (Feodo
346 2986 481 3017 Ecclesiae
495 2987 638 3017 dumtaxat
649 2988 783 3031 excepto)
807 2998 860 3025 pro
881 2987 993 3030 Sagittis
1004 2988 1037 3018 ad
1053 2998 1125 3025 opus
1138 2988 1268 3018 nostrum

211 3026 247 3056 de
263 3035 341 3056 novo
357 3025 505 3063 faciendis,
524 3036 577 3063 pro
593 3025 723 3055 Denariis
738 3026 839 3056 nostris
853 3049 862 3064 ,
885 3026 920 3058 de
939 3026 1065 3058 Exitibus
1080 3028 1114 3058 ὅς
1130 3026 1268 3057 Proficuis

211 3063 376 3095 Comitatus
392 3065 519 3103 praedidti
535 3064 788 3102 Provenientibus,
802 3066 830 3094 in
847 3066 899 3095 hac
915 3074 993 3103 parte
1008 3066 1205 3097 rationabiliter
1214 3065 1268 3096 sol-

210 3103 326 3140 vendis,
347 3102 526 3140 Capiendum
542 3104 574 3133 &
588 3102 801 3133 providendum
811 3126 821 3141 ,

250 3142 294 3171 Ac
320 3141 428 3171 Pennas
452 3141 507 3171 illas
528 3141 613 3178 usque
632 3139 814 3170 Londoniam
829 3164 838 3179 ,
862 3143 930 3172 citra
955 3142 1069 3173 Festum
1090 3142 1189 3173 Sansti
1206 3141 1268 3172 Mi-

212 3179 314 3210 chaelis
329 3181 462 3216 proximo
474 3180 601 3210 futurum
613 3201 622 3216 ,
641 3180 736 3208 cariari
750 3179 928 3210 faciendum:

250 3217 288 3247 Et
305 3217 369 3247 ideo
390 3219 439 3248 tibi
462 3218 644 3254 Praecipimus
666 3216 742 3255 quod
761 3219 836 3248 circa
852 3218 994 3248 Praemiffi
1008 3218 1155 3258 diligenter
1172 3220 1265 3249 inten-

212 3254 275 3322 dasI,
291 3264 323 3285 ac
340 3265 370 3285 ea
387 3256 468 3286 facias
483 3258 516 3288 ὃς
530 3256 671 3293 exequaris
687 3257 716 3285 in
734 3256 826 3286 forma
841 3257 981 3294 praedieta.

267 3303 284 3322 n
301 3295 378 3323 cu‘us
408 3296 468 3324 &c.

245 3304 463 3371 Testejprjcsato
478 3331 586 3371 Custode
599 3330 671 3372 apud
687 3331 815 3362 Westm.
833 3334 929 3370 primo
946 3332 992 3369 die
1009 3333 1190 3364 Decembris.

213 3410 385 3443 Consimiles
408 3412 511 3443 Literae
533 3412 622 3450 Regis
645 3411 774 3442 Parentes
797 3412 956 3448 diriguntur
970 3412 1142 3451 subscriptis,
1160 3414 1189 3443 in
1204 3411 1267 3443 Co-

249 3451 392 3481 mitatibus
413 3451 568 3489 subscriptis
584 3474 593 3488 ,
618 3460 671 3488 pro
693 3450 831 3481 Numeris
848 3451 1008 3482 Pennarum
1023 3451 1200 3490 subscriptis,
1215 3452 1265 3482 sub

248 3489 344 3521 eadem
362 3488 450 3527 Data,
470 3489 615 3527 videlicet,

251 3572 378 3600 Vicecom.
397 3571 472 3598 Surr.
491 3566 529 3602 dr
543 3567 644 3606 Suffl'x.
668 3579 723 3606 pro
741 3579 804 3600 xxx.
823 3580 862 3601 m.
882 3570 973 3601 Penn.

249 3611 277 3637 V
279 3612 377 3637 irerom.
396 3607 508 3645 SomerJ.
524 3606 562 3641 (θ’
575 3607 658 3645 Dorſs
675 3617 728 3644 pro
744 3619 770 3638 c.
791 3618 831 3638 m.
848 3609 937 3639 Penn.

250 3649 377 3676 Vicecom.
396 3645 507 3685 lViltes
526 3655 578 3684 pro
591 3645 627 3674 xl.
647 3654 686 3674 m,
706 3645 795 3676 Penn.

251 3688 377 3714 Vicecom.
397 3682 486 3712 Glouc.
503 3693 554 3721 pro
569 3683 604 3712 xl.
624 3692 663 3712 m.
682 3682 770 3713 Penn.

249 3725 376 3752 Vicecom.
397 3724 519 3762 Wygorn.
539 3731 591 3759 pro
607 3729 669 3751 xxx.
688 3731 727 3751 m.
748 3722 839 3752 Penn.

251 3763 376 3790 Vicerom.
397 3763 490 3790 PVarr.
507 3758 545 3794 (θ’
559 3763 638 3799 Leyc.
657 3770 709 3798 pro
723 3760 758 3789 xl.
780 3770 817 3789 m.
838 3758 927 3789 Penn.

249 3800 372 3827 Vim-om.
392 3801 478 3827 Oxon.
499 3798 537 3833 &
552 3799 638 3828 Berks
652 3808 706 3836 pro
721 3798 756 3828 xl.
777 3808 816 3828 m.
837 3797 927 3829 Penn.

249 3837 375 3865 Vim-om.
394 3836 494 3865 North.
514 3847 566 3874 pro
581 3837 617 3866 Xl·
636 3846 675 3866 m.
696 3836 786 3867 Penn.

250 3875 377 3902 Vicecom.
396 3875 483 3904 Rotel.
502 3885 553 3912 pro
570 3884 633 3904 xxx.
649 3885 688 3905 rn.
709 3874 800 3905 Penn.

250 3912 366 3940 Vcerom.
385 3912 466 3949 Staff.
487 3923 538 3949 pro
556 3923 616 3943 xxx.
638 3923 677 3943 m.
694 3913 782 3944 Penn.

249 3950 278 3977 V
277 3951 374 3977 itervm.
394 3951 521 3989 Notyugh
533 3950 571 3985 (ἔν
586 3952 670 3982 Derb.
689 3962 741 3990 pro
756 3959 818 3982 XXX.
837 3961 876 3983 m.
894 3950 918 3982 P
919 3960 983 3981 enn-

251 3988 375 4017 Vicecom.
392 3988 510 4019 Eborum
524 3999 577 4027 pro
588 3990 625 4020 lx.
643 4000 683 4021 m.
701 3990 791 4022 Penn.

665 69 1470 124 CONVENTIONES,
1524 70 1913 123 LITERAE‚

1336 159 1460 187 chcom.
1479 157 1605 188 Lincoln.
1624 168 1678 198 pro
1692 165 1720 190 c.
1740 167 1780 190 tn.
1801 160 1895 191 Penn.
2389 158 2464 191 Ann.
2476 159 2516 190 D.

1337 198 1466 226 Vicecom.
1486 196 1580 234 Norff.
1599 196 1638 232 ὠ·
1655 198 1723 237 Suff.
1741 207 1796 236 pro
1809 208 1836 229 c.
1855 209 1895 229 m.
1915 198 2007 229 Penn.
2408 199 2494 237 1418.

1338 237 1466 264 Vicecom.
1486 233 1571 272 Effl’x
1586 235 1625 270 ό·
1639 235 1735 277 Hertf.
1754 247 1808 275 pro
1826 247 1854 268 c.
1873 246 1914 268 m.
1934 237 2029 268 Penn.
2387 241 2451 265 Hen-
2466 245 2494 275 5·

1338 275 1367 303 V
1367 276 1468 302 icecom.
1487 272 1556 301 Bed.
1576 272 1615 308 ὠ
1631 276 1715 305 Buck.
1732 285 1787 313 pro
1799 275 1871 306 lxxx.
1890 285 1930 306 m.
1949 275 2042 306 Penn.

1336 313 1465 340 Vicecom.
1481 313 1572 340 Kana.
1588 320 1640 349 pro
1653 323 1681 343 c.
1698 323 1739 344 m.
1758 313 1850 345 Penn.
1922 347 1924 349 ,

1339 351 1466 379 Vicecom.
1484 348 1613 379 Cantebr.
1630 348 1668 385 ὦ·
1680 353 1770 382 Hunt.
1789 360 1844 391 pro
1860 360 1888 383 c.
1908 361 1948 382 m.
1965 351 2057 382 Penn.

1429 472 1450 494 ‘⁸‘
1476 475 1525 507 De
1540 472 1712 506 Trae‘tando
1728 485 1797 508 cum
1817 473 2088 520 Ambafflatoribus
2102 478 2244 513 Francia.
2387 468 2468 547 ἓξὲξ·

1305 557 1438 613 REX
1465 557 1630 598 Omnibus,
1647 558 1682 591 ad
1719 569 1788 597 uos,
1804 560 1866 591 ὅτε.
1887 560 2022 593 Salutem.

1400 596 1484 628 Licet
1504 597 1576 628 inter
1598 597 1752 628 nonnulos
1777 598 1996 631 Ambaffiatores
2016 600 2051 631 &
2075 600 2235 639 Deputatos
2250 595 2364 631 nostros
2414 588 2499 625 14¹8.

1303 641 1429 702 {zapacrte
1453 634 1513 704 ¹34an
1524 636 1592 704 ,εἶξε
1611 635 1830 668 Ambaffiatores
1851 646 1885 668 ac
1906 636 2067 676 Deputatos
2088 639 2259 681 Adversarii
2281 639 2361 680 nostri
2383 628 2479 700 2³²¹?-

1328 688 1336 700 1
1361 685 1380 702 n
1394 685 1427 704 1ae
1461 698 1466 704 i
2413 686 2417 691 '
2460 686 2466 692 “

1344 710 1394 742 De
1418 684 1458 745 &e
1466 684 1546 750 super
1557 685 2040 753 aContentionibus,PetitionibuS,
2056 713 2288 755 QiaestionibuS,
2305 712 2369 748 De·
2386 708 2439 731 Nor
2439 713 2466 731 '⁷²
2487 702 2516 730 ⁶·

1305 751 1434 790 mandis,
1451 761 1485 782 ac
1502 750 1676 790 Discordiis,
2385 748 2517 779 H·5-P·²-⁴

1342 787 1419 820 Inter
1437 791 1496 819 Nos
1510 790 1544 821 ὃ(
1552 789 1705 830 praefatum
1721 790 1927 830 Adverfhrium
1940 789 2057 829 nostrum
2069 813 2078 829 ‚
2097 799 2157 823 tam
2171 791 2250 831 super
2267 793 2366 825 Coro-
2383 790 2419 810 m·
2438 780 2464 807 3*

1304 836 1339 856 na
1353 828 1387 858 &
1401 828 1512 867 Regno
1522 828 1622 860 nostro
1638 829 1661 859 F
1663 829 1778 867 ranciae,
1794 838 1881 867 quam
1894 829 1951 860 aliis
1971 827 2069 858 Terris
2080 851 2091 867 ,
2111 827 2276 869 Dominiis,
2290 832 2367 871 Juri-

1305 865 1414 904 bus,&
1430 866 1531 898 Rebus
1544 868 1615 898 inter
1630 867 1698 898 Nos
1712 868 1746 898 &
1759 868 1908 906 praefatum
1922 867 2108 899 adversarium
2125 867 2256 901 nostrum
2270 870 2367 902 hacte-

1305 914 1357 934 nus
1373 906 1460 935 motis
1475 906 1508 936 &
1526 906 1732 944 pendentibus,

1342 942 1386 973 Ac
1406 953 1458 981 pro
1479 944 1606 984 Qiiete,
1629 945 1851 984 Tranquilitate‚
1869 945 1902 976 &
1917 943 1993 977 Pace
2005 943 2142 983 perpetua
2157 945 2229 977 inter
2244 943 2370 978 Franciae

1306 982 1340 1012 ὃ(
1357 981 1470 1021 Angliae
1485 981 1588 1027 Regna
1602 981 1700 1014 nostra
1709 1004 1719 1021 ,

1308 1019 1437 1089 fag—ariae
1460 1020 1493 1051 δε
1513 1020 1630 1053 diversae
1651 1020 1869 1053 Prolocutiones
1891 1022 1925 1053 &
1944 1018 2098 1054 Trae‘tatus
2113 1020 2203 1054 habiti
2217 1022 2367 1056 fuerint&

1367 1069 1376 1088 i

1344 1081 1406 1135 Qt'ii
1422 1106 1516 1128 tamen
1526 1120 1536 1136 ,
1553 1094 1656 1136 absque
1669 1097 1770 1128 nostris
1781 1097 1852 1129 dolo
1865 1121 1875 1137 ,
1896 1097 2085 1139 negligentia,
2102 1098 2148 1133 vel
2162 1099 2261 1139 culpa,
2278 1099 2369 1140 spera-⁶

1306 1142 1379 1204 turRT
1381 1146 1560 1175 nequaquam
1572 1137 1706 1168 haetenus
1720 1136 1810 1169 sortiti
1822 1137 1884 1169 sunt
1899 1136 2064 1177 Effeetum,

1376 1186 1403 1205 os
1420 1183 1515 1206 tamen

1342 1213 1390 1257 Ut
1405 1215 1502 1254 saepius
1522 1198 1556 1246 ὲ(
1576 1213 1700 1257 semper,
1720 1213 1780 1245 Dei
1800 1208 1978 1253 Honorem,
1992 1211 2202 1246 Exaltationem
2217 1210 2296 1247 Fidei
2309 1214 2370 1246 Ca-

1306 1251 1439 1291 tholicae,
1459 1253 1491 1283 &
1508 1251 1701 1283 Evitationem
1716 1252 1863 1284 effusionis
1876 1252 2022 1291 Sanguinis
2038 1252 2211 1293 Christiani,
2227 1264 2260 1286 ac
2276 1254 2370 1294 Qiea

1307 1298 1364 1321 tem
1387 1292 1420 1322 &
1442 1290 1678 1333 Tranquilitatem
1700 1293 1769 1322 inter
1790 1291 1903 1330 praefata
1926 1292 1973 1323 An
1994 1292 2038 1322 liae
2060 1292 2094 1324 &
2116 1291 2243 1323 Franciae
2264 1291 2368 1330 Regna

1306 1329 1418 1368 nostra,
1434 1329 1549 1360 summis
1563 1329 1719 1369 deiideriis,
1738 1339 1876 1369 quantum
1889 1340 1958 1362 cum
2001 1341 2038 1362 eo
2052 1330 2216 1370 possumuS,
2232 1330 2369 1362 affeetan-

1309 1376 1366 1405 tes,
1926 1403 1928 1405 ,

1347 1407 1393 1438 Ac
1407 1407 1444 1438 de
1458 1405 1605 1446 fidelitate,
1622 1407 1896 1446 circumspeffione,
1914 1407 1947 1440 ὃς
1962 1406 2114 1448 industria,
2130 1406 2368 1448 Reverendiffimi

1305 1446 1333 1475 in
1355 1445 1472 1476 Christo
1497 1445 1584 1477 Patris
1600 1468 1609 1484 ,
1635 1445 1760 1477 Domini
1777 1449 1890 1477 Henrici
1901 1469 1912 1486 ‚
1929 1446 2030 1478 eadem
2045 1445 2131 1486 gratia
2165 1446 2367 1487 Cantuarienfis

1305 1483 1503 1528 Arrhiepiftopi
1521 1507 1530 1522 ,
1553 1487 1642 1528 'totius
1664 1485 1709 1515 Ari
1731 1485 1775 1515 11ae
1796 1484 1946 1523 Primatis,
1972 1486 2006 1517 &
2022 1485 2049 1516 A
2091 1484 2136 1516 sto
2148 1485 2297 1525 icaeVSedis
2307 1485 2367 1524 Le-

1306 1493 2289 1593 sa³..5assiri..¹5312³50sitnisi..5stsz³‚5z1ftfli'ssaxfffft²
2305 1524 2366 1594 (ἐς

1307 1600 1450 1631 leetorum
1472 1602 1506 1632 &
1527 1570 1655 1630 fiiielium
1679 1600 1841 1632 nostrorum
1855 1625 1865 1639 ,
1889 1575 2192 1639 {ienriii'i-“itzafflgh
2207 1573 2366 1632 dan‘ieirarii

1307 1638 1414 1676 nostri,
1434 1639 1551 1668 Walter}
1573 1641 1684 1676 Hunger
1701 1639 1752 1669 ord
1769 1639 1914 1670 senescalli
1938 1638 2063 1678 Hospitii
2083 1639 2195 1677 nostri,
2219 1641 2263 1670 W
2263 1639 2367 1671 illielm‘

1308 1676 1471 1715 Bourgchier
1493 1675 1625 1714 Magistri
1646 1679 1669 1706 P
1689 1676 1762 1716 ilippi
1782 1680 1901 1716 Morgan
1923 1675 2088 1709 Cancellarii
2107 1676 2196 1709 nostri
2216 1677 2368 1710 Norman-

1307 1717 1362 1746 niae
1371 1740 1380 1753 ,
1400 1715 1530 1754 Magistri
1543 1714 1683 1754 Johanm's
1698 1719 1784 1754 Kemp
1798 1715 1933 1748 Custodis
1948 1716 2052 1747 Privati
2065 1716 2154 1754 sigini
2167 1715 2258 1747 nostri
2272 1739 2282 1756 ,
2297 1727 2366 1749 nec-

1306 1765 1385 1792 non,
1402 1753 1574 1785 dilecsstorum
1591 1754 1691 1791 nobis,
1706 1753 1813 1784 Thomae
1829 1755 1978 1792 Chaucers,
1997 1753 2138 1784 Willielmi
2152 1754 2288 1792 Alington
2298 1777 2310 1793 ,
2330 1757 2366 1788 δε

1305 1792 1440 1862 &magistri
1454 1791 1595 1832 Jolnnnis
1616 1792 1709 1833 Stokys
1722 1817 1732 1831 ,
1757 1792 1871 1832 Legum
1893 1793 2052 1831 Doetoris,
2070 1793 2181 1832 plenam
2196 1793 2368 1833 gerentesfi-

1327 1841 1438 1863 uciam.

1343 1870 1389 1900 Ad
1405 1869 1665 1908 Conveniendum,
1682 1866 1987 1909 communicandum,
2003 1866 2220 1907 Tmo-indum.
2233 1868 2369 1910 Compo-

1304 1909 1432 1940 nendum
1446 1932 1456 1947 ,
1480 1909 1710 1948 Transigendum
1725 1933 1735 1946 ,
1751 1919 1783 1940 ae
1799 1909 1882 1948 plene
1897 1910 1931 1941 δε
1944 1909 2059 1940 fideliter
2073 1905 2317 1940 Concludendum
2332 1909 2366 1941 &

1304 1947 1552 1979 Concordandum
1576 1958 1629 1986 pro
1650 1946 1749 1978 Nobis
1763 1949 1796 1978 &
1811 1947 1946 1978 Nomine
1960 1947 2076 1986 nostro,
2093 1957 2161 1979 cum
2177 1947 2367 1979 Ambaffiato-

1304 1987 1380 2017 ribus
1392 2011 1402 2025 ,
1427 1987 1461 2018 &
1484 1986 1633 2025 Deputatis
1647 2009 1656 2024 ,
1681 1996 1714 2016 ac
1728 1985 1854 2017 Nunciis
1868 1984 1982 2027 praesati
1995 1984 2167 2025 Adverfiarii
2186 1985 2286 2028 nostri,
2306 1987 2367 2026 ple-

1304 2035 1370 2056 nam
1394 2025 1428 2056 &
1450 2024 1636 2056 sufficientem
1654 2026 1683 2054 in
1704 2024 1757 2055 hac
1780 2033 1857 2063 parte
1876 2024 2049 2056 Potestarem
2074 2025 2241 2056 habentibus
2257 2047 2267 2063 ,
2283 2023 2320 2056 de
2332 2025 2367 2057 δε

1303 2063 1384 2102 super
1397 2064 1532 2094 omnibus
1547 2064 1580 2095 &
1596 2063 1707 2102 singulis
1721 2062 1837 2095 Debatis
1854 2087 1864 2103 ,
1889 2063 2148 2103 Contentionibus,
2162 2063 2372 2103 Petitionibus‚

1308 2102 1525 2141 Qiaestionibus
1541 2125 1551 2141 ,
1577 2101 1736 2133 Demandis
1750 2124 1760 2140 ‚
1786 2100 1943 2133 Discordiis
1963 2102 1996 2133 &
2016 2111 2114 2133 earum
2137 2101 2279 2147 Materiis,
2295 2112 2367 2134 cum

1306 2141 1358 2171 suis
1373 2141 1581 2180 incidentibus,
1599 2142 1823 2179 emergentibus,
1841 2140 2083 2180 dependentibus,
2100 2141 2134 2172 ὃ(
2149 2150 2303 2179 connexis,
2322 2142 2366 2170 in-

1307 2189 1349 2210 ter
1369 2182 1428 2209 Nos
1442 2181 1476 2211 ὅ(
1483 2178 1632 2219 praefatum
1641 2179 1845 2220 Adversarium
1857 2178 1972 2220 nostrum
1985 2180 2226 2218 qualitercumque
2239 2180 2368 2218 penden«

1307 2219 1381 2249 tibus
1397 2219 1453 2249 sive
1467 2220 1569 2257 motis,
1589 2219 1633 2249 vel
1648 2218 1814 2257 movendis,
2245 2253 2249 2256 .

1344 2255 1379 2287 Er
1393 2258 1556 2297 generaliter
1570 2256 1650 2295 super
1673 2255 1820 2287 Omnibus
1842 2258 1874 2288 &
1889 2256 2028 2298 Singulis,
2047 2255 2203 2300 Quietem,
2218 2257 2362 2296 Tranqui-

1305 2294 1431 2334 litatem,
1450 2297 1483 2327 &
1497 2295 1604 2327 Pacem
1619 2295 1803 2334 praefatorum
1818 2295 1992 2334 Regnorum
2005 2296 2263 2334 concernentibus,

1342 2335 1388 2366 Ac
1407 2335 1444 2366 de
1466 2335 1499 2365 &
1519 2335 1599 2373 super
1622 2332 1761 2364 omnibus
1779 2335 1812 2365 &
1836 2335 1966 2374 singulis,
1985 2335 2021 2365 ab
2034 2333 2137 2371 eisdem
2155 2333 2297 2365 Fidelibus
2312 2344 2366 2365 no-

1305 2372 1366 2403 stris
1381 2384 1449 2404 cum
1464 2372 1732 2410 AmbaffiatoribuS,
1750 2371 1916 2411 Deputatis,
1934 2373 1979 2403 seu
1992 2372 2118 2403 Nunciis
2128 2372 2198 2404 dieti
2211 2372 2367 2404 Adversarii

1306 2412 1414 2451 nostri,
1432 2414 1462 2442 in
1484 2411 1635 2443 Praemislis
1649 2435 1659 2450 ,
1683 2411 1729 2442 vel
1748 2421 1850 2442 eorum
1865 2412 1978 2480 aliqulo,
1996 2411 2217 2451 Appuntstuatis,
2235 2421 2362 2442 concor-

1304 2450 1389 2488 datis,
1409 2451 1567 2489 conclusis,
1585 2451 1631 2481 seu
1646 2451 1828 2488 compositis,
1845 2460 1896 2489 per
1946 2460 1978 2481 os
1993 2449 2068 2481 bene
2079 2450 2113 2480 δε
2134 2448 2252 2480 fideliter
2266 2449 2364 2480 obser-

1305 2490 1420 2528 vandis,
1437 2491 1466 2520 in
1484 2489 1620 2520 Animam
1635 2488 1760 2520 nostram
1768 2489 1948 2526 Jurandum‚
2203 2525 2209 2530 ,

1341 2527 1450 2559 Literas
1471 2529 1557 2558 etiam
1579 2528 1714 2566 Sigillatas
1725 2551 1735 2565 ,
1761 2527 1975 2567 obligationes,
1993 2527 2028 2558 &
2042 2523 2151 2556 alterius
2164 2525 2364 2564 cujuscumque

1306 2569 1412 2606 generis
1432 2566 1599 2598 Securitates
1611 2591 1620 2604 ,
1644 2567 1673 2596 in
1693 2566 1746 2596 hac
1765 2576 1842 2604 parte
1856 2574 2029 2602 conventas,
2042 2564 2242 2603 concordatas,
2258 2565 2304 2595 seu
2320 2574 2364 2594 re-

1306 2605 1417 2643 quilitas
1431 2627 1440 2643 ,
1466 2615 1519 2643 pro
1535 2605 1635 2635 Nobis
1647 2605 1680 2634 δε
1696 2603 1831 2634 Nomine
1844 2603 1942 2633 nostro
1958 2602 2056 2632 Dandi
2089 2601 2241 2640 Faciendi,
2258 2604 2290 2634 &
2303 2602 2364 2633 Ex·-

1307 2643 1432 2681 ponendi
1449 2666 1458 2681 ‚
1484 2654 1550 2681 quas
1571 2652 1666 2680 parem
1689 2643 1723 2673 &
1745 2643 1867 2672 eundem
1886 2640 2035 2672 Effizdtum
2056 2625 2090 2671 ὲ(
2107 2641 2240 2679 vigorem
2259 2641 2364 2672 habere

1306 2682 1440 2712 volumus
1455 2691 1488 2713 ac
1502 2682 1520 2711 ii
1537 2681 1623 2718 Nos,
1641 2682 1670 2710 in
1686 2679 1808 2711 Persona
1820 2679 1932 2718 nostra,
1948 2689 1994 2711 eas
2009 2678 2169 2718 Daremus,
2187 2679 2365 2719 faceremus,

1306 2721 1352 2751 seu
1368 2729 1590 2758 exponeremus,

1341 2757 1387 2789 Ac
1431 2758 1606 2797 uoscumque
1622 2756 1773 2788 Tractatus
1787 2782 1798 2796 ,
1816 2765 1864 2795 per
1876 2767 1926 2789 eos
1939 2764 2007 2788 curn
2023 2755 2094 2788 dieti
2106 2755 2262 2788 Adversarii
2273 2754 2365 2787 nostri

1305 2794 1400 2828 Amba
1425 2795 1556 2828 iatoribus
1569 2820 1580 2835 ,
1604 2795 1752 2833 Deputatis
1767 2819 1776 2835 ,
1809 2797 1865 2828 sive
1887 2795 2013 2827 Nunciis
2035 2804 2132 2834 ceptos
2153 2795 2210 2826 five
2224 2794 2338 2826 ,habitos
2352 2816 2364 2833 ,

1304 2845 1390 2874 prout
1404 2837 1442 2866 eis
1453 2835 1582 2874 expedire
1595 2834 1753 2872 videbitur,
1773 2833 1865 2866 Proro
1884 2834 1948 2865 andi
1963 2834 1997 2865 ὅ(
2010 2833 2225 2870 Continuandi,

1340 2874 1385 2905 Ac
1400 2875 1563 2913 generaliter
1575 2874 1672 2905 omnia
1686 2875 1719 2904 ὃς
1735 2873 1842 2911 singula
1879 2873 1989 2904 aciendi
2002 2895 2014 2911 ,
2037 2871 2231 2908 Excercendi,
2250 2871 2284 2902 &
2301 2869 2361 2902 Ex-

1303 2913 1449 2951 pediendi,
1466 2923 1532 2952 quae
1544 2914 1572 2943 in
1588 2911 1738 2943 Praemisiis
1752 2913 1785 2943 &
1801 2914 1874 2942 circa
1887 2922 1919 2942 ea
1932 2909 2081 2941 necessaria
2093 2909 2196 2947 fuerint
2219 2908 2266 2940 seu
2288 2919 2361 2947 quo-

1301 2951 1461 3019 quolibet
1477 2951 1550 2983 utilia
1562 2952 1608 2984 vel
1623 2960 1781 2990 oportuna,
1798 2951 1831 2982 &
1845 2950 1866 2981 si
1879 2949 2049 2981 Mandatum
2063 2948 2174 2988 exigant
2196 2949 2288 2986 magis
2302 2947 2362 2986 spe-

1302 3000 1345 3021 cia
1356 3001 1372 3020 e

1339 3015 1456 3059 Plenam
1469 3028 1571 3059 eisdem
1595 3027 1700 3058 Archie
1715 3026 1812 3065 ifiopo,
1826 3024 1950 3064 Epist-opo
1960 3048 1971 3063 ,
1980 3024 2256 3064 Richardo,Henrico
2282 3023 2360 3054 Wal-

1303 3074 1360 3097 tero
1369 3090 1379 3106 ,
1387 3070 1429 3097 W
1428 3067 1539 3106 ilielmo,
1549 3053 1678 3105 Pbilippo,
1724 3064 1822 3108 ohaqtns
1830 3087 1841 3103 ,
1854 3063 1962 3094 Thamae
1969 3087 1978 3103 ,
1986 3063 2136 3094 Willielmo
2143 3086 2153 3102 ,
2169 3064 2203 3095 &
2213 3048 2358 3102 Johanni,

1303 3116 1417 3136 necnon
1431 3106 1582 3137 Undecim
1597 3127 1607 3143 ,
1631 3105 1701 3141 Sex,
1720 3103 1876 3142 Qimque,
1895 3102 2044 3142 Quatuot,
2063 3102 2108 3133 vel
2121 3102 2226 3134 Tribus
2240 3111 2361 3141 eorum,

1304 3141 1445 3174 Dedimus
1466 3145 1499 3176 ὃς
1522 3141 1721 3174 Concessimus
1735 3164 1745 3179 ,
1769 3151 1819 3179 ac,
1837 3150 1888 3179 per
1901 3140 2052 3172 Praesentes
2067 3139 2180 3172 Damus
2193 3141 2227 3172 &
2242 3139 2361 3172 Conce-

1302 3183 1409 3221 dimus,
1430 3181 1621 3218 Potestatem3

1336 3220 1450 3258 Insuper
1474 3220 1663 3258 promittimus
1676 3242 1686 3256 ,
1712 3217 1790 3249 bona
1811 3217 1867 3250 fide
1887 3218 1920 3250 &
1943 3219 1972 3248 in
1993 3218 2083 3250 verbo
2096 3218 2174 3256 regio
2188 3241 2198 3256 ,
2215 3216 2285 3249 Nos
2298 3217 2358 3249 Ra-

1304 3267 1384 3295 tum,
1402 3258 1524 3289 Gratum
1539 3282 1549 3296 ‚
1572 3257 1700 3287 Firmum
1714 3281 1723 3294 ,
1742 3267 1774 3288 ac
1790 3256 1894 3287 Stabile
1910 3258 2048 3295 perpetuo
2061 3256 2204 3287 habituros
2221 3254 2357 3295 quicquid

1301 3297 1330 3326 in
1346 3295 1514 3335 Praemiffis,
1534 3296 1579 3327 vel
1594 3296 1688 3335 aliquo
1701 3294 1915 3326 Praemifforum
1930 3319 1939 3335 ‚
1957 3306 2006 3333 per
2020 3295 2171 3334 praedictos
2185 3293 2362 3326 Commissa-

1301 3336 1358 3365 rios
1372 3335 1418 3365 seu
1434 3334 1593 3372 Deputatos
1607 3333 1736 3372 nostros,
1755 3333 1907 3364 Undecim
1917 3356 1927 3372 ,
1943 3334 1998 3364 Sex
2008 3357 2016 3371 ‚
2034 3333 2191 3373 Quinque,
2207 3333 2357 3372 Quaruor,

1302 3373 1347 3404 vel
1362 3373 1436 3403 Tr&
1451 3383 1485 3403 ex
1499 3375 1554 3410 eis,
1570 3383 1636 3404 cum
1652 3373 1718 3402 dicii
1731 3372 1903 3412 Anversarii
1917 3372 1997 3412 nqstri
2023 3371 2172 3409 Deputatis
2188 3370 2243 3401 five
2265 3370 2356 3400 Nun-

1300 3412 1349 3442 ciis
1363 3410 1567 3450 Compositum
1583 3435 1593 3449 ,
1616 3410 1809 3449 Conclusum,
1828 3410 2016 3442 Conventum
2036 3411 2089 3442 erit
2101 3433 2112 3448 ,
2127 3410 2173 3440 seu
2186 3408 2354 3439 Concorda-

1301 3460 1415 3519 tur¹¹}‘1’Et
1430 3488 1510 3526 quod
1526 3488 1623 3518 omnia
1635 3488 1667 3519 δε
1685 3486 1806 3526 fingula,
1828 3487 1866 3518 sic
1888 3486 2056 3524 Compofita
2067 3509 2078 3523 ,
2095 3483 2251 3528 Conclusa,
2269 3483 2353 3528 Con-
2371 3503 2386 3519 a·
2406 3505 2446 3532 IX

1301 3535 1387 3558 venta
1411 3526 1454 3557 seu
1479 3526 1662 3557 Concordata
1675 3549 1685 3562 ,
1710 3526 1810 3564 absque
1831 3525 1919 3564 dolo,
1939 3524 2050 3568 fraud-e,
2068 3523 2114 3567 vel
2129 3522 2204 3553 malo
2218 3531 2352 3561 ingenio,
2368 3542 2386 3568 5
2450 3526 2458 3533 ‘¹

1303 3574 1440 3605 quantum
1452 3566 1481 3594 in
1496 3564 1595 3595 Nobis
1607 3564 1648 3594 est
1657 3587 1666 3602 ,
1682 3563 1864 3602 Exequemur
1875 3565 1910 3595 &
1922 3572 2021 3600 exequi
2035 3561 2185 3596 faciemus,
2298 3599 2305 3606 ·
2388 3551 2436 3578 55·

1341 3604 1387 3633 Ac
1401 3602 1479 3641 quod
1495 3603 1573 3641 super
1586 3603 1688 3634 eisdem
1703 3602 1833 3632 dabimus
1855 3602 1962 3633 Lireras
1980 3599 2087 3630 nostras
2101 3597 2352 3639 Confirmatorias,

1301 3642 1402 3673 nostro
1419 3641 1529 3680 Magno
1544 3641 1645 3678 Sigillo
1659 3641 1810 3679 sigillatas,

1339 3680 1417 3717 Qiae
1437 3681 1535 3709 omnia
1553 3680 1587 3710 &
1608 3680 1712 3719 fingula
1729 3677 1883 3716 supradicta
1902 3676 1971 3707 Nos
1992 3675 2127 3719 Facturus
2139 3697 2151 3713 ‚
2169 3675 2353 3719 impleturos,

1301 3721 1336 3751 &
1350 3718 1544 3748 observaturos
1559 3742 1569 3756 ,
1591 3728 1646 3748 nec
1667 3718 1726 3748 ullo
1749 3725 1874 3754 unquam
1887 3724 2016 3753 ternpore
2028 3723 2068 3744 eis
2081 3713 2126 3744 vel
2140 3713 2223 3746 alicui
2236 3725 2352 3746 eorum·

1299 3758 1367 3787 dem
1381 3755 1449 3786 Nos
1462 3764 1559 3786 contra
1572 3765 1720 3793 venturos,
1742 3754 1938 3784 Promittimus
1952 3753 2002 3783 sub
2015 3751 2168 3795 Ypotlieca
2179 3754 2212 3784 ὃς
2230 3752 2353 3791 Obliga-

1299 3796 1380 3827 tione
1392 3795 1525 3824 omnium
1546 3793 1693 3825 Bonorum
1713 3792 1894 3830 nostrorum,
1908 3800 1967 3823 tarn
1979 3791 2160 3830 praesentium
2173 3794 2262 3831 quam
2275 3792 2351 3823 futu-

1300 3842 1416 3869 rorum,

1335 3870 1370 3900 In
1384 3870 1477 3908 cujus,
1493 3870 1553 3900 &c.

1336 3908 1424 3938 Teste
1439 3907 1523 3945 Rege
1535 3912 1564 3938 in
1583 3908 1769 3948 Exercitufiao
1782 3913 1847 3937 ante
1868 3908 2017 3937 Civitatem
2038 3905 2275 3947 Rothomagensem
2288 3905 2351 3937 Pri-

1301 3956 1352 3978 mo
1369 3946 1426 3978 Die
1441 3946 1619 3987 Decembris.

1977 3984 2030 4013 Per
2043 3982 2127 4023 ipfitm
2145 3986 2250 4023 Regem.
2299 4021 2355 4050 Ρη
