2562 4274
723 118 830 165 ET
915 120 1182 161 ACTA

17 213 94 245 Ann.
108 210 150 243 D.
205 213 243 244 Et
255 211 412 249 diriguntur
428 208 533 239 Literae
546 208 619 246 iliae,
637 206 797 238 Venerabili
821 209 850 237 in
873 206 992 237 Christo
1013 206 1105 249 Patri,
1122 208 1159 234 L.
1180 203 1226 233 ea-

47 260 130 290 1419-
168 252 234 283 dem
271 249 354 287 ratiti,
371 246 574 286 Archiepifiopo
591 246 796 287 Rothomagensi
805 270 813 283 ,
832 245 878 276 vei
893 247 951 285 ejus
966 246 1081 276 Vicario
1095 243 1223 273 Genera-

21 296 84 319 Hen.
103 299 131 326 5.
168 292 204 330 li,
219 292 248 328 ip
258 300 278 319 o
293 286 516 324 Archiepiscopo
531 286 560 314 in
576 284 708 315 Remotis
722 293 830 324 agente.
1089 322 1094 327 .

18 329 83 358 ibid.
204 327 352 359 Richardus
366 325 398 355 de
416 322 539 354 Bouhuel
551 322 718 361 Capellanus
740 323 774 353 ad
798 322 953 352 Ecclesiam
974 319 1169 352 Parochialem
1190 317 1226 347 de

170 364 340 407 Qiidebeuf
352 362 531 393 Ebroicensis
547 361 705 399 Dioecefis,
724 371 772 399 per
798 360 928 392 Mortem
951 360 1083 398 Magistri
1103 357 1226 388 Andreae

169 408 202 437 de
216 408 277 442 Gay
291 402 453 440 Capeliani,
472 401 564 432 ultimi
579 396 744 431 Possefforis
759 399 881 437 ejusdem
892 424 901 438 ‚
920 408 1066 430 vacantem
1077 421 1087 436 ,
1104 399 1165 428 &c.

207 443 245 473 Et
258 443 415 480 diriguntur
432 440 534 470 Literae
548 438 601 469 iliae
615 437 738 469 Decano
749 439 782 469 &
805 437 939 476 Capitulo
961 437 1100 469 Ecclefiae
1122 433 1229 465 Cathe-

171 481 249 512 dralis
261 478 455 516 Ebroicensis,
475 477 548 508 Sede
563 476 668 507 ibidem
681 485 805 508 vacante.

209 521 334 556 Georgius
353 516 434 548 Fank
448 516 576 547 Clericus
590 515 625 546 ad
640 514 754 546 aiteram
770 515 936 546 Portionem
951 517 980 546 in
1002 513 1136 545 Ecciesiae
1161 512 1231 556 San-

175 558 215 588 ἃί
230 557 347 588 Martini
360 556 396 587 de
408 553 516 586 Monte
532 553 648 584 Martini
661 555 689 584 in
707 554 814 585 Grania
829 553 1050 585 Constantiensis
1073 552 1233 587 DioeceliS,

174 607 223 635 per
240 595 372 627 Mortem
387 594 511 638 Domini
525 591 649 637 Gaffriali
668 593 770 634 Bafin,
790 594 880 624 ultimi
905 592 1006 624 Curati
1026 591 1166 630 ejusdem,
1185 599 1234 620 va-

175 630 1104 712 “sss‘isg‘i‘nssfl.¹³L5÷.¹⁸..?3l¹;‘¹<‘2'21533.ispffiiisssifffitciefiae
1127 666 1235 698 cathe-

176 711 256 743 dralis
270 708 509 746 Constantieiifis,
527 707 599 739 Sede
612 708 718 739 ibidem
734 719 859 741 vacante.

215 748 350 790 Dionifius
367 742 486 778 Gativel
502 745 646 787 Clericus,
667 747 803 786 Magister
817 750 844 778 in
861 747 992 782 Artibus,
1010 747 1042 777 ὃ(
1063 746 1093 775 in
1113 752 1236 788 utro-que

196 798 245 818 ure
269 787 456 824 Licentiatus,
473 784 507 816 ad
529 784 683 817 Ecclesiam
702 784 895 818 Parochialem
913 786 949 815 de
961 784 1071 815 Tribus
1085 782 1238 813 Montibus

186 860 199 865 Γ
214 826 335 864 jocensis
357 825 498 856 Dioecesis
562 836 592 856 er
615 824 748 856 Mortem
769 825 904 863 Radulphi
923 824 955 854 de
979 823 1076 852 Tribus
1099 820 1239 851 Montibus

318 862 323 870 ι

180 864 343 903 Capellam,
359 864 468 895 ultimae
484 847 538 894 P’er
548 873 614 894 onae
625 863 766 903 ejusdem,
783 873 931 895 vacantem
941 885 951 902 ,
966 862 999 893 &
1014 862 1048 892 ad
1067 861 1152 900 Regis
1174 859 1241 890 Do-

177 904 323 935 nationem
339 903 511 942 spediantem
521 927 530 940 ,
547 904 609 934 &c.
1186 938 1191 942 .

218 941 256 973 Et
270 942 430 979 diriguntur
444 940 618 976 Literaerillae
632 939 668 979 J.
688 938 814 979 Epifiopo
833 939 974 980 Bajocenfi
981 962 991 977 ,
1008 938 1052 969 vel
1075 938 1134 977 ejus
1155 937 1182 968 V
1185 946 1242 968 ica-

180 981 226 1012 'riis
244 982 273 1011 in
289 980 501 1018 SpirituaIibus,
517 976 576 1016 ipso
594 973 738 1017 Episcopo
752 981 779 1009 in
794 979 927 1009 Remotis
942 982 1049 1018 agente.

216 1018 361 1058 Johannes
383 1018 416 1048 de
437 1021 534 1047 Maria
561 1016 730 1053 Capelianus
754 1018 788 1048 ad
812 1017 968 1049 Ecclesiam
990 1014 1184 1046 Parochialc‘m
1207 1013 1244 1044 de

182 1057 312 1089 Ourvilla
326 1055 564 1096 Rothomagensis
577 1055 724 1087 Dioecesis.

33 1108 98 1137 md·
113 1117 150 1136 m,
208 1092 364 1135 Johannes
381 1097 507 1125 Amant
517 1092 647 1125 Clericus
660 1089 694 1124 ad
709 1094 864 1126 Ecclesiam
878 1093 1075 1125 Parochialem
1084 1092 1178 1123 Saneii
1190 1086 1243 1129 Ju-

36 1157 81 1183 77·
185 1135 250 1166 liani
274 1134 437 1181 Derneviila
457 1130 695 1177 Rothomagenfis
716 1133 871 1173 Dioecesis‚
891 1144 939 1171 per
966 1132 1098 1163 Mortem
1120 1131 1244 1162 Domini

186 1173 328 1213 Johannts
340 1171 477 1202 Theronde
490 1171 635 1209 Capellam
644 1195 654 1209 ,
672 1171 733 1203 &c.

22 525 85 555 ibid.

26 574 62 592 m.
82 561 128 599 78.

28 751 94 782 ibid.

32 1030 96 1065 ibid.

224 1211 261 1242 Et
274 1210 430 1249 diriguntur
446 1204 549 1241 Literae
561 1209 615 1240 illae
628 1209 831 1250 Archiepifiopo
845 1208 1057 1251 Rothomagenfi.
1226 1217 1248 1251 ⁸·

221 1249 387 1280 Theobaldus
401 1250 465 1279 Sene
480 1248 543 1278 calli
565 1245 749 1287 Capelianus,
776 1249 913 1288 Magister
938 1250 967 1278 in
988 1248 1121 1284 Artibus,
1139 1241 1172 1277 δε
1197 1245 1247 1275 Li-

185 1289 320 1319 centiatus
335 1289 364 1318 in
380 1287 452 1324 Legi
474 1297 521 1330 us,
539 1286 573 1317 ad
586 1287 740 1319 Ecclesiam
763 1287 959 1319 Parociiialem
984 1286 1079 1330 Santhi
1101 1283 1248 1330 Lauditde

184 1326 325 1364 Bauvssla,
342 1325 496 1365 Bajocenlis
522 1324 682 1363 Dioecesis,
705 1335 753 1364 per
779 1325 909 1356 Mortem
933 1325 1056 1356 Domini
1077 1322 1202 1353 Gulielmi
1224 1321 1249 1352 le

184 1364 283 1405 Touft‘,
300 1365 409 1394 ultimae
431 1363 562 1394 Personae
583 1363 722 1403 ejusdem,
737 1372 904 1403 vacantem,
922 1365 955 1395 &
974 1363 1009 1394 ad
1032 1362 1124 1400 Regis
1146 1361 1249 1392 Dona-

185 1405 296 1435 tionem
312 1400 503 1441 speeiantem3

225 1441 266 1472 Et
284 1442 440 1480 diriguntur
466 1440 569 1471 Literae
589 1439 661 1478 iliae,
680 1440 842 1471 Venerabili
863 1442 891 1470 in
907 1439 1024 1471 Christo
1038 1439 1131 1477 Patri,
1145 1437 1181 1477 J.
1202 1437 1250 1468 ea-

188 1479 256 1510 dem
269 1478 388 1517 Gratia,
407 1477 532 1519 Episitopo
547 1477 688 1520 Baiocenfi
695 1502 704 1517 ‚
720 1479 766 1510 vel
781 1480 837 1519 ejus
852 1479 970 1510 Vicariis
991 1479 1019 1508 in
1041 1476 1252 1515 spiritualibus,-

189 1519 250 1557 iplo
263 1519 409 1559 Episcopo
427 1520 457 1549 in
473 1517 608 1549 Remotis
622 1525 729 1557 agente.

36 1253 100 1282 ibid.

36 1301 74 1320 m.
93 1300 138 1327 79.

45 1655 64 1675 θ
81 1650 134 1684 ix.
452 1641 480 1670 ἰ*
505 1647 554 1679 De
571 1641 757 1677 admittendo
779 1642 824 1676 ad
840 1639 1002 1689 Capellam.

49 1704 126 1763 xisti.
143 1721 338 1783 D-REX2
351 1727 457 1773 diiecCio
471 1730 522 1761 fibi
534 1732 563 1774 in
578 1729 711 1768 Christo,
731 1728 842 1759 Abbati
857 1728 890 1772 ale
909 1727 1045 1772 Ffianip,
1064 1726 1108 1758 vel
1126 1728 1182 1765 ejus
1205 1717 1259 1757 Vi-

72 1778 157 1809 1419.
274 1772 353 1797 canis
375 1777 405 1797 in
426 1767 635 1808 spiritualibus,
649 1769 710 1807 ipso
734 1768 847 1798 Abbate
859 1777 888 1796 in
902 1766 1033 1797 Remotis
1045 1770 1161 1806 agente,
1180 1765 1261 1796 Salu'-

48 1813 147 1882 ,3157
196 1811 281 1873 senaa
304 1837 452 1882 Capellam
474 1844 519 1876 seu
544 1843 737 1883 Capellaniam
757 1843 853 1875 Sanffl
874 1842 1003 1881 Sepulcri
1024 1852 1114 1881 prope
1127 1842 1262 1881 Fescamp

52 1890 113 1916 rat.
197 1888 366 1918 vacantem,
383 1883 416 1913 &
429 1881 462 1913 ad
475 1883 598 1914 nostram
617 1883 817 1921 Donationetn
837 1882 1012 1920 speetantem
1028 1890 1060 1917 ut
1079 1881 1200 1919 dicitur,
1220 1881 1263 1911 di-

53 1929 144 1962 ivorm.
160 1932 188 1958 7.
199 1918 306 1950 lectum
319 1921 417 1960 nobis,
435 1921 611 1952 Anthonium
624 1922 657 1952 de
672 1921 785 1961 Insula,
804 1920 976 1960 Magistrum
991 1921 1021 1950 in
1034 1919 1165 1958 Artibus,
1185 1922 1218 1952 &
1234 1921 1264 1951 in

55 1967 190 2000 H.5.p.i›
201 1955 226 1988 L
264 1954 324 1989 ibus
340 1958 550 1998 Licentiatum,
568 1961 650 1991 vobis
667 1960 887 1997 Praesentamus,

57 2010 94 2030 m.
103 2001 149 2028 81.
252 1998 342 2033 ntuitu
358 1999 477 2029 caritatis
490 2007 618 2037 rogantes
631 2000 759 2038 quatinus
772 1998 860 2038 ipsum
879 1996 1055 2027 Anthonium
1068 1997 1101 2033 ad
1118 1991 1266 2035 Capellam

201 2031 247 2066 seu
269 2034 312 2065 Ca
333 2032 462 2067 elianiam
485 2036 648 2075 praedidiam
670 2037 835 2074 admittatis,
853 2037 999 2075 ipsumque
1020 2036 1048 2065 in
1075 2035 1267 2074 Corporaiem

203 2072 290 2105 Posse
324 2085 411 2105 onem
428 2076 550 2113 ejusdem
568 2077 679 2113 ponatis
693 2077 726 2107 &
744 2075 897 2112 inducatis,
915 2075 960 2112 seu
976 2074 1094 2111 poni&
1109 2075 1205 2105 induci
1228 2075 1268 2105 fii-

204 2111 298 2149 cutis,
314 2121 429 2144 necnon
451 2113 618 2152 Fruetibus,
640 2114 891 2152 obventionibus,
907 2113 1063 2151 proficuis,
1089 2114 1121 2144 δε
1145 2113 1269 2144 Emolu-

204 2152 307 2182 mentis
332 2152 576 2191 quibuscumque,
602 2152 637 2184 ad
661 2153 782 2184 eandem
802 2152 1008 2190 speeiantibus,
1033 2153 1126 2184 uti&
1149 2153 1269 2191 gaudere

204 2191 385 2258 permIittatis,
400 2186 529 2262 adigitbitis
545 2191 794 2230 Solempnitatibus
809 2193 838 2222 in
854 2191 952 2222 talibus
963 2191 1025 2221 fieri
1035 2191 1183 2221 consuetis.

296 2238 314 2259 n
331 2239 424 2267 cujus,
474 2241 500 2261 c.

243 2264 333 2336 {teiiiie
350 2263 433 2308 Rege
444 2268 518 2308 apud
531 2268 654 2309 Castrum
675 2271 754 2308 Regis
772 2268 931 2307 Rothomagi·
953 2268 1090 2300 vicesimo
1110 2268 1204 2307 primo
1225 2267 1272 2299 die

869 2386 922 2415 Per
940 2384 1023 2426 ipsum
1038 2387 1141 2423 Regemi

217 2489 220 2493 ,
249 2456 420 2491 consimiles
436 2460 543 2493 Literas
554 2461 640 2494 habet
651 2463 782 2493 Ricardus
796 2461 896 2506 Bostell
912 2461 1078 2500 Capelianus
1105 2461 1139 2491 ad
1159 2455 1274 2492 aiteram

211 2495 382 2566 ἓῖἓῗεηῑὲη
402 2500 433 2530 in
453 2499 578 2532 Ecclesia
603 2502 700 2533 Sancti
725 2502 843 2532 Martini
861 2502 897 2532 de
922 2500 1098 2532 Roussevilla
1119 2500 1276 2540 Bajocensis

465 2664 513 2695 De
528 2666 752 2696 Permutatione
774 2664 1029 2710 Capellaniarum.

163 2739 180 2815 ’.
193 2769 198 2775 .
219 2743 482 2815 Κῖἰιίζῐέῐὲαηίνῠ
499 2748 550 2780 suo
565 2742 601 2779 de
617 2748 770 2788 Caux',ve‘i
785 2749 842 2789 ejus
857 2743 1080 2781 Locumtenenti
1093 2748 1216 2788 ibidem,
1230 2748 1280 2779 Sa-

70 2828 114 2855 An
141 2834 156 2860 7
253 2817 353 2854 Sciatis
364 2823 459 2861 quod,

72 2867 169 2929 {afim
256 2859 336 2892 Cum
352 2863 483 2893 Robertus
505 2863 606 2900 Fabri,
624 2863 790 2902 Capelianus
809 2863 982 2902 Capelianiae
1002 2864 1099 2896 Saneti
1124 2862 1283 2901 Laurentii,

172 2922 180 2930 .
219 2899 250 2930 in
263 2899 379 2938 Capella
394 2898 566 2932 Sanctorum
579 2902 655 2939 Petri
671 2904 704 2933 δε
728 2902 823 2939 Pauli,
842 2904 871 2932 in
895 2903 1018 2934 Ecclesia
1038 2903 1197 2933 Cathedrali
1219 2902 1284 2933 Ro-

219 2937 394 2974 thomaitenfi
410 2940 434 2970 F
436 2940 548 2971 undatae
560 2962 570 2978 ,
588 2941 620 2971 δί
638 2938 691 2970 Ma
714 2941 779 2971 ister
807 2936 973 2971 Guille'elmus
993 2941 1097 2980 Figuli,
1117 2940 1285 2979 Capelianus

221 2974 391 3020 Capelianiae
411 2979 446 3009 ad
470 2976 565 3010 Altare
589 2979 678 3009 beatae
740 2980 805 3010 ariae
823 3002 832 3016 ,
862 2980 890 3008 in
912 2979 1017 3010 Castro
1036 2981 1072 3010 de
1094 2979 1285 3017 Longuevilie

222 3013 368 3059 Quiffardi
382 3013 532 3056 Fundam,
553 3017 717 3056 intendant,
736 3027 766 3049 ut
781 3018 920 3057 asserunt,
939 3016 1113 3056 Capelianias
1135 3018 1193 3049 suas
1213 3024 1286 3056 prae-

224 3052 313 3084 dietas
327 3053 486 3084 adinvicem
502 3057 642 3086 canonice
656 3062 814 3094 permutare
823 3078 832 3094 ,

261 3089 346 3128 NOS)
364 3100 398 3135 ex
419 3093 501 3136 causa
525 3094 684 3132 hujusmodi
707 3095 928 3125 Permutationis
948 3093 1101 3132 faciendae,
1121 3094 1286 3132 praedietam

225 3127 417 3173 Capelianiarn
430 3151 440 3167 ,
468 3139 497 3160 in
521 3131 624 3163 Castro
648 3134 788 3172 praedie'to
819 3133 976 3163 Fundatam
992 3155 1002 3172 ‚
1028 3134 1143 3171 praefato
1171 3132 1289 3163 Roberto

225 3166 411 3197 Conferirnus
423 3169 456 3198 ὃς
475 3168 642 3207 Donamus,

264 3205 356 3236 Vobis
374 3207 539 3237 mandantes
558 3210 685 3245 quatinus
705 3210 855 3247 praefatum
875 3209 1019 3240 Robertum
1040 3210 1068 3239 in
1082 3208 1288 3239 Posseffionem

225 3243 416 3288 Corporalem
438 3245 561 3282 ejusdem
584 3245 772 3284 Capelianiae,
800 3249 828 3277 in
853 3247 957 3279 Castro
978 3247 1115 3285 praedicto
1137 3247 1291 3286 Fundatae,

228 3281 344 3318 Ponatis
365 3284 398 3314 ὃ(
424 3281 581 3320 Indue-atis,
598 3285 643 3315 seu
666 3287 733 3323 poni
749 3287 783 3317 &
799 3287 895 3317 induci
911 3287 1033 3324 faciatis,
1049 3296 1162 3317 necnon
1181 3286 1291 3316 Fruffl-

228 3321 297 3360 bus,
316 3318 503 3359 Redditibus‚
517 3329 550 3352 ac
564 3322 773 3353 Emolumentis
787 3324 936 3360 universis,
954 3325 988 3354 ad
1004 3325 1121 3356 eandem
1145 3325 1290 3363 spectanti-

230 3359 362 3428 lgus,fiuti
384 3360 417 3390 &
455 3360 558 3404 audere
580 3362 757 3400 permittatis,
773 3362 902 3393 adhibitis
922 3362 1172 3401 Solempnitatibus
1186 3364 1216 3393 in
1231 3363 1294 3394 tali-·

254 3407 284 3428 us
320 3406 358 3428 eri
377 3408 433 3429 con
447 3408 525 3429 uetis.

268 3435 549 3514 &efflussegggcspud
565 3473 686 3515 Castrum
694 3474 777 3516 ficum
788 3474 998 3516 Rothomagens?
1017 3477 1072 3507 xxi.
1091 3472 1138 3507 die
1152 3475 1261 3509 Martii.

865 3554 918 3582 Per
932 3551 1016 3592 ipsi'm
1031 3556 1134 3591 Regem.

487 3707 535 3739 De
552 3702 793 3748 Restitutionibns
807 3705 1039 3751 ‘Emporaliumi

89 3799 166 3830 Ann.
176 3798 216 3830 D.
238 3785 352 3856 RE}
367 3787 530 3838 Omnibus,
548 3789 583 3822 ad
601 3798 690 3829 quos,
708 3790 768 3822 &c.
787 3787 922 3820 Salutem.

88 3847 196 3912 ,42‘5'172‘
277 3862 326 3908 De
338 3829 542 3912 &sisiaciiuoffia
557 3867 682 3906 speciali,
700 3869 734 3900 ὃς
748 3876 778 3898 ut
793 3866 939 3910 Divinum
955 3865 1106 3899 Servinum
1120 3876 1154 3912 ac
1167 3866 1300 3912 alia-Pie-

90 3919 118 3942 Η
144 3924 161 3950 5
241 3910 300 3932 tatis
317 3901 414 3940 Opera
429 3904 505 3940 (quae
520 3912 549 3935 in
565 3906 684 3936 Abbatia
698 3907 787 3936 beatae
805 3905 905 3935 Mariae
918 3904 954 3934 de
974 3903 1063 3935 Insula
1089 3905 1147 3936 Dei
1170 3904 1229 3936 fieri
1251 3905 1301 3936 de-

89 3936 154 3980 ibid.
165 3935 172 3942 ”
242 3941 340 3977 beant)
350 3941 416 3984 ¹pius
430 3941 512 3973 solito
527 3945 705 3982 accrescant,
720 3945 754 3976 &
768 3944 875 3974 ibidem
887 3942 1050 3974 laudabilius
1070 3952 1302 3975 manuteneantur

90 4000 128 4018 m·
146 3999 192 4027 7„
243 3980 277 4012 ὃς
292 3978 492 4016 sustineamur,

284 4017 454 4058 Conceffimus
468 4017 577 4050 dilectis
590 4021 673 4052 nobis
686 4022 717 4053 in
730 4019 847 4053 Christo
857 4043 868 4060 ‚
886 4019 998 4052 Abbati
1013 4017 1052 4056 &⁴
1068 4023 1224 4052 conventui
1240 4019 1305 4051 Ab·

1266 113 1748 157 PUBLICA.
2244 128 2318 158 101

1261 201 1342 230 battle
1360 202 1497 239 predicte
1521 203 1617 232 omnia
1640 201 1824 240 Temporaiia
1847 201 1941 232 eidem
1962 202 2108 239 Abbaffle,
2133 202 2202 232 infra
2225 201 2321 233 Duca-
2342 199 2469 230 Anni).

1263 249 1324 308 [ἔξω
1343 239 1471 283 nostrum
1493 239 1703 278 Normanniae,
1729 240 1971 279 qualitercumque
1993 241 2159 278 pertinentia
2183 241 2239 271 sive
2262 241 2321 279 spe·
2339 246 2447 306 “1419-

1294 287 1380 314 antia,
2365 288 2401 305 en.
2419 285 2447 311 5.

1299 316 1436 345 Habenda
1446 338 1455 352 ,
1471 316 1499 345 in
1515 315 1751 347 Sustentationem
1766 316 1866 347 Divini
1882 316 1991 348 Servitii
2014 317 2047 349 δε
2068 316 2191 348 aliorum
2210 315 2323 348 Pietatis

1266 353 1396 390 Operum
1413 354 1632 393 praedieiorum,
1651 354 1687 385 de
1698 355 1791 385 Dono
1806 355 1914 386 nostro.

1303 392 1337 421 in
1351 393 1447 429 cujus,
1465 393 1525 422 δίε.

1303 430 1391 461 Teste
1404 430 1487 468 Rege
1501 430 1573 468 apud
1589 430 1712 469 castrum
1721 430 1803 470 suum
1819 431 1851 461 de
1869 434 1959 462 Rauen
1975 432 2019 461 xxi
2034 431 2079 461 die
2097 431 2205 463 Martii.

1924 510 1976 537 Per
1993 506 2078 547 ipsum
2094 510 2198 546 Regem.

1296 582 1466 614 Consimiles
1481 583 1588 614 Literas
1606 583 1694 620 Regis
1709 582 1745 613 de
1760 581 1954 613 Restitutione
1967 582 2187 622 Temporalium
2202 584 2306 616 habent

1647 621 1806 659 subscripti,
1823 620 1973 659 videlicet,

1310 700 1390 727 Prior
1403 688 1440 731 ό
1455 701 1610 728 Conventus
1630 697 1764 729 Ecclesiae
1780 697 1870 727 beatae
1887 696 1987 727 Mariae
2001 697 2037 728 de
2050 697 2128 728 Bello
2144 698 2237 730 Loco.

1313 737 1331 755 *
1353 735 1479 774 Minister
1494 736 1532 770 ὠ
1548 740 1658 765 Fratres
1678 733 1796 766 Domsis
1812 736 1923 766 Sanetae
1939 735 2082 766 Katerinae
2097 737 2133 766 de
2150 736 2274 768 Petrina.
2352 724 2371 748 ⁴²
2383 728 2437 758 IX·

1312 774 1411 804 Abbas
1425 773 1463 808 ῤ’
1482 778 1637 804 Conventus
1655 774 1824 804 Monasterii
1838 773 1928 804 Beatae
1944 773 2046 804 Mariae
2062 774 2098 804 de
2113 774 2253 812 Bouport.
2351 776 2365 802 7
2375 777 2417 811 {4-

1313 815 1393 842 Prior
1406 811 1444 847 &
1459 816 1614 842 Conventus
1630 812 1721 842 Beatae
1736 812 1836 842 Mariae
1849 813 1885 842 de
1899 813 2006 843 San&o
2022 812 2196 842 Fromondo.
2350 805 2417 833 Ibid.

1315 848 1464 889 Abbatiffiz
1486 849 1524 884 ἔφ’
1549 854 1704 881 Conventus
1727 850 1857 881 Abbatiae
1879 849 1970 880 Beatae
1993 849 2094 881 Mariae
2117 851 2153 881 de
2177 850 2283 881 Tresor
2303 853 2332 882 in
2351 842 2448 888 ⁷⁷³·,81-

1278 888 1350 920 Veul
1373 891 1458 920 uessin
1476 889 1502 919 le
1515 888 1664 920 Normant
1678 889 1704 919 le
1719 888 1895 919 Baudemont
1909 889 2031 919 Situatae.
2356 882 2420 909 [5ῖᾶ-

1315 898 1416 957 Λῗόω·
1440 926 1477 962 &⁶
1494 931 1650 958 conventus
1677 928 1809 958 Abbatiae
1829 927 1944 958 Sanetae
1961 927 2106 958 Trinitatis
2127 925 2163 957 de
2188 927 2213 957 la
2237 926 2339 958 Luser-
2359 919 2457 984 32]ss-

1280 976 1325 997 ne.
2419 978 2423 982 ·

1318 1006 1398 1034 Prior
1412 1002 1450 1039 ὠ·
1470 1006 1627 1035 Conventus
1642 1004 1734 1036 Beatae
1749 1004 1851 1035 Mariae
1865 1004 1902 1035 de
1915 1003 2057 1035 Sancouse
2068 1005 2147 1042 juitta
2162 1002 2289 1034 vernon.
2356 995 2421 1067 {gd-
2435 1005 2473 1023 η’»

2358 1071 2425 1100 ibid.

1616 1135 1665 1166 De
1682 1133 1819 1165 Licentia
1837 1130 1988 1178 Eligendi.

1289 1209 1405 1271 REX
1418 1239 1427 1254 ,
1444 1215 1554 1260 diieCizis
1576 1210 1626 1246 fibi
1652 1217 1680 1246 in
1694 1216 1845 1261 ⁸Christo,
1863 1219 1952 1247 Priori
1976 1214 2014 1252 ῤ’
2037 1219 2191 1246 Conventus*
2209 1215 2343 1247 Ecclesiae
2366 1220 2440 1252 Αῃῃ,
2454 1219 2497 1251 D,

1367 1254 1540 1284 Cathedralis
1556 1253 1617 1294 Wy
1637 1264 1743 1292 ormae,
1760 1256 1893 1286 Salutem.
2383 1269 2471 1298 1419.

1322 1289 1367 1322 Ex
1386 1302 1464 1333 parte
1475 1292 1568 1323 vestra
1581 1302 1621 1323 no
1644 1294 1664 1322 is
1679 1292 1721 1323 est
1734 1294 1876 1324 humiliter
1892 1293 2074 1330 supplicatum
2091 1301 2140 1331 ut,
2367 1303 2409 1327 An
2438 1309 2466 1335 7.

1325 1329 1402 1361 Cum
1418 1331 1542 1362 Ecclesia
1556 1331 1646 1362 vestra
1662 1332 1814 1370 praedieta,
1832 1342 1882 1370 per
1908 1331 2056 1369 Mortem,
2074 1332 2161 1361 bonae
2181 1333 2347 1371 memoriae,
2369 1341 2402 1365 H.
2424 1346 2452 1372 ς,

1286 1367 1411 1408 Thomae,
1430 1371 1523 1401 ultimi
1544 1369 1678 1408 Episcopi
1697 1368 1833 1401 Ecclesiae
1854 1370 1942 1409 iliius,
1963 1369 2081 1400 Pastoris
2103 1370 2134 1400 sit
2147 1370 2244 1401 solatio
2264 1371 2348 1402 desti·
2370 1376 2474 1404 ibidem.

1288 1415 1423 1477 tursilium
1438 1446 1520 1476 vobis
1533 1439 1666 1484 Eligendi
1679 1447 1707 1477 in
1718 1446 1896 1485 Episcopum
1908 1445 1942 1476 δε
1956 1445 2101 1477 Pastorem
2115 1447 2235 1485 ejusdem
2249 1447 2353 1480 Eccle-
2368 1424 2405 1444 m·
2419 1423 2466 1451 μ’

1290 1483 1336 1515 siae
1356 1485 1513 1515 Licentiam
1529 1485 1687 1517 concedere
1701 1485 1728 1516 di
1750 1495 1898 1523 naremur,

1330 1523 1396 1557 Nos
1414 1522 1561 1561 (Precibus
1575 1523 1672 1554 vestris
1687 1525 1716 1554 in
1753 1534 1786 1555 ac
1801 1532 1877 1562 parte
1890 1523 2078 1554 favorabiliter
2092 1523 2230 1562 inclinati)
2254 1524 2358 1556 Licen-

1292 1561 1359 1592 tiam
1375 1561 1451 1592 iiiam
1466 1561 1568 1600 vobis,
1585 1562 1706 1593 Tenore
1720 1562 1923 1600 Praesentium,
1942 1561 2072 1592 duximus
2088 1562 2301 1593 concedendam
2311 1587 2321 1601 ,

1331 1600 1499 1631 Mandantes
1512 1600 1590 1638 quod
1605 1601 1689 1631 talem
1704 1601 1785 1632 vobis
1802 1601 1907 1640 eligatis
1921 1602 1950 1630 in
1966 1597 2139 1638 Episcopum
2155 1602 2188 1632 &
2204 1599 2360 1641 Pastorem,

1295 1640 1344 1675 qui
1359 1638 1427 1670 Deo
1440 1639 1559 1670 devotus
1570 1662 1579 1678 ,
1598 1638 1732 1671 Ecclefiae
1746 1640 1847 1671 vestrae
1863 1639 2008 1677 praedhstae
2023 1639 2208 1677 necessarius,
2225 1641 2361 1679 nobisque

1295 1675 1328 1709 δί
1346 1676 1452 1717 Regno
1466 1678 1567 1708 nostro
1583 1679 1653 1709 utilis
1667 1680 1701 1711 δὲ
1713 1678 1801 1709 fidelis
1816 1677 1921 1708 existat.

1372 1715 1405 1746 In
1422 1717 1516 1755 cujus,
1535 1717 1596 1747 &c.

1298 1751 1426 1823 d‘Tffe
1442 1755 1534 1800 „Rege
1555 1754 1628 1793 apud
1649 1756 1801 1786 Civitatem
1814 1754 1896 1795 fiam
1913 1750 2099 1793 Ebroicenfem
2113 1753 2251 1785 vicesimo
2264 1755 2364 1793 quinto

1319 1803 1344 1824 ie
1398 1801 1468 1824 artu.

1983 1872 2037 1900 Per
2054 1868 2136 1909 ipficm
2150 1872 2254 1907 Regem.

1630 2002 1682 2038 De
1700 1999 1933 2035 Hereditatibus
1948 2001 2039 2036 datis.

1308 2086 1425 2143 REX
1441 2087 1603 2128 Omnibus,
1620 2087 1655 2119 ad
1669 2098 1756 2127 quos,
1773 2085 1834 2120 &a
1853 2085 1988 2119 Salutem.
2386 2086 2463 2120 Ann.
2479 2089 2521 2122 D.

1319 2164 1324 2169 ¹
1405 2127 1505 2158 Sciatis
1529 2126 1629 2166 quod,
1657 2127 1834 2158 Auctoritate
1857 2126 1954 2157 nostra
1977 2125 2085 2166 Regia,
2109 2127 2143 2159 ὃ(
2165 2124 2199 2157 ad
2220 2122 2368 2167 Supplica·
2417 2138 2502 2168 14¹9·

1305 2171 1416 2196 tionem
1435 2165 1559 2206 Gaffridi
1585 2165 1610 2196 le
1630 2165 1719 2204 Gous,
1738 2164 1777 2201 &
1798 2168 1892 2195 Girote
1918 2164 2028 2196 Uxoris
2047 2167 2119 2205 ejuS,
2132 2164 2297 2203 juratorum
2312 2166 2371 2203 ‚Li-
2390 2167 2442 2195 An.
2457 2175 2484 2204 7.

1307 2210 1429 2240 georum
1454 2204 1637 2243 nostrorum,
1660 2204 1696 2235 de
1715 2202 1816 2234 Gratia
1833 2202 1926 2234 nostra
1948 2203 2075 2241 speciali,
2097 2204 2227 2234 Dedimus
2250 2207 2283 2237 &
2301 2208 2371 2236 Con-
2389 2211 2424 2235 H.
2444 2214 2472 2242 5.

1306 2241 1419 2282 teffimus
1444 2245 1482 2273 eis
1503 2243 1704 2281 Haereditates,
1723 2241 1881 2280 Redditus,
1901 2243 1934 2273 &
1952 2240 2139 2273 Poffeffiones
2159 2244 2374 2284 quoscumque,
2390 2246 2453 2273 ibid.

1308 2288 1381 2319 quos
1394 2281 1461 2319 ipsi,
1475 2286 1540 2312 ante
1556 2283 1682 2320 primum
1694 2280 1772 2312 diem
1789 2279 1929 2319 Augusti,
1947 2276 2035 2312 Anno
2051 2277 2146 2320 Regni
2165 2280 2251 2312 nostri
2277 2283 2375 2322 Qin-
2390 2286 2428 2313 m.
2447 2293 2493 2319 72.
2515 2315 2518 2318 ,

1308 2329 1341 2390 ις)
1356 2342 1366 2359 ,
1394 2320 1466 2351 infra
1488 2319 1635 2352 Ducatum
1656 2319 1787 2351 nostrum
1810 2319 2005 2351 Normanniae
2028 2329 2177 2351 tenuerunt
2198 2320 2232 2351 &
2252 2322 2377 2359 postidea

1323 2364 1379 2390 ‘ant
2367 2378 2369 2382 .

1345 2382 1493 2428 Ha’bendos
1515 2398 1549 2430 δε
1569 2394 1705 2428 Tenendos
1729 2391 1933 2434 Haereditates,
1954 2391 2092 2428 Redditus
2106 2420 2116 2434 ,
2133 2397 2168 2429 &
2189 2395 2380 2430 Posreffioi-ies

1310 2436 1464 2475 praedietos
1487 2436 1622 2474 praefatis,
1639 2434 1769 2475 Gaffrido
1791 2437 1824 2468 8(-
1844 2438 1954 2474 Girote,
1972 2435 2076 2466 eisdem
2100 2435 2191 2466 modo
2213 2437 2246 2467 &
2268 2437 2381 2477 forma,

1312 2476 1415 2513 quibus
1429 2474 1516 2505 iidem
1534 2473 1677 2514 Galfridus
1695 2476 1728 2506 &
1745 2476 1845 2504 Girota
1861 2484 1910 2504 eos
1926 2483 1990 2505 ante
2003 2475 2080 2504 diem
2099 2474 2265 2512 praedietam
2283 2485 2382 2507 tenue-

1313 2515 1423 2545 runt&
1437 2513 1633 2552 possidebant,
1652 2523 1702 2552 per
1717 2512 1914 2550 Homauium,
1935 2513 1984 2543 ubi
2006 2513 2140 2551 debetur,
2158 2513 2320 2546 faciendum
2343 2515 2383 2550 se-

1316 2551 1443 2592 cundum
1458 2549 1702 2583 Consuetudinem
1720 2547 1853 2583 Ducatus
1869 2550 1962 2593 nostri
1978 2552 2122 2590 praedicti,
2139 2561 2172 2583 ac
2187 2552 2318 2585 faciendo
2333 2554 2384 2586 alia

1311 2591 1409 2627 Onera
1421 2590 1454 2623 ὃς
1464 2590 1581 2621 Servitia
1595 2591 1660 2621 inde
1674 2590 1766 2621 debita
1781 2591 1814 2622 ὃς
1832 2594 1965 2621 conlueta
1978 2614 1987 2628 ,

1354 2628 1512 2660 Reservatis
1528 2630 1636 2668 semper
1652 2629 1752 2659 Nobis
1764 2624 1935 2659 Haeredibus
1948 2626 2050 2659 nostris
2066 2629 2119 2659 alta
2134 2632 2168 2662 &
2185 2629 2311 2668 suprema
2331 2631 2384 2670 Ju-

1317 2667 1416 2706 sticia,
1433 2678 1467 2699 ac
1479 2669 1561 2698 omni
1578 2669 1632 2698 alio
1644 2667 1714 2706 Jure
1728 2668 1806 2705 quod
1819 2668 1853 2698 ad
1869 2677 1922 2698 nos
1938 2668 2044 2706 poterit
2060 2669 2217 2706 pertinere;

1353 2705 1474 2737 Proviso
1499 2706 1556 2737 sem
1579 2716 1608 2737 er
1631 2705 1710 2745 quod
1734 2705 1940 2744 Haereditates,
1962 2704 2121 2744 Redditus,
2138 2708 2170 2738 &
2193 2707 2384 2740 Poffeffiones

1317 2745 1463 2784 praedi-sti,
1479 2745 1524 2775 seu
1543 2746 1633 2783 aiqua
1657 2744 1780 2776 Parcella
1804 2744 1989 2782 eorumdem,
2008 2743 2043 2774 de
2068 2744 2230 2777 Dominico
2254 2745 2385 2778 Ducatcts

1318 2783 1409 2815 nostri
1423 2783 1550 2823 praediffl
1560 2805 1571 2822 ,
1589 2792 1636 2814 aut
1647 2783 1729 2814 alicui
1746 2783 1791 2814 aiii
1806 2782 1938 2814 Personae
1954 2792 2003 2822 per
2024 2792 2076 2813 nos
2090 2793 2154 2814 ante
2175 2785 2239 2815 haec
2255 2794 2386 2823 tempora

1319 2823 1374 2853 dati
1388 2824 1422 2854 &
1434 2821 1579 2860 conceffi,
1597 2822 1644 2853 seu
1656 2822 1741 2861 aliqui
1758 2821 1794 2852 de
1807 2822 1907 2853 Terris
1919 2822 1952 2853 &
1969 2820 2213 2862 Poffeffionibus,
2252 2834 2297 2853 uas
2322 2825 2386 2854 sub-

1320 2868 1363 2893 tus
1379 2860 1484 2892 Villam
1498 2860 1624 2891 nostram
1641 2860 1768 2898 Falesiae,
1787 2870 1820 2890 ac
1835 2861 1906 2891 infra
1920 2858 2026 2890 Villam
2042 2861 2169 2891 nostram
2183 2861 2219 2892 de
2264 2862 2387 2901 domo,

1320 2909 1367 2931 aut
1389 2899 1425 2930 de
1447 2898 1613 2937 Lapidicina
1632 2899 1679 2929 seu
1700 2899 1848 2937 Qiarreris
1869 2907 1958 2936 prope
1982 2899 2102 2929 eandem
2119 2898 2244 2938 Villam,
2263 2900 2296 2931 ad
2314 2911 2387 2938 opus

1322 2938 1455 2969 nostrum
1469 2937 1620 2975 specialiter
1636 2937 1872 2973 ReservavimuS,
1890 2945 1936 2967 aut
1951 2935 1987 2966 de
2002 2936 2087 2968 Loco
2101 2937 2147 2968 seu
2162 2938 2262 2977 Spano
2276 2938 2388 2978 Terrae,

1325 2987 1378 3015 pro
1392 2975 1578 3006 AEdificando
1596 2975 1679 3006 nobis
1700 2974 1823 3014 Palatio,
1842 2974 1912 3004 infra
1936 2972 2091 3006 Civitatem
2109 2975 2234 3008 nostram
2250 2977 2287 3007 de
2305 2977 2387 3008 Rou-

1322 3024 1381 3054 en,
1398 3016 1443 3045 seu
1463 3023 1539 3051 extra
1554 3034 1564 3052 ,
1589 3020 1679 3052 prope
1702 3011 1806 3044 Muros
1827 3012 1949 3052 ejusdem
1962 3035 1972 3052 ,
1991 3014 2070 3052 juxta
2088 3014 2339 3054 Compositionem
2361 3017 2390 3047 in

1323 3056 1375 3086 hac
1394 3061 1471 3091 parte
1486 3052 1606 3091 faeiarn,
1624 3062 1684 3082 non
1699 3051 1827 3082 existant.

1360 3089 1640 3167 Tesikgtfigggecsspud
1655 3131 1807 3159 civitatem
1824 3127 1970 3158 d’Eureux
1987 3129 2081 3159 xxviii.
2100 3127 2146 3159 die
2164 3128 2270 3160 Martfi.

1958 3207 2014 3235 Per
2032 3204 2116 3245 ipsunt
2131 3207 2234 3243 Regem.

1328 3290 1500 3328 Consimiles
1512 3295 1619 3327 Literas
1632 3294 1722 3331 Regis
1737 3292 1867 3324 Parentes
1879 3294 1983 3324 habent
1998 3292 2159 3332 subscripti,
2177 3293 2214 3326 de
2233 3294 2391 3327 Haeredita‘

1666 3332 1740 3363 tibus
1754 3333 1793 3363 eis
1807 3332 1966 3370 conceffis3
1984 3332 2042 3363 viz.

1364 3409 1532 3441 Guillielmur
1550 3409 1581 3440 de
1597 3407 1723 3439 Tabletre
1737 3407 1875 3448 Magister
1893 3409 1923 3438 in
1938 3407 2054 3439 Artibus
2068 3406 2248 3446 Capelianus.

1365 3448 1531 3479 Guillielmus
1550 3449 1581 3478 de
1594 3451 1687 3487 Botey.

1330 3526 1349 3558 d
1367 3487 1504 3556 F‘J‘ohgnna
1522 3486 1555 3516 de
1575 3489 1664 3527 Gonys
1686 3494 1752 3523 quae
1772 3484 1826 3516 fuit
1847 3483 1934 3515 Uxor
1950 3483 2093 3523 Johannis
2106 3482 2132 3515 Ie
2147 3488 2231 3515 Feare
2246 3479 2390 3524 Armiger}

1351 3537 1366 3556 C
1379 3536 1416 3556 un
1448 3535 1467 3554 1.

1332 3602 1351 3634 d
1369 3563 1507 3632 *fJohgnna
1524 3562 1557 3591 de
1574 3560 1693 3592 Creullet
1705 3570 1770 3600 quae
1785 3561 1840 3592 fuit
1851 3559 1939 3592 Uxor
1950 3560 2092 3600 Johannis
2108 3562 2140 3592 de
2159 3560 2236 3601 Vaffy
2258 3558 2394 3593 Chivaler

1353 3613 1368 3633 e
1381 3612 1418 3632 un
1453 3611 1468 3630 1.

1370 3637 1527 3670 Guillielma
1545 3638 1576 3667 de
1594 3637 1748 3667 Beauchnm
1761 3633 1864 3668 Vidua.

1371 3680 1469 3708 Petrus
1488 3679 1608 3715 Raignou
1622 3677 1657 3707 de
1670 3677 1782 3707 Baieux.

1372 3719 1485 3754 Reginer
1498 3713 1523 3745 Ie
1544 3718 1617 3745 Caen
1633 3715 1669 3745 de
1684 3714 1788 3745 Baieux
1799 3715 1833 3745 &
1846 3706 1984 3754 Johanna
1998 3715 2075 3743 Uxor
2091 3713 2156 3756 ejus.

1373 3757 1471 3785 Petrus
1487 3752 1613 3792 Lenglois
1630 3753 1666 3783 de
1690 3752 1793 3784 Baieux
1807 3753 1840 3784 &
1854 3752 1990 3791 Johanna
2008 3754 2083 3781 Uxor
2098 3761 2162 3790 ejus.

1371 3789 1540 3824 Guillielmus
1557 3792 1588 3822 de
1603 3793 1690 3821 Bures
1705 3790 1848 3825 Cbivaler.

1371 3832 1390 3850 *¹
1407 3828 1544 3870 Johanna
1559 3830 1592 3860 de
1607 3827 1808 3861 Galleonuvt'lle
1822 3838 1886 3867 quae
1899 3827 1953 3858 fuit
1967 3826 2056 3859 Uxor
2079 3828 2158 3858 Petri·
2175 3825 2208 3858 de
2232 3822 2396 3861 Hellenuille
2409 3840 2423 3857 oi
2439 3839 2492 3868 lx·

1336 3869 1473 3900 Chivaler
1487 3868 1623 3900 defund‘ti.
2411 3884 2425 3915 7
2433 3886 2476 3914 ¹5,

1375 3907 1522 3947 Johannes
1534 3906 1559 3937 le
1572 3907 1642 3949 Wfie
1656 3907 1689 3938 &
1708 3903 1848 3948 Thomafia
1863 3905 1939 3934 Uxor
1952 3913 2018 3942 ejus.

1375 3944 1544 3977 Guillielmus
1558 3945 1591 3975 de
1608 3941 1730 3974 Bailleul
1741 3944 1882 3981 Armiger.

1378 3987 1477 4014 Petrus
1490 3983 1607 4014 Liebart
1628 3984 1771 4019 Armiger.

1376 4021 1524 4063 Johannes
1539 4024 1623 4061 Capu
1636 4019 1814 4059 Capelianus.
1833 4053 1870 4086 N
1889 4063 1905 4093 3
2347 4056 2414 4099 Mi-
