2562 4274
203 106 288 147 '186

55 189 135 223 Ann.
153 188 192 219 D.
205 192 261 222 lam
282 190 572 222 Confoederationem
592 196 639 219 aut
665 188 845 228 Alligantiam
869 198 938 219 cum
953 186 1077 225 Karolo,
1094 186 1143 225 qui
1158 186 1184 216 se
1200 184 1271 216 dicit

85 237 172 268 1420·
205 229 369 268 Delphinum
390 227 566 267 Viennensem
580 249 589 264 ,
614 237 706 265 neque
730 237 798 258 curn
821 227 876 257 alio
896 235 1072 266 quocunque
1085 248 1094 264 ,
1121 234 1175 254 nec
1192 223 1267 254 aliud

57 272 122 299 Heu.
136 277 166 305 5-
205 270 359 308 quicquam
375 278 424 306 per
437 267 481 304 se,
499 276 591 304 neque
607 276 655 303 per
667 265 772 303 aliurn,
789 266 834 296 vel
851 265 919 296 alios
931 266 1034 303 faciet,
1048 264 1094 295 seu
1121 262 1181 294 fieri
1199 272 1267 302 pro-

54 1435 130 1464 *X.

204 308 334 345 curabit,
358 315 404 336 aut
424 304 593 341 consentiet,
618 314 731 342 neque,
755 314 808 342 pro
832 304 941 341 Posse,
968 301 1187 341 quomodolibet
1208 300 1268 332 fieri

204 347 351 385 permittet
365 352 465 375 contra
478 342 589 373 dietum
607 342 773 372 Dominum
788 346 884 380 Regem
900 342 1030 380 Angliae,
1047 350 1095 371 aut
1114 340 1176 370 suos
1194 339 1267 370 Hae-

204 385 301 420 redes,
320 393 412 420 neque
434 390 532 412 contra
553 380 724 411 carissimum
743 380 867 411 Fratrem
889 381 969 411 suurn
991 379 1142 418 Philippum
1165 382 1268 409 Ducem

205 421 370 459 Burgundiae
384 443 394 458 ,
427 429 518 459 neque
543 420 611 450 alios
639 419 832 458 quoscumque
850 420 1012 450 obedientes
1033 418 1106 449 Patri
1128 417 1179 448 suo
1205 420 1270 455 Regi

205 464 346 498 Frmciae,
363 460 396 490 &
415 459 508 489 eidem
522 457 658 488 Domino
672 461 738 496 Regi
759 458 888 497 Angliae,
906 466 1050 496 tamquam
1073 456 1155 492 ipsius
1175 455 1270 494 Regni

206 499 335 530 Franciae
348 497 465 528 Haeredi
480 497 513 528 δε
529 496 671 536 Regenti3
687 507 740 527 nec
758 497 787 526 in
811 497 982 534 Dampnum
1005 495 1051 527 vel
1071 494 1272 533 Praejudicium

204 537 288 575 ipsius
303 539 415 567 Domini
428 539 522 573 Regis,
538 545 583 566 aut
597 536 800 573 Subjedtorum
819 536 951 572 suorum,
966 543 1013 564 aut
1035 533 1191 564 Patriarum
1213 534 1272 565 sua-

206 585 272 606 rum
297 584 561 614 quarumcumque,
578 575 610 605 ὃ(
635 574 786 612 praesci'tim
807 573 887 612 quod
908 582 1001 610 neque
1022 582 1071 610 per
1091 571 1135 609 se,
1152 571 1199 601 vel
1221 581 1272 610 per

205 615 309 652 alium,
325 614 371 645 vel
394 613 478 651 alios,
496 614 648 651 quicquam
671 613 869 650 attemptabit,
885 619 932 643 aut
955 611 1057 648 faciet,
1079 609 1124 640 seu
1147 609 1205 640 fieri
1226 610 1272 641 vel

205 653 365 692 attemptari
385 652 548 690 procurabit
568 660 616 682 aut
633 652 807 688 consentiet,
823 651 869 681 seu
891 660 945 687 pro
961 649 1045 680 Posse
1059 650 1223 687 permittet,
1242 649 1272 678 in

206 699 272 723 toto
289 693 333 722 seu
350 691 380 721 in
393 699 487 730 parte,
505 698 605 721 contra
622 689 739 720 Paci-:M
752 700 842 726 nuper
855 688 958 720 factam
973 690 1044 718 inter
1059 688 1160 718 dietum
1175 691 1272 717 Domi-

203 741 270 761 num
285 733 398 768 Regem,
415 731 448 761 δε
468 728 705 759 Praecariffimum
722 727 834 759 Patrem
850 728 931 759 suum
947 730 1045 766 Regem
1069 730 1206 764 Franciae,
1222 736 1272 757 ne-

203 779 264 809 que
277 770 307 800 in
324 767 527 808 Praejudicium
542 767 622 806 ipsius
641 766 740 798 Paci
751 776 773 798 s.

245 844 355 884 ITEM,
374 844 647 876 CoNcoRDATUM
660 843 702 874 est
724 842 824 882 quod,
841 843 923 874 finito
948 851 1080 881 ternpore
1094 842 1273 881 Elargitionis

206 884 391 924 supradiCiae,
409 886 442 915 &
468 883 619 914 Praemiffis
637 883 788 920 omnibus,
812 893 861 920 per
882 883 975 912 dictos
999 885 1146 912 Dominum
1169 883 1273 910 Ducem

206 923 242 954 δὲ
265 922 424 953 Arthurum
443 932 475 952 ac
500 922 760 952 Locumtenentem
787 921 820 952 &
844 920 966 951 Baiones
986 920 1040 957 sic,
1060 929 1090 950 ut
1107 919 1272 957 praefertur,

206 961 374 1000 observatu,
390 961 423 992 ὃ(
437 971 496 991 non
511 961 593 998 alias,
608 959 698 990 dictus
717 963 848 989 Dominus
869 963 929 988 Rex
954 958 1038 997 plene
1061 957 1204 989 Restituet
1229 959 1269 988 di-

206 1000 289 1031 &um
311 1000 491 1032 Comitatum
512 998 707 1029 Montisfortis
728 998 847 1035 praefato
872 997 960 1028 Fratri
984 997 1034 1027 suo
1060 1000 1132 1027 Duci
1153 1000 1272 1027 Britan-

205 1050 269 1069 nne.

242 1077 351 1114 ITEM,
371 1076 451 1114 quod
467 1075 537 1106 diffl
552 1075 766 1106 Locumtenens
781 1075 814 1105 δε
830 1074 950 1104 Barones
964 1073 1155 1111 providebunt
1169 1074 1202 1105 &
1229 1073 1270 1104 fa-

203 1117 280 1146 cient
298 1115 378 1154 quod
392 1114 484 1145 dietus
498 1117 567 1144 Dux
583 1117 739 1143 Britanmae
755 1112 954 1143 Traditionem
970 1112 1135 1143 Comitati‘is
1149 1112 1272 1150 supradi-

206 1155 265 1191 cti,
281 1154 371 1184 mocio
388 1163 446 1191 quo
465 1153 629 1191 praefertur,
647 1162 678 1182 ac
692 1153 790 1182 omnia
808 1153 859 1182 alia
874 1153 906 1183 ὃ(
923 1151 1028 1189 singula
1041 1151 1195 1189 supradicta
1212 1151 1270 1183 Ra-

205 1201 233 1224 ta
248 1193 407 1223 habebit&
421 1191 528 1229 Grata,
546 1201 578 1221 ac
595 1190 675 1229 quod
691 1190 770 1229 super
788 1191 892 1222 eisdem
906 1190 983 1221 dabit
1006 1190 1063 1221 suas
1086 1191 1192 1221 Literas
1212 1189 1268 1222 Pa-

205 1239 311 1270 tentes,
331 1230 381 1262 suo
396 1229 509 1270 Magno
523 1229 621 1269 Sigillo
639 1228 771 1269 sigillatas.

240 1307 386 1339 Praemissa
398 1308 469 1338 veri)
483 1307 582 1337 omnia
599 1307 633 1339 &
650 1305 753 1343 singula
770 1304 948 1341 (dummodo
969 1305 1054 1336 dic't‘us
1070 1304 1216 1335 Arthurus
1234 1316 1267 1338 ea

204 1345 278 1379 Rata
293 1347 420 1378 habuerit
435 1347 468 1377 δε
484 1345 589 1384 Grata,
605 1346 639 1376 &
653 1354 714 1374 non
727 1343 815 1381 aliter)
833 1343 900 1374 Nos
911 1367 920 1382 ,

238 1425 258 1444 *θ
278 1423 424 1463 Johannes
437 1422 576 1462 Epifiopus
591 1421 791 1460 Nannetenfis,
806 1419 973 1450 Guillielmus
986 1423 1119 1451 Dominus
1137 1421 1168 1452 de
1182 1425 1267 1452 Mon-

203 1463 307 1494 tauban
323 1466 356 1495 &
373 1462 506 1500 handau,
523 1472 556 1492 ac
578 1460 734 1498 Radulphus
754 1459 777 1489 le
799 1462 884 1498 Sage,
903 1459 1138 1499 Ambaffiatores,
1156 1460 1269 1492 Procu-

203 1512 323 1540 ratores,
341 1503 374 1534 &
391 1500 503 1531 Nuncii
519 1499 682 1536 supradicti,

244 1540 365 1577 Dictos,
383 1543 527 1570 Dominum
542 1542 644 1568 Ducem
660 1540 796 1566 Britaniae
807 1560 816 1575 ,
835 1536 869 1567 ὅ(
883 1535 1061 1575 Arthurum,
1080 1536 1113 1568 &
1127 1540 1270 1568 Locumte-

205 1586 328 1619 nentem,
346 1588 429 1616 atque
441 1581 578 1614 Barones,
595 1577 627 1607 &
644 1586 743 1606 eorum
764 1573 936 1614 quemlibet,
955 1576 982 1605 in
1006 1577 1139 1606 omntbus
1161 1577 1195 1607 &
1219 1587 1268 1615 per

204 1619 303 1649 omnia
315 1618 395 1655 plene
409 1617 441 1647 &
459 1616 574 1646 fideliter
595 1615 733 1652 fauuros,
748 1615 958 1655 observaturos,
978 1614 1011 1644 &
1032 1615 1215 1653 impleturos,
1234 1626 1267 1646 ac

205 1657 264 1724 fier}
276 1658 310 1689 &
324 1656 463 1686 observari
479 1655 618 1692 fadtui‘os,
637 1652 712 1684 bona
729 1652 801 1690 fide,
817 1653 850 1683 &
863 1653 967 1691 abique
990 1652 1104 1692 fraude,
1119 1653 1206 1692 dolo,
1223 1654 1269 1685 seu

207 1704 589 1771 miazuqiggiiffoccasione
610 1730 655 1761 seu
676 1738 810 1768 praetextu
833 1729 1026 1772 alicujusrei,
1051 1739 1100 1768 per
1118 1729 1268 1768 praefatum

205 1771 372 1803 Dominum
394 1774 489 1808 Regem
513 1769 643 1808 Angliae,
658 1778 704 1799 aut
725 1769 847 1807 aliquem
871 1767 1058 1798 Subditorum
1079 1769 1213 1807 suorum,
1240 1771 1268 1800 in

204 1810 315 1848 Regno
332 1810 441 1848 Angliae
456 1809 742 1848 quomodocunque,
759 1815 805 1838 aut
817 1807 898 1845 alibi,
914 1808 999 1837 etiam
1022 1807 1147 1837 adversus
1168 1817 1269 1846 quam-

205 1859 330 1888 cumque
347 1848 499 1879 Personam
523 1847 737 1886 (cujuscumque
759 1844 852 1876 Status
875 1854 922 1876 aut
938 1844 1120 1876 Conditionis
1135 1847 1266 1885 eittiterit)

203 1887 308 1929 gestae,
324 1887 368 1918 seu
382 1886 479 1923 mistae,
495 1886 559 1921 seu,
578 1895 642 1924 quae
660 1885 796 1928 praetendi
813 1885 932 1922 poterit,
949 1893 1129 1922 perpetratae,
1145 1894 1206 1916 non
1220 1895 1270 1916 ve-

204 1928 283 1958 nient
297 1929 326 1957 in
341 1927 516 1956 contrarium
535 1923 768 1961 Praemissorum,
784 1931 830 1953 aut
848 1922 962 1960 alicujus
985 1923 1172 1960 eorumdem,
1187 1923 1271 1962 Jura-

203 1967 297 1998 vimus
318 1965 498 1995 Nominibus
517 1962 661 1993 dietorum
680 1964 898 1992 Locumtenentis
917 1962 951 1992 &
974 1964 1129 1999 Baronum,
1147 1963 1181 1994 &
1197 1961 1271 1993 Pro-

203 2004 328 2036 misimus
341 2004 423 2035 etiam
437 2002 487 2033 sub
509 2001 664 2039 Ypothecc'i
681 2002 713 2032 &
733 1999 920 2037 obligatione
937 2002 1069 2031 omniurn
1092 2001 1125 2031 δι
1147 2000 1271 2040 singulo-

202 2053 268 2074 rum
282 2042 430 2073 Bonorum
444 2040 597 2073 mobilium
613 2041 646 2071 &
660 2039 854 2070 immobilium
870 2038 1039 2070 eorumdem
1054 2041 1272 2070 Locumtenentis

300 2092 313 2110 Υ
349 2092 392 2110 um

204 2083 376 2158 &gaqossd
389 2103 467 2157 super
485 2118 621 2148 omnibus
639 2118 672 2148 ἃ
690 2115 800 2155 singulis
814 2116 841 2147 su
863 2115 975 2147 radiffls
992 2115 1062 2147 dicii
1078 2118 1273 2148 Locumtenens

204 2160 376 2229 ἓοΒέτσνιες
389 2158 513 2202 dabunt,
532 2158 565 2188 ὃῑ
585 2156 703 2195 quilibet
716 2165 818 2186 eorum
851 2156 926 2194 abit,
947 2155 1005 2186 suas
1019 2154 1126 2186 Literas
1143 2155 1271 2188 Patentes

261 2208 277 2227 ri
299 2206 442 2228 rmatorias

243 2235 281 2267 Et
307 2236 415 2273 insuper
437 2219 535 2273 q’u'od,
553 2233 704 2273 postquam
725 2233 810 2263 didius
835 2231 979 2262 Arthurus
993 2232 1075 2264 suum
1091 2231 1271 2265 Consensum

203 2275 345 2313 praedistis
360 2274 642 2309 accommodaverit,
658 2282 705 2310 per
718 2272 775 2302 suas
792 2281 871 2309 puras
886 2273 918 2302 ὃ(
936 2272 1072 2310 simplices
1091 2271 1271 2311 Literas,suo

205 2313 306 2353 Sigillo
321 2313 462 2352 sigillatas,
479 2313 576 2342 omnia
589 2313 621 2344 ὅ(
638 2311 740 2349 singula
762 2309 884 2346 superius
908 2310 1004 2341 inserta
1024 2310 1109 2349 Nos,
1127 2310 1273 2349 Johannes

206 2354 234 2382 Ε
251 2351 346 2392 istc-pus
372 2349 555 2391 Nannetenfis
571 2374 581 2389 ,
611 2350 644 2381 &
668 2348 836 2379 Guillielmus
860 2351 994 2379 Dominus
1015 2350 1048 2379 de
1072 2351 1248 2380 Alontauban
1261 2374 1270 2389 ‚

207 2401 276 2459 1125?
283 2391 491 2460 affimlnffiu?
506 2387 1138 2458 ’ἒὲῖὲἶιῗοξωὲἔίἰῗῶῐῗὲιῖῗοὲᾛἧξίξηρῗὲὲ
1153 2390 1187 2421 ⁸⁶
1201 2388 1270 2434 ‘³⁰³²‘

205 2439 504 2511 contrat-itigaeffrinii
527 2476 573 2510 aut
596 2450 710 2509 alic⁷ujus
729 2436 913 2509 eorhmdem}
939 2436 1273 2504 Ρτοωίίὶῐηυεηέιετῗυτιὲι-

207 2515 300 2537 Virrius
321 2506 355 2536 ad
378 2505 480 2536 Sancta
505 2504 562 2535 Dei
583 2504 755 2542 huvangelia
770 2526 780 2540 ,
804 2513 853 2540 per
875 2503 943 2533 Nos
964 2504 1148 2541 corporaliter
1170 2505 1243 2536 tatsta
1262 2529 1272 2545 ,

208 2553 242 2573 ac
257 2543 449 2574 Promittimus
465 2544 497 2574 &
508 2542 638 2581 Juramus
653 2542 702 2572 sub
721 2541 876 2580 Ypotheca
890 2542 923 2571 &
939 2540 1124 2581 Obligatione
1138 2546 1271 2574 omnium

208 2580 358 2612 Bonorum
384 2582 549 2612 nostrorum
570 2581 724 2611 mobilium
751 2582 784 2610 &
813 2580 1005 2610 immobilium
1025 2604 1034 2618 ,
1065 2581 1097 2611 &
1125 2582 1204 2619 quod
1227 2593 1274 2613 ea-

208 2620 396 2690 ilemlotnnia
416 2621 450 2651 &
470 2619 572 2659 singula
595 2619 648 2656 sic,
672 2628 702 2649 ut
722 2618 886 2657 prefertur,
909 2618 1043 2650 faciemus
1063 2619 1217 2652 Observari
1238 2622 1272 2652 &

227 2667 257 2688 m
289 2668 337 2688 eri.

263 2707 284 2727 ti
305 2705 428 2734 quorum
447 2695 578 2726 omnium
603 2695 636 2725 &
661 2693 833 2733 singulorum
865 2694 963 2725 Fidem
991 2695 1025 2726 &
1055 2695 1273 2728 Testimonium

211 2734 296 2772 Nos,
314 2733 459 2773 Johannes
472 2733 611 2773 Epifiopus
627 2732 824 2772 Nannetenfis,
842 2733 875 2763 ὅ(
891 2732 1068 2763 Gwillermus
1085 2738 1218 2766 Dominus
1239 2736 1273 2766 de

212 2773 405 2810 Montauban,
431 2772 624 2802 Commillarii
643 2772 676 2802 ὅτ.
697 2770 899 2801 Procuratores
918 2772 1065 2810 praediCii,
1084 2773 1196 2812 Signeta
1219 2784 1274 2805 no-

212 2811 283 2849 stra,
300 2812 328 2841 in
344 2811 478 2842 Absentia
491 2810 658 2847 Sigillorum
681 2808 844 2840 nostrorum
870 2809 1064 2848 Magnorum,
1081 2811 1114 2841 δε
1139 2821 1194 2850 ego
1215 2815 1274 2842 Ra-

212 2849 342 2889 dulphus,
363 2848 578 2880 Commislarius
602 2850 635 2879 δε
652 2847 822 2878 Procurator
838 2847 1008 2886 antedictus,
1026 2848 1154 2888 Sigillum
1173 2860 1272 2881 meum

212 2888 393 2927 praesentibus
407 2888 598 2925 apposuimus,
614 2888 647 2918 δε
660 2886 767 2916 easdem
786 2885 891 2916 Literas
913 2886 1048 2917 Manibus
1067 2889 1187 2926 propriis
1211 2890 1273 2920 sub—

211 2927 394 2966 signavimus,
415 2935 447 2956 ac
462 2926 528 2964 ipsas
541 2925 631 2962 Signo
647 2926 679 2956 &
694 2924 892 2962 subscriptione
903 2924 1009 2964 Jacobi
1023 2925 1188 2966 Issmbardi,
1205 2927 1275 2959 No-

213 2966 273 2997 tatii
288 2964 418 3002 Publici,
437 2964 536 3002 signari
551 2964 583 2996 &
600 2962 733 2995 subscribi
748 2963 878 2994 fecimus

253 3042 363 3073 Datum
377 3042 405 3071 in
420 3040 496 3071 Villa
511 3041 544 3070 de
558 3039 674 3070 corbolio
686 3062 696 3078 ,
711 3038 770 3070 Die
784 3039 927 3070 vicesima
941 3040 1073 3072 Secunda
1098 3041 1206 3074 Mensis
1243 3055 1276 3076 u-

214 3081 262 3118 lii,
284 3081 371 3112 Anno
393 3079 515 3110 Domini
537 3078 708 3116 Millesimo,
727 3078 1032 3117 Quadringentesimo,
1048 3079 1209 3121 Vicesimo,
1222 3043 1276 3113 ln-

216 3120 342 3150 difflone
357 3118 402 3149 xii'
413 3141 422 3155 ,
441 3116 642 3154 Pontificatus,
659 3115 827 3146 Sanctiffimi
843 3118 871 3146 in
887 3115 1004 3147 Christo
1019 3118 1107 3149 Patris
1122 3121 1155 3152 δε
1168 3120 1276 3151 Domi-

215 3159 250 3228 Ri
272 3157 373 3226 nosifi,
399 3196 403 3201 .
425 3157 515 3187 omini
536 3158 675 3192 Martini,
693 3153 804 3186 Divina
826 3154 1026 3195 Providentia,
1050 3159 1132 3197 Papae
1152 3160 1276 3200 Quinti,

247 3206 305 3226 nno
354 3204 436 3227 ertio.

645 3268 828 3301 Praesentibus
837 3293 848 3309 ‚

255 3347 396 3380 Discretis
410 3347 502 3385 Viris,

257 3387 398 3425 Magistro
414 3386 560 3416 Guillermo
573 3387 651 3425 rayes
669 3383 834 3414 Licenciato
849 3385 879 3414 in
894 3384 1036 3424 Legibus,
1052 3385 1208 3418 Canonico
1217 3387 1277 3418 Ec-

219 3425 310 3458 clefiae
328 3425 497 3461 Briocensis,

256 3463 388 3502 Johanne
410 3463 441 3492 de
467 3461 591 3501 Pleffiio,
609 3460 718 3492 Curato
737 3459 872 3491 Ecclefiae
893 3461 1063 3492 Parochialis
1082 3462 1180 3494 Sanffl
1201 3462 1278 3495 Ger-

221 3513 505 3571 ωᾞιῖἰίῖἶοάοτεῃῇε
513 3562 521 3572 ,
535 3537 689 3568 Parifiensis
697 3562 707 3576 ‚
791 3576 797 3582 ¹

235 3586 238 3589 ⁴
257 3579 303 3610 Ac
317 3578 450 3617 Johanne
465 3578 497 3606 de
511 3576 540 3606 la
556 3579 705 3606 Bouexiere
720 3575 862 3608 Scutifero
872 3599 882 3615 ,

258 3615 479 3653 Maeloviensis,

259 3654 446 3692 Dioecesum3

258 3693 337 3737 Cum
353 3693 476 3732 pluribus
490 3691 548 3724 aliis
563 3689 696 3722 Testibus
716 3690 751 3721 ad
773 3690 917 3721 Praemiffi
939 3691 1047 3722 vocatis
1070 3692 1223 3730 specialiter
1246 3693 1280 3724 &

223 3739 332 3771 rogatis.

325 3807 499 3846 Sicsignata.

375 3884 404 3920 J.
423 3883 662 3914 Episcopus
680 3881 1018 3912 Nauna-remis.

377 3921 702 3952 GWILLIELMUS
722 3929 772 3952 ne
791 3918 1097 3960 MoNTAusan,

378 3958 418 3989 R.
437 3967 487 3990 LE
507 3959 627 3991 Saos.

671 96 1882 150 CONVENTIONES‚LITERAE‚

2388 180 2464 212 Ann.
2475 179 2517 213 D.

1341 225 1384 252 Et
1401 233 1445 260 ego
1460 221 1586 261 jacobus
1602 221 1753 253 Is'ambardi
1763 247 1773 260 ,
1791 222 1906 253 Clericus
1928 222 2077 264 Metenfis,
2093 222 2218 254 Publicus
2236 223 2374 264 Apostoli-
2407 228 2494 258 1420.

1303 260 1336 291 ιᾶ
1356 260 1394 296 &
1414 260 1550 298 Imperiali
1573 263 1795 292 Audoritatibus
1817 263 1972 299 Notarius,
1990 265 2020 290 in
2041 262 2158 300 Legibus
2181 261 2373 303 Bacallarius,
2389 263 2452 287 Hm·
2472 268 2489 294 5
2492 278 2501 286 -

1305 302 1418 330 Domini
1434 298 1515 339 nostri
1530 302 1608 337 Regis
1623 304 1784 330 Secretarius
1794 323 1803 338 ,
1822 301 1886 330 dum
1896 300 2034 338 praedifi‘ae
2059 303 2184 339 Literae,
2197 309 2246 340 per
2256 324 2265 340 ,
2281 305 2373 335 Reve-

1305 338 1416 380 rendym
1442 340 1575 375 Patrem,
1599 341 1745 368 Dominum
1760 339 1945 377 johannem,
1963 341 2018 368 Dei
2037 339 2132 376 gratia*
2155 340 2372 372 Nannetensem

1306 376 1501 415 Epiicopum‚
1523 386 1636 414 necnon,
1662 377 1774 407 Nobiles
1796 381 1874 407 Viros
1890 400 1900 416 ,
1927 376 2122 408 Willielmum
2148 378 2313 410 Dominum
2336 378 2373 409 de

1307 414 1490 445 Montauban
1506 412 1544 449 (θ’
1556 414 1589 443 de
1607 414 1752 454 Landall‚
1770 414 1808 450 &⁶
1825 415 2010 454 Radulphum
2033 415 2060 446 le
2078 416 2150 454 Sage
2172 420 2318 449 Dominum
2340 418 2374 448 de

1306 453 1406 482 SanHo
1420 455 1520 490 Petro,
1534 451 1658 490 Milites,
1674 454 1879 493 Comrmffizrios,
1896 453 1935 490 &
1947 456 2137 485 Procuratores
2146 456 2295 487 antedictos
2338 468 2373 496 ic,

1307 498 1339 520 ut
1351 490 1517 530 praefertur,
1532 501 1620 520 eorum
1638 494 1752 529 Signetis
1761 515 1770 529 ,
1789 492 1827 528 όν
1842 493 1950 530 sigillo,
1963 504 1994 522 ac
2007 494 2139 523 Manibus
2146 498 2258 542 propriis
2264 456 2372 535 fig’illn-

1310 529 1411 558 bantur
1426 528 1465 564 ό·
1473 528 1676 570 signabantur,
1690 530 1806 572 praesens
1817 531 1994 571 personaliter
2005 530 2136 571 interfui,
2153 544 2209 562 una
2228 544 2284 562 cum
2299 543 2373 572 prae-

1308 571 1454 614 nominatis
1467 567 1583 608 Testibus
1594 569 1634 598 ad
1645 571 1783 606 Majorem
1796 569 1989 610 Praemiffirum
2001 572 2198 601 Certitudinem
2213 576 2318 602 vocatis
2331 573 2371 608 &-

1308 616 1338 635 ro
1356 613 1418 636 atis.

1335 618 1446 674 gIdcirco
1466 643 1518 674 hiis
1537 643 1712 684 praefintibus
1730 648 1850 683 Literis,
1868 645 1982 676 alterius
2003 651 2095 678 Manu
2110 647 2235 690 fideliter
2244 648 2372 689 firiptis,

1309 683 1449 722 Praemrffa
1457 682 1633 721 publicando,
1648 687 1756 720 Signum
1769 695 1853 713 mcum
1875 684 1980 723 appositi
1999 686 2150 726 consuetum
2156 699 2167 726 3
2188 687 2230 718 hic
2253 699 2293 717 me
2305 688 2372 728 fieb-

1300 721 1420 760 scribens
1443 724 1533 751 Manu
1548 722 1658 760 proprid
1679 726 1708 752 in
1733 725 1917 759 Signationum
1939 722 1977 758 &
1995 725 2170 762 sigillationis
2177 726 2372 765 praedictarum

1308 760 1491 802 Testimonium
1507 760 1655 801 Requifitus
1670 760 1708 797 ὠ·
1722 763 1851 799 Rogatus.

1309 883 1336 911 ’ᾗ
1364 889 1430 920 Rex
1445 891 1650 921 Romanorum
1662 913 1672 928 ,
1696 890 1727 919 in
1744 890 1853 935 Regem
1869 886 2011 922 Bohemiae
2031 890 2214 934 Coronatus,
2236 891 2273 925 de
2296 906 2373 928 novo
2409 904 2428 924 st
2449 907 2487 937 χ.

1557 935 1692 981 ratificat
1709 937 1972 982 Confoederationcs
1989 938 2118 984 Angliae.
2397 953 2438 980 ¹4·

1308 1020 1532 1092 Slffnwdus,
1549 1021 1607 1052 Dei
1625 1021 1728 1066 gratia,
1746 1024 1924 1067 Romanorum
1946 1025 2007 1053 Rex
2028 1023 2138 1068 semper
2158 1024 2318 1065 Augustus,
2336 1028 2370 1059 δε
2393 1018 2522 1051 “hm-D-

1402 1069 1541 1100 ungari-x,
1561 1059 1727 1099 Bohemiae,
1746 1060 1917 1100 Dalmatiae,
1934 1061 2082 1101 Croaciae,
2100 1065 2160 1095 &c.
2180 1063 2256 1094 Rex.
2410 1066 2498 1098 1420.

1343 1099 1462 1131 Notum
1478 1098 1613 1142 facimus,
1634 1098 1754 1143 Tenore
1769 1098 1970 1138 Praesentium,
1988 1100 2139 1134 Universis
2154 1102 2236 1141 quod
2253 1103 2343 1142 olim,
2385 1101 2438 1125 An.
2457 1098 2484 1127 3·

1343 1137 1419 1169 Inter
1434 1136 1646 1169 serenissimum
1662 1137 1823 1176 Principem
1837 1140 1985 1169 Henricum
1996 1163 2005 1177 ,
2390 1140 2425 1165 H.
2441 1144 2458 1171 5

1341 1177 1431 1209 Tunc
1445 1175 1558 1214 Angliae
1573 1174 1611 1210 &-
1626 1179 1748 1206 Franciae
1761 1179 1859 1215 Regem
1876 1177 2043 1216 appellatum
2054 1200 2064 1216 ,
2081 1178 2115 1209 δε
2130 1178 2296 1210 Dominum
2313 1180 2368 1212 Hi·
2393 1178 2431 1201 Ex
2456 1173 2522 1203 Bilb.

1304 1216 1414 1247 berniae
1425 1238 1434 1254 ‚
1452 1224 1530 1246 nunc
1543 1217 1614 1245 vero
1633 1215 1745 1245 Anoliae
1754 1218 1850 1254 Regem
1863 1216 2072 1257 ,Haeredemque
2083 1228 2116 1247 ac
2130 1220 2274 1256 Regentem
2283 1223 2373 1251 Fran·
2391 1217 2492 1241 C‘mw-

1304 1257 1351 1284 ciae
1387 1264 1501 1285 necnon
1516 1252 1664 1296 Hiberniae
1679 1240 1864 1293 Dominum,
2391 1252 2506 1279 Tiberius

1342 1278 1379 1324 E't
1392 1293 1460 1324 Nos
1474 1292 1685 1331 Sigismundum,
2387 1294 2417 1319 B·
2437 1292 2462 1317 6-
2476 1289 2526 1328 fol·

1339 1331 1429 1363 Tunc
1452 1331 1675 1379 Romanorum,
1692 1331 1868 1377 Hungariae,
1887 1331 2055 1371 Dalmatiae,
2073 1332 2218 1373 croatiae,
2233 1336 2296 1368 διε.
2313 1337 2371 1366 Re-
2389 1328 2436 1359 88,
2461 1333 2492 1357 B.

1299 1380 1559 1455 gendujizignfiggeg?
1565 1369 1900 1454 ficiifflmiiqhggffgque
1915 1409 2031 1450 Regalia
2044 1410 2164 1449 insignia
2180 1409 2285 1450 hodie,
2299 1412 2372 1446 divi.

1304 1457 1341 1478 na
1360 1447 1523 1479 Clementia
1535 1447 1665 1485 favente,
1686 1458 1860 1487 recepimus,

1338 1485 1499 1531 'Contradta
1520 1486 1574 1517 fuit
1597 1485 1781 1525 Fraternitas,
1801 1486 1888 1526 Liga,
1906 1487 1940 1518 &
1966 1486 2207 1528 Confoederatio,
2223 1489 2282 1520 tam
2303 1488 2375 1521 No-

1305 1534 1382 1555 mine
1398 1525 1515 1564 nostro,
1533 1525 1619 1564 quam
1635 1526 1719 1556 etiam
1733 1525 1869 1556 Nomine
1883 1525 1961 1556 Sacri
1976 1526 2092 1564 Imperii
2115 1527 2260 1566 Romani,
2279 1528 2312 1560 &
2332 1529 2374 1559 E-

1305 1563 1709 1633 leCiorunisdejus,RRegnique
1730 1564 1843 1603 Angli-ae
1860 1564 1983 1603 praefati,
2000 1566 2034 1596 &
2057 1565 2188 1597 Fratrum
2208 1565 2374 1598 Germano-

1307 1611 1372 1632 rum
1389 1613 1431 1639 eJu
1464 1613 1511 1633 em
1563 1612 1579 1632 e
1599 1612 1620 1631 is

1341 1639 1540 1680 Dedimi'isque
1561 1611 1642 1678 sugpei·
1661 1640 1695 1671 ea
1714 1639 1988 1679 Confoederatione,
2008 1649 2094 1679 prout
2119 1642 2305 1683 tenebamur,
2325 1643 2376 1675 Li-

1305 1686 1375 1709 teras
1391 1679 1538 1714 Patentes,
1554 1679 1681 1715 sigillatas
1694 1679 1753 1708 tam
1769 1679 1872 1709 nostrae
1888 1679 2040 1717 Majestatis
2055 1680 2141 1718 quam
2159 1683 2292 1713 omnium
2308 1682 2376 1714 Ele-

1305 1717 1422 1748 &orum
1435 1717 1512 1749 Sacri
1525 1716 1640 1755 Imperii
1656 1716 1774 1755 sigillis,
1794 1726 1982 1756 praeterquam
1999 1717 2087 1756 Regis
2101 1717 2251 1750 Bohemiae

1344 1755 1476 1825 ngum
1492 1756 1652 1788 Literarum
1666 1755 1797 1786 Tenores
1811 1756 1907 1786 haberi
1921 1756 1968 1786 hic
1985 1756 2118 1787 volumus
2131 1766 2184 1794 pro
2204 1743 2376 1791 sufficienter

1306 1804 1338 1824 ex
1363 1805 1392 1825 re
1416 1805 1452 1826 is:

1341 1805 1500 1873 {Dupientes
1518 1834 1525 1864 i
1547 1833 1602 1864 itur
1615 1832 1722 1864 dietam
1742 1832 1845 1872 Ligam
1860 1831 1917 1863 sive
1931 1831 2221 1865 confoederationem
2237 1833 2294 1865 esse
2313 1844 2378 1873 pei·-

1307 1881 1421 1909 petuam
1431 1895 1440 1912 ,
1455 1872 1531 1904 nichi
1543 1882 1599 1911 que
1611 1873 1686 1903 circa
1698 1881 1762 1903 eam
1777 1872 1993 1910 praetermittere
2007 1871 2137 1904 volentes
2153 1872 2232 1911 quod
2248 1872 2378 1911 perNoe

1306 1910 1390 1947 poffit
1408 1911 1534 1950 impleri,
1553 1911 1725 1950 postquam,
1742 1910 1879 1948 largiente
1904 1909 2059 1949 Domino,
2074 1910 2156 1950 hujus
2177 1910 2274 1950 Regni
2295 1911 2380 1944 Tro-

1307 1958 1377 1980 num
1403 1949 1636 1988 conscendimus,
1660 1948 1779 1981 eandem
1802 1948 2016 1981 Fraternitatem
2030 1972 2040 1988 ,
2068 1948 2381 1990 Confoederationem,

1306 1997 1339 2019 ac
1358 1988 1477 2028 Ligam,
1497 1987 1659 2027 Literasque
1669 1987 1749 2026 super
1763 1987 1831 2018 inde
1847 1987 1992 2018 confectas
2003 2010 2013 2026 ,
2029 1989 2058 2018 in
2077 1989 2213 2021 omnibus
2228 1988 2280 2020 suis
2290 1987 2378 2022 Clau—

1306 2026 1369 2057 sulis
1379 2049 1388 2065 ,
1405 2027 1611 2065 Continentiis,
1630 2026 1764 2064 Pund'tis,
1781 2035 1904 2064 totoque
1918 2025 2054 2065 Tenore,
2071 2036 2104 2058 ac
2122 2027 2142 2058 si
2163 2027 2200 2058 de
2219 2026 2319 2058 Verbo
2339 2028 2377 2060 ad

1308 2063 1441 2096 Verbum
1457 2065 1642 2098 Praesentibus
1658 2065 1732 2097 foret
1754 2064 1886 2103 insertus,
1904 2073 2048 2103 tamquam
2072 2065 2182 2104 insuper
2203 2067 2265 2096 Rex
2287 2066 2377 2097 Bohe-

1307 2107 1368 2133 miae
1382 2103 1421 2140 ό·
1437 2105 1550 2136 Elector
1564 2107 1640 2134 Sacri
1652 2106 1774 2142 Imperii,
1794 2102 1971 2141 Laudamus,
1988 2103 2207 2141 Approbamus‚
2225 2105 2260 2136 &
2270 2105 2378 2136 Ratam

1308 2142 1464 2188 habemus,
1481 2142 1675 2187 praesentisque
1696 2141 1808 2181 scripti,
1824 2142 1876 2173 sub
1895 2141 1994 2182 Sigillo
2017 2142 2122 2180 Regiae
2145 2142 2302 2182 Maiestatis
2322 2143 2378 2175 Pa-

1307 2190 1453 2220 trocinio‚
1470 2190 1705 2220 communimus,

1346 2219 1540 2258 spondentes,
1557 2219 1658 2251 Verbo
1672 2220 1784 2263 Region,
1809 2220 1907 2250 omnia
1921 2217 1990 2250 Nos
2005 2218 2131 2252 fauuros
2145 2230 2210 2258 quae
2223 2229 2275 2258 pro
2296 2219 2380 2252 Con-⁴

1307 2258 1464 2328 serat-atione
1478 2261 1512 2292 &
1525 2259 1734 2292 observatione
1747 2257 1832 2290 ditftae
1844 2257 2108 2291 confoederationis
2128 2259 2184 2291 visit
2206 2258 2309 2292 fuerint
2328 2269 2379 2297 eit-⁴

1307 2308 1343 2337 pe
1364 2308 1411 2329 ire.

1344 2375 1413 2420 Dat.
1433 2378 1462 2408 in
1475 2376 1568 2416 Castro
1580 2376 1667 2418 nostro
1682 2376 1827 2417 Pragenfi‚
1846 2377 1937 2408 Anno
1951 2375 2076 2407 Domini
2101 2374 2274 2414 Millefimo,
2293 2375 2377 2414 Quao'

1307 2414 1548 2455 dringentesim0‚
1568 2416 1722 2453 vicesimo,
1740 2415 1842 2447 ultima
1854 2416 1900 2446 die
1909 2415 1977 2454 Julii
2010 2413 2186 2452 Regnorum
2203 2414 2377 2452 nostrorum,

1307 2453 1397 2485 Anno
1412 2453 1586 2493 Hungariae‚
1605 2457 1667 2487 &c.
1687 2454 1829 2486 triceiimo
1843 2463 1955 2492 quarto:
1973 2437 2182 2484 Romanorum
2199 2455 2270 2484 vero
2284 2452 2376 2487 Deci-

1308 2502 1381 2531 mo,
1398 2493 1432 2524 &
1448 2493 1595 2525 Bohemiae
1611 2495 1717 2532 primo.

1308 2569 1582 2639 ferffltelldandamm
1594 2570 1720 2602 Domini
1735 2569 1842 2609 Regis,
1859 2571 1970 2607 Georgio
1993 2567 2118 2608 Eptfiopo
2140 2566 2296 2608 Patavenfi
2310 2566 2373 2598 Re·

1343 2684 1611 2716 FRANCISCUS
1630 2683 1921 2716 Pnaeposn-us
1940 2680 2051 2712 BoLi:
2067 2690 2325 2714 SLAVIENSIS.

1332 2826 1382 2858 De
1396 2827 1474 2858 Pace
1487 2823 1637 2867 'T‘recenst,
1662 2821 1792 2869 ejusdem
1810 2825 1898 2868 Regis
1914 2817 2098 2867 Approbatio
2108 2847 2120 2864 ,
2144 2831 2182 2855 ac
2198 2823 2230 2853 in
2246 2820 2352 2859 eadem

1693 2875 1772 2905 Petit
1789 2867 2004 2917 comprehendi.

1313 2956 1536 3020 sigismundus,
1554 2956 1613 2987 Dei
1628 2956 1744 2995 Gratia,
1763 2959 1942 2986 Romanorum
1958 2957 2019 2984 Rex
2033 2951 2141 2992 semper
2156 2952 2203 2984 Au
2228 2953 2321 2993 ustus,
2338 2962 2372 2985 ac
2394 2953 2471 2986 Anii.
2484 2954 2527 2987 D.

1374 2996 1547 3035 Hungariae,
1567 2995 1731 3033 Bohemiae,
1749 2995 1924 3030 Dalmaciae,
1943 2992 2094 3031 Croaciae,
2112 2993 2174 3023 &c.
2226 3001 2269 3023 ex.

1351 3034 1470 3065 Notum
1485 3034 1621 3071 facimus,
1641 3033 1760 3064 Tenore
1774 3032 1971 3068 Praesentiutn,
1991 3030 2124 3062 universis
2136 3031 2236 3070 quod,

1348 3072 1430 3104 Cum
1445 3073 1515 3103 olim
1529 3082 1707 3103 cerneremus
1722 3071 1832 3102 Bellum
1846 3068 2058 3107 gravissimum,
2075 3070 2154 3108 quod
2167 3070 2312 3108 gerebatur
2331 3069 2376 3099 in-
2394 3076 2429 3100 Η.
2448 3080 2477 3106 5.

1312 3120 1371 3150 ter,
1389 3110 1584 3142 Sereniffimos
1598 3110 1759 3147 Principes,
1775 3107 1908 3139 Karalum
1930 3111 2070 3146 Franciae,
2091 3109 2125 3140 &
2146 3111 2293 3138 Henricum
2309 3110 2376 3138 An-
2412 3109 2477 3138 lbid.

1307 3150 1372 3188 gliae
1382 3175 1391 3188 ,
1407 3153 1506 3187 Reges,
1524 3148 1582 3178 esse
1595 3148 1758 3186 pestiferum
1773 3148 1828 3178 toti
1842 3145 2043 3177 Christianitati
2053 3168 2063 3184 ,
2081 3147 2114 3178 &
2127 3148 2252 3184 maxime
2274 3146 2376 3177 Inimi-

1312 3198 1381 3219 cum
1393 3188 1507 3219 Sanciae
1524 3186 1626 3217 Matris
1639 3185 1773 3216 Eccleliae
1788 3185 1906 3216 Unioni
1924 3185 1969 3222 (ad
1987 3194 2071 3222 quam
2088 3184 2290 3223 perficiendam
2310 3184 2378 3214 totis

1313 3227 1419 3258 viribus
1437 3226 1614 3262 nitebamur,
1631 3232 1716 3260 prout
1731 3224 1862 3262 tandem,
1881 3223 1949 3254 Deo
1962 3223 2064 3262 dante,
2082 3223 2208 3263 perfecta
2223 3222 2274 3261 est)
2290 3223 2378 3254 inter-

1313 3264 1455 3302 posuimus
1468 3263 1536 3293 Nos
1552 3273 1605 3301 pro
1619 3262 1694 3293 Pace
1709 3263 1782 3294 inter
1797 3262 1893 3302 Reges
1911 3261 2062 3300 praefatos,

1350 3301 1432 3332 Cum
1445 3310 1540 3332 autem
1559 3301 1682 3332 multum
1698 3303 1726 3331 in
1743 3301 1787 3332 illa
1803 3300 1894 3332 Causa
1907 3299 2108 3331 laborassemus
2141 3301 2176 3332 &
2187 3301 2248 3338 jam
2268 3298 2378 3331 videre-

1313 3350 1380 3370 mur
1402 3340 1512 3370 bonum
1535 3338 1651 3370 Initium
1674 3341 1756 3370 rebus
1777 3339 1901 3377 dedisse,
1919 3339 2093 3380 posuiffeque
2105 3323 2285 3370 (Concordiae
2299 3337 2378 3368 Fun-

1313 3378 1496 3447 gatnentum,
1514 3388 1565 3416 pro
1580 3378 1663 3410 Parte
1678 3381 1756 3416 Regis
1767 3382 1930 3409 Francorum
1946 3376 2037 3416 (quod
2050 3378 2172 3408 minime
2186 3374 2376 3416 sperabamus)

1336 3427 1401 3447 eui
1431 3427 1521 3447 uimus

1352 3440 1552 3494 Qamobrer'n
1567 3455 1688 3486 moleste
1701 3455 1834 3492 ferentes,
1847 3465 1907 3485 non
1920 3455 1979 3485 tarn
1993 3454 2121 3485 nostram
2128 3453 2260 3492 Injuriam
2269 3473 2280 3488 ,
2289 3450 2377 3488 quam

1315 3492 1543 3524 Incommodum
1571 3495 1716 3531 publicum
1731 3517 1740 3530 ,
1767 3494 2001 3524 denunciavimus
2025 3493 2143 3530 praefato
2169 3493 2233 3527 Regi
2249 3491 2378 3533 *Francia

1315 3531 1495 3569 Inimicitias,
1513 3542 1637 3570 eumque
1652 3532 1752 3562 nostris
1779 3532 1880 3563 Literis
1902 3531 2108 3566 diffidavimus,
2124 3538 2158 3560 ac
2178 3527 2379 3558 nichilominus

1316 3579 1412 3601 tamen
1434 3570 1512 3609 super
1531 3578 1679 3608 utramque
1702 3570 1844 3608 Partium,
1863 3578 1999 3609 quantum
2022 3569 2176 3604 valuimus,
2193 3566 2377 3596 hortabamur

1316 3609 1350 3639 ad
1365 3608 1488 3647 Pacem,
1505 3618 1535 3639 ut
1553 3609 1753 3647 intelligeretur
1769 3608 1838 3638 Nos
1854 3617 1889 3638 ex
1901 3607 1982 3638 Bello
2002 3606 2091 3636 nichil
2113 3613 2238 3643 quaerere
2254 3604 2305 3635 nisi
2322 3603 2379 3635 Pa-

1316 3658 1389 3678 cern.

1352 3684 1433 3716 Cum
1448 3694 1541 3717 autem
1557 3696 1662 3723 nuper,
1677 3685 1747 3716 sicut
1762 3684 1829 3715 Deo
1841 3684 1964 3722 placuit,
1980 3683 2052 3712 inter
2066 3681 2197 3719 praefatos
2210 3681 2305 3721 Reges
2322 3679 2377 3711 sta-

1314 3724 1393 3754 bilita
1407 3724 1439 3755 fit
1454 3724 1511 3754 Pax
1522 3749 1530 3763 ,
1546 3725 1578 3755 ὃς
1600 3723 1727 3754 Affinitas
1741 3723 1905 3759 contrasta,
1921 3730 1953 3751 ac
1970 3721 2040 3750 inter
2055 3720 2075 3740 ²¹²¹
2090 3720 2261 3751 eorumdem
2274 3719 2378 3759 Regna
2413 3711 2430 3728 ⁸
2448 3711 2488 3739 X·

1314 3762 1400 3793 Unio
1417 3772 1548 3800 perpetua
1567 3762 1597 3793 sit
1612 3763 1752 3799 conflata,
2396 3758 2438 3785 ¹5·

1351 3799 1437 3838 Nos,
1457 3801 1614 3838 hujusmodi
1627 3801 1726 3831 orn-,iia
1741 3800 1812 3830 Rata
1829 3798 1959 3829 habentes
1971 3797 2005 3828 ὃς
2021 3795 2111 3828 Grata
2122 3820 2131 3835 ,
2147 3796 2254 3828 Pacem
2277 3796 2378 3834 praedi·

1315 3838 1393 3868 istam
1409 3839 1568 3870 Laudamus
1585 3841 1618 3870 ὃ(
1630 3839 1844 3885 Appicbamus‚
1862 3845 1959 3873 atque,
1980 3845 2008 3864 ut
2024 3836 2081 3870 eius
2099 3835 2218 3867 Tenore
2234 3835 2333 3866 Nobis
2347 3835 2381 3865 li,-

1314 3886 1379 3914 cet,
1397 3878 1601 3915 comprehendi
1616 3880 1645 3907 in
1661 3888 1693 3908 ea
1710 3875 1852 3906 Volumus
1869 3874 1902 3904 &
1917 3873 2079 3911 Offiamus,

1350 3915 1432 3946 Salva
1451 3916 1557 3953 semper
1584 3916 1654 3954 Liga
1678 3917 1711 3947 &
1735 3912 1992 3944 Confoederatione
2007 3936 2016 3949 ,
2047 3921 2132 3950 quam
2156 3912 2294 3944 habemus
2315 3920 2385 3941 curn

1333 3954 1428 3984 raefato
1445 3954 1626 3985 Sereniffimo
1639 3954 1736 3985 Fratre
1752 3950 1852 3982 nostro
1866 3952 1984 3980 Henrico
2003 3951 2122 3989 Angliae
2136 3953 2225 3989 Rege,·
2249 3953 2282 3982 &
2308 3949 2385 3980 salvis

1309 3962 1424 4031 furibus
1437 3993 1540 4025 nostris
1555 3995 1589 4025 &
1603 3992 1683 4025 Sacri
1697 3990 1829 4022 Romani
1842 3988 1977 4029 Imperii,
1995 3998 2085 4028 prout
2101 3989 2256 4021 amborum
2271 3988 2386 4027 Regum

2312 4035 2385 4064 prae·

2393 3002 2516 3063 Ariti-⁴
