2562 4274
190 126 240 154 20

40 193 120 227 Ann.
133 191 174 224 D.
187 196 349 235 cipiendos,
366 195 484 226 durante
501 194 568 226 Vita
582 193 645 232 sua,
662 194 691 223 in
707 191 873 232 Hanaperio
889 190 1000 231 nostro,
1018 202 1066 231 per
1084 200 1183 222 manus
1191 188 1254 221 Cu-

73 242 159 271 1401-
187 236 274 267 stodis
287 234 411 274 ejusdem
425 233 579 272 Hanaperii
594 242 648 270 pro
663 239 794 269 ternpore
809 229 959 261 existentis.

41 276 105 303 Hm·
123 279 154 309 4·
225 273 260 304 In
279 275 377 313 cujus,
395 274 456 303 &c.
859 309 875 314 ..
1110 308 1116 314 ⁴

220 312 311 346 Teste
325 312 411 350 Rege
428 310 501 350 apud
518 307 802 350 Westmonasterium‚
819 318 875 347 xxij
895 308 941 339 die
958 307 1139 340 Decembris.

755 388 810 417 Per
827 389 921 417 Breve
938 387 970 417 de
985 389 1105 416 Privato
1124 381 1224 422 Sigillo.

125 526 173 557 01¹5—
334 517 473 549 Licentia
489 536 498 553 ,
524 512 560 547 dc
581 526 638 546 non
661 512 804 547 veniendo
825 511 870 545 ad
891 512 1113 546 Parliamentct.

43 604 121 638 Ann.
135 602 180 634 D.
200 600 514 658 REX.anil?¹1⁵=
532 599 567 630 ad
583 599 748 645 quos,‚&c.
788 598 932 643 Salutem!
1209 634 1212 635 ⁷
1246 633 1252 639 ·

63 653 152 680 1402.
294 640 395 671 Sciatis
410 639 489 678 quod
509 638 557 673 (de
570 638 671 669 Gratia
686 637 780 668 nostra
796 637 917 678 speciali)
937 634 1139 667 Conceffimus
1158 634 1192 665 ὃς
1208 633 1268 677 -L.¹‘

41 686 96 712 An.
116 693 144 720 3.
196 680 320 711 centiam
337 678 496 718 Dedimus,
515 687 568 716 pro
582 677 698 715 Nobis,
715 677 750 707 &
765 675 932 707 Haeredibus
957 675 1057 705 nostris
1076 681 1215 711 quantum
1237 682 1268 701 in

43 727 80 750 H.
98 731 127 757 4.
197 718 299 763 Nobis
313 717 374 757 est,
388 717 498 763 diledki
513 716 614 754 nobis,
629 715 738 760 Thomae
753 718 870 745 Domino
885 713 914 744 la
931 715 1029 758 qure
1046 712 1125 751 quod
1140 711 1206 751 ipse,
1214 720 1268 754 pro

42 760 108 788 Ibid.
125 767 161 788 m.
192 757 301 789 Tribus
317 757 408 787 Annis
419 756 554 795 proximo
568 754 683 792 futuris,
701 754 844 784 excusetur
865 752 900 783 ad
915 751 1088 782 veniendum
1111 749 1147 780 ad
1165 750 1269 780 Parlia-

46 798 90 827 18.
195 803 290 827 menta
303 796 337 827 ὅ(
352 794 488 826 Concilia
503 792 597 825 nostra
611 794 644 824 &
659 791 822 823 Haeredum
835 790 994 822 nostrorum
1009 798 1208 829 quaecumque,
1215 788 1267 818 ubi

195 835 229 867 &
243 836 273 865 in
288 844 473 873 quocumque
489 832 575 863 Loco
590 839 747 869 teneantur,
1012 868 1017 873 ¹
1203 866 1208 871 ·
1223 865 1238 871 ..

234 873 383 912 Quodque
397 873 454 911 ipse
470 871 507 903 Se
522 871 634 901 interim
649 869 686 900 de
709 868 814 900 eisdem
836 868 1032 900 Parliamentis
1054 868 1088 898 &
1111 865 1267 903 Conciliis,

45 904 65 924 ἡ*
92 905 178 934 VIII·
195 913 230 945 &
243 912 373 952 quolibet
394 914 409 929 ²*
426 909 611 947 eorumdem,
629 908 665 939 de
678 917 808 946 tempore
821 908 851 937 in
874 915 1002 945 tempus,
1018 906 1147 945 legitime
1170 904 1269 935 absen-

65 953 135 981 237·
193 961 251 983 tare
268 949 370 990 poffit,
384 949 486 988 absque
500 958 537 978 eo
553 947 634 986 quod
645 947 719 986 ipse,
737 946 884 977 occasione
900 945 1043 976 Absentiae
1065 942 1119 974 suae
1139 942 1175 972 de
1197 942 1267 972 Par-

194 990 333 1022 liamentis
350 991 383 1021 &
399 987 541 1019 Conciliis
555 986 713 1024 praedietis,
733 985 778 1016 vel
789 985 882 1023 aliquo
895 982 1078 1020 eorumdem,
1096 982 1190 1012 versus
1205 990 1269 1018 nos,

195 1029 243 1060 vel
256 1028 392 1058 Haeredes
408 1026 522 1057 nostros
535 1024 706 1063 praedi&os‚
723 1023 846 1062 aliquam
862 1022 986 1052 Poenam
1006 1022 1144 1057 incurrat,
1163 1019 1209 1063 seu
1225 1029 1269 1049 ra-

194 1070 275 1098 tione
295 1066 418 1104 ejusdem
448 1064 592 1095 Absentiae
613 1062 669 1092 suae
689 1062 842 1100 aliqualiter
863 1069 981 1098 ponatur
1004 1060 1035 1089 in
1057 1057 1269 1096 Deperditum‚

192 1106 423 1143 Impetitionem‚
456 1101 692 1134 Molestationem
743 1099 788 1130 seu
823 1098 1015 1136 Gravamen3
1042 1097 1269 1140 quibuscumque

195 1143 359 1182 Mandatis,
379 1142 431 1173 fibi
448 1142 477 1172 in
497 1139 671 1172 contrarium
690 1122 792 1177 riaetis,
808 1138 854 1169 seu
873 1137 1026 1176 faciendis,
1051 1146 1112 1167 non
1129 1134 1270 1167 obstanti-

195 1185 257 1214 bus.

231 1221 265 1252 ln
284 1220 379 1257 cujus,
398 1219 461 1249 &c.
904 1253 909 1259 ὓ
1045 1251 1062 1259 ..

266 1258 356 1290 Teste
370 1257 454 1296 Rege
472 1255 547 1294 apud
562 1254 833 1296 Wstmonallerium,
848 1262 866 1284 x
881 1253 926 1284 die
938 1253 1073 1292 Januarii.

711 1334 765 1362 Per
779 1334 872 1362 Breve
884 1331 916 1362 de
930 1333 1051 1362 Privato
1064 1329 1166 1369 Sigillo.

446 1462 540 1507 Super
565 1458 684 1504 defeh'iu
707 1461 800 1490 atatis
823 1455 1010 1503 dispcnfiztio.

45 1560 114 1592 An„
138 1556 171 1589 1)
264 1547 511 1579 ONIFACIUS
529 1545 777 1581 Emscomrs,
796 1542 898 1574 Servus
913 1541 1071 1573 Servorum
1087 1540 1270 1580 Dei,dileet0

73 1609 97 1629 1,
113 1583 147 1626 {a
203 1549 255 1612 B
276 1588 350 1618 Filio
363 1586 470 1616 Thomae
486 1584 643 1623 Halewyn‚
663 1582 819 1613 Canonico
835 1580 1108 1624 Priorats1518an&ae
1124 1580 1272 1611 Trinitatis

44 1609 110 1668 An4
128 1621 160 1675 ζ’
200 1627 274 1657 infra
290 1625 408 1666 Algam,
428 1623 546 1655 Ordinis
561 1622 658 1654 saneti
673 1621 824 1661 Augustini
850 1620 1073 1659 Londonienlis,
1091 1620 1215 1650 Salutem
1236 1619 1270 1649 δε

44 1681 73 1704 H
95 1662 102 1668 ⁰
146 1660 152 1667 ’
198 1665 396 1706 Apostolicam
413 1663 657 1694 Benedietionem.
1021 1698 1026 1703 ν
1228 1698 1253 1703 ..

43 1700 84 1744 13}
96 1690 157 1747 ΞΜ-
235 1704 399 1742 Religionis
419 1702 514 1740 zelus,
533 1701 600 1731 vitae
621 1710 654 1730 ac
685 1709 801 1730 morum
820 1697 969 1736 honestas,
992 1696 1101 1735 aliaque
1123 1697 1272 1728 laudabilia

43 1740 97 1782 mar
193 1744 340 1783 probitatis
358 1743 391 1773 ὃ(
415 1741 555 1771 virtutum
579 1738 704 1776 Merita,
727 1738 806 1776 super
832 1738 934 1776 quibus
954 1736 1027 1780 apud
1044 1746 1103 1780 *nos
1125 1736 1271 1780 fidedigno

64 1778 79 1792 *²
99 1779 106 1786 ⁰
191 1780 403 1813 commendaris
417 1779 601 1817 testimonio,
617 1777 687 1808 Nos
701 1776 840 1807 inducunt
854 1784 884 1806 ut
898 1783 926 1805 te
940 1774 1103 1814 specialibus
1116 1774 1222 1806 Gratiis
1236 1775 1270 1806 &

189 1820 347 1853 favoribus
364 1819 571 1857 prosequamur.
738 1855 742 1860 Π
793 1854 798 1860 ·
845 1854 849 1859 ¹
929 1854 934 1859 .
989 1854 993 1858 ν
1047 1854 1051 1859 .
1266 1855 1271 1859 .

229 1860 305 1891 Tuis
320 1860 414 1897 itaque
432 1859 461 1888 in
475 1857 528 1887 hac
544 1864 620 1894 parte
646 1854 904 1893 Supplicationibus
927 1853 1070 1891 inclinati,
1089 1860 1184 1884 tecum
1223 1864 1273 1894 qui

187 1899 237 1936 (ut
258 1897 361 1935 asseris)
382 1895 533 1927 Diaconus
555 1895 588 1925 ἃ
610 1895 640 1924 in
663 1893 812 1924 Vicesimo
829 1892 964 1923 Secundo
983 1900 1039 1922 tuae
1056 1890 1160 1923 AEtatis
1213 1902 1271 1923 nno

190 1937 238 1969 vel
254 1938 365 1968 circiter
380 1934 548 1965 constitutus
563 1932 670 1970 existis,
688 1941 719 1964 ut
738 1932 773 1963 ad
792 1931 986 1962 Sacerdotium
999 1931 1174 1969 promoveri,
1200 1941 1270 1961 uan-

189 1976 348 2014 docunque
362 1974 416 2004 tibi
431 1973 585 2012 placuerit,
602 1971 690 2002 libere
713 1972 747 2003 ὅτ,
762 1971 840 2002 licite
855 1971 943 2001 valeas
964 1969 1133 2009 (hujusmodi
1206 1971 1268 2001 tatis

189 2014 325 2052 defectu,
342 2023 377 2044 ac
394 2011 530 2052 generalis
547 2009 690 2047 Concilii,
711 2011 745 2042 &
769 2010 828 2040 aliis
853 2008 1115 2040 Constitutionibus
1141 2009 1270 2046 Aposto-

188 2054 253 2084 licis
279 2052 426 2084 contrariis
452 2058 631 2088 nequaquam
657 2047 852 2085 obstantibus)
880 2048 1059 2078 Austoritate
1084 2047 1269 2087 Apostolicfi,

188 2092 310 2129 Terrore
325 2089 525 2128 Praesentium,
543 2090 580 2120 de
592 2087 717 2126 specialis
730 2087 812 2118 dono
826 2087 923 2126 gratiae
936 2085 1131 2124 dispensamus.

228 2129 314 2161 Nulli
336 2138 409 2166 ergo
428 2128 553 2158 omnino
564 2127 719 2157 hominum
738 2127 820 2158 liceat
836 2127 910 2157 hanc
924 2124 1060 2165 Paginam
1074 2124 1182 2156 nostrae
1196 2125 1268 2156 Dis-

186 2169 360 2208 pensau'onis
381 2166 535 2206 infringere
547 2167 613 2197 &c-

271 2206 343 2237 Dat.
364 2208 456 2235 Romae
472 2203 548 2242 apud
573 2203 711 2236 Sanctum
726 2203 844 2236 Petrum
858 2203 902 2235 ld.
915 2203 1061 2242 Januarii,
1080 2202 1269 2235 Pontificatfis

190 2244 286 2277 nostri
301 2245 392 2276 Amio
401 2243 505 2275 Tertio
517 2242 646 2274 decimo.

231 2326 278 2353 M.
299 2323 330 2353 de
346 2321 449 2352 Sane'ia
469 2319 599 2359 Agatha.

229 2361 288 2402 Ja.
305 2361 338 2391 de
353 2362 488 2390 Bononia.

428 2434 484 2466 Sub
501 2433 568 2464 Filis
576 2433 672 2474 sericis
682 2433 764 2473 flavi
782 2433 909 2473 rubeique
926 2434 1036 2464 Colaris.

870 2513 913 2540 A.
933 2511 965 2541 de
983 2513 1168 2548 Portugruais.

626 2587 718 2627 Super
737 2587 859 2626 plicam,

934 2665 989 2693 Pro
1006 2662 1058 2701 Jo.
1077 2667 1235 2702 Fraunceys.

989 2704 1023 2732 P.
1041 2703 1073 2732 de
1093 2702 1239 2732 Mancella.

199 2833 250 2865 De
273 2826 494 2871 Solutionibus,
521 2825 589 2859 hinc
621 2825 691 2859 inde
714 2837 835 2873 propter
859 2828 994 2873 Nuptias
1024 2825 1169 2859 Blanchiae
1197 2828 1277 2860 Filiae

588 2877 693 2921 Regis,
712 2874 875 2920 faciendis.

277 2963 335 2993 OS
355 2965 490 2993 Henricus
500 2984 509 3000 ,
529 2961 589 2992 Dei
604 2959 693 2997 gratia
703 2983 712 2998 ,
731 2962 792 2989 Rex
807 2960 921 2998 Angliae
936 2959 975 2995 ὠ
991 2963 1112 2990 Franciae
1157 2963 1191 2993 &
1211 2961 1276 2993 Do-

262 3043 270 3050 Χ
281 3003 382 3071 ζἷῑιίηυε
403 3000 571 3038 Hiberniae,
591 3007 691 3029 notum
711 2998 831 3030 facimus
853 3000 1022 3038 Universis,
1040 3010 1089 3038 per
1108 2984 1274 3040 i3raesentes‚

241 3051 278 3071 uo

205 3042 322 3110 QCuisi
344 3078 408 3109 alias
435 3075 682 3107 Christianiffimus
703 3079 836 3115 Rupertus
857 3079 1036 3107 Romanorum
1055 3081 1134 3117 Rex,
1165 3078 1276 3118 semper

52 2969 129 3002 Ann.
142 2968 184 3000 D.

78 3018 167 3048 1402.

49 3052 105 3077 ΛΠ.
121 3058 146 3085 3.

50 3092 139 3155 i-:Iraiic
161 3133 187 3160 3.
206 3117 367 3156 Augustus,
384 3117 418 3147 &
439 3117 497 3154 ejus
519 3115 604 3145 Filius
626 3113 737 3145 Illustris
752 3116 916 3145 Ludowicus
937 3120 1028 3146 Comes
1047 3117 1195 3147 Palatinus
1208 3120 1277 3148 Rem¹

52 3168 87 3192 H.
107 3173 136 3199 4.
153 3173 192 3192 m,
209 3159 242 3189 ἃ
255 3156 375 3187 Bavariae
389 3154 477 3193 Dux,
516 3153 665 3183 raedileetae
683 3153 761 3183 Filiae
777 3154 880 3184 nostrae
896 3153 1053 3191 Blanchiae,
1073 3156 1121 3194 ipli
1139 3156 1276 3188 Ludowi—

52 3211 80 3237 7,
207 3206 246 3226 co
261 3193 460 3233 Desponsatae,
508 3191 568 3222 ausa
580 3192 738 3221 donationis
752 3201 865 3230 propter
881 3193 1021 3231 Nuptias,
1036 3194 1156 3225 Dederit
1171 3197 1204 3227 δε
1221 3197 1274 3226 As-

206 3234 356 3271 fignaverit
372 3231 470 3262 Castra
484 3230 634 3267 subscripta
653 3231 806 3268 (videlicet)
825 3232 1052 3270 Germeriheim‚
1071 3233 1274 3273 Newenburg‚

203 3282 238 3304 ac
254 3270 452 3310 Hagheboch,
470 3279 540 3300 cum
554 3269 606 3312 suis
618 3267 737 3311 Opidis‚
757 3268 856 3307 Villis,
881 3269 1069 3309 Theoloniis‚
1089 3282 1122 3304 ac
1144 3273 1202 3304 aliis
1219 3275 1274 3312 Ju-

204 3311 282 3341 ribus
305 3311 338 3341 &
361 3309 521 3339 Attinentiis
543 3310 693 3346 univerlis,
708 3317 742 3337 ac
764 3309 852 3338 etiam
876 3309 906 3338 in
927 3309 987 3340 aliis
1007 3309 1094 3341 Locis
1116 3311 1212 3350 Bona,
1237 3313 1273 3343 ad

202 3349 354 3380 Summam
369 3348 498 3385 Qiatuor
513 3345 630 3376 Milium
648 3345 807 3376 Nobilium
832 3346 947 3384 Angliae
967 3348 1076 3380 insimul
1098 3351 1274 3383 ascendentia

202 3388 376 3424 Annuatim,
390 3396 439 3425 per
453 3384 574 3415 eandem
589 3383 706 3414 levanda
727 3395 760 3415 ac
784 3386 982 3425 percipienda,
1002 3397 1086 3424 prout
1101 3389 1130 3418 in
1155 3389 1274 3429 Litoris,

204 3426 284 3464 super
299 3425 464 3455 Donatione
478 3431 588 3466 propter
612 3422 732 3466 Nuptias
754 3424 794 3460 (ut
817 3423 970 3460 praefertur)
986 3425 1076 3464 farsia,
1095 3425 1186 3465 Regis
1211 3428 1276 3459 Ro-

204 3473 357 3495 manorum
373 3465 406 3494 &
423 3462 575 3492 Ludowici
589 3460 654 3490 Filii
661 3463 706 3504 *lui
721 3461 934 3498 ‹praedic-*torum
957 3464 1114 3503 confeffls,
1134 3476 1167 3497 ac
1189 3467 1275 3498 dictae

205 3503 285 3534 Fili-:e
300 3501 404 3532 nostrae
419 3499 575 3535 concessu,
591 3498 701 3536 plenius
715 3501 895 3539 continetur,

243 3540 381 3578 Cumque
395 3538 480 3577 Nos,
496 3539 525 3568 in
539 3537 648 3567 Dotem
664 3537 744 3575 ipsius
759 3537 836 3568 Filiae
853 3539 958 3570 nostrae
974 3541 1127 3578 praedie'tae,
1147 3543 1196 3580 ipsi
1214 3543 1275 3574 Lu—

205 3580 320 3611 dowico
333 3577 422 3608 danda
436 3575 674 3607 Constituerimus
689 3577 721 3606 ὃ(
738 3575 950 3609 promiserimus
971 3580 1167 3618 Qradraginta
1190 3581 1273 3614 Milia

205 3619 362 3649 Nobilium
377 3616 470 3647 Cunei
488 3615 617 3653 Angliae,
635 3615 664 3644 in
681 3616 762 3646 certis
774 3615 920 3647 Teriizinis
937 3619 965 3647 in
982 3619 1106 3650 Civitate
1123 3618 1277 3658 Metropo-

206 3657 225 3686 li
242 3655 406 3686 Coloniensi
421 3654 571 3691 solvenda,

245 3694 282 3725 Et
297 3705 344 3732 per
367 3693 563 3733 Procuratores
579 3688 702 3735 partium
718 3692 884 3732 ambarum,
902 3695 962 3724 tam
978 3705 1032 3732 pro
1054 3695 1136 3726 Parte
1154 3696 1277 3736 Ruperti

208 3732 411 3763 Romanorum
427 3732 517 3768 Regis
531 3731 564 3762 &
580 3727 645 3760 Filii
660 3729 700 3760 sui
716 3731 871 3761 Ludowici
885 3742 917 3761 ex
933 3734 1006 3771 unffi,
1025 3734 1058 3764 δε
1079 3744 1130 3772 per
1151 3735 1220 3766 Nos
1242 3738 1276 3768 &-

208 3770 307 3800 Filiam
323 3771 447 3801 nostram
461 3778 537 3808 parte
550 3777 585 3801 ex
598 3768 700 3807 alteri,
720 3770 929 3800 concordatum
942 3771 975 3802 sit
984 3794 994 3810 ,

247 3809 340 3846 Quid
358 3832 367 3846 ‚
386 3810 404 3839 si
420 3810 449 3838 in
463 3808 627 3845 Terminis,
644 3807 678 3838 ad
695 3807 873 3839 Solussionem
887 3809 1067 3846 praefatorum
1092 3810 1275 3851 Qadraoin-

205 3854 233 3877 ta
256 3846 375 3876 Milium
397 3847 549 3877 Nobilium
570 3847 722 3885 deputatis,
741 3846 776 3876 N
779 3847 927 3885 egligeritia
949 3848 995 3878 vel
1020 3848 1104 3879 Casus
1127 3839 1276 3889 imprgvifi

207 3885 410 3922 interveniant,
430 3896 462 3915 ac
479 3887 533 3922 ipsa
550 3885 670 3916 Summa
685 3885 880 3924 Qadragium
896 3885 1016 3916 Milium
1039 3887 1198 3921 Nobilium
1221 3901 1276 3929 pro

83 3937 183 3966 *VIII
209 3924 242 3953 &
256 3932 289 3952 ex
311 3923 327 3941 ⁸*
348 3932 424 3959 parte
442 3924 534 3954 nostra
551 3935 609 3955 non
623 3924 790 3962 solveretur,

87 3976 140 4003 ²,3
189 3959 194 3965 ’
245 3960 339 3998 Quid
356 3969 423 3991 tunc
440 3961 519 4004 liceat
536 3963 679 3993 Gentibus
693 3963 774 4002 ipsius
800 3962 891 3999 Regis
906 3963 1108 3996 Romanorum
1130 3966 1166 3997 de
1190 3967 1276 3999 Bonis

109 3996 120 4013 ³
147 3999 153 4005 '
202 3998 366 4031 Castrorum
380 4000 412 4030 ὃς
429 3999 564 4031 Villarum
574 4024 584 4040 ,
601 4001 637 4032 de
653 4002 752 4040 quibus
764 4001 918 4040 praefertur,
937 4003 966 4033 in
982 4002 1130 4036 Solutione
1146 4006 1277 4045 Qatuor

647 102 1456 159 coNVENT10NEQ

1541 109 1947 165 LITERAE,

1300 193 1420 226 Milium
1430 195 1594 241 ,Nobilium
1609 197 1784 238 Annuatim,
1801 199 1965 237 decurtare,
1982 198 2029 230 seu
2052 207 2102 236 per
2126 208 2175 230 eos
2189 196 2309 230 detineri
2330 195 2375 228 vel
2395 195 2472 228 Ann.
2484 195 2527 229 D.

1298 232 1453 277 decurtari,
1471 243 1581 267 tantum
1604 246 1739 276 quantum
1763 239 1852 276 exigit
1873 238 1991 269 Summa
2014 237 2050 268 de
2070 237 2154 269 distis
2178 235 2372 278 Quadraginta
2414 244 2510 273 1402.

1301 271 1424 303 Milibus
1437 273 1593 306 Nobilibus
1608 286 1668 306 non
1680 276 1782 316 soluta,
1803 277 1901 308 habito
1917 277 2044 315 respectu
2067 277 2145 314 quod
2156 299 2165 316 ,
2183 277 2213 307 in
2235 276 2370 307 Recom-
2391 279 2457 303 Heri.
2473 284 2503 310 4.

1301 311 1417 348 pensam
1432 312 1623 353 Qadtaginta
1639 314 1757 346 Milium
1780 316 1955 354 Nobilium,
1970 317 1999 345 in
2022 314 2135 346 Dotem
2152 315 2375 347 constitutorum

1302 349 1351 393 seu·
1364 350 1593 393 Deputatorum,
1611 352 1742 385 Donatio
1757 363 1875 393 propter
1891 354 2014 394 Nuptias
2027 354 2177 385 attendens
2192 355 2226 385 ad
2243 356 2376 393 Qatuor

1302 386 1389 418 Milia
1403 389 1575 422 diminuatur
1590 391 1636 422 seu
1649 393 1811 424 decurtetur
1827 393 2036 431 Annuatirn,ea
2051 393 2273 425 consideratione
2285 392 2378 433 quod,

1303 435 1358 472 pro
1374 426 1488 458 Decem
1505 429 1667 461 Nobilibus
1678 432 1857 470 restantibus,
1875 442 1922 470 per
1937 441 1989 462 nos
2005 431 2162 470 solvendis,
2180 434 2330 463 retineatur
2342 431 2378 461 de

1306 466 1429 496 humma
1450 467 1584 505 Quatuor
1604 468 1725 500 Milium
1748 470 1906 501 Nobilium
1928 469 2036 501 Unum
2066 469 2179 500 Nobsse
2203 471 2379 507 Annuatim,

1305 503 1448 573 quosusque
1461 506 1576 544 praefata
1589 507 1711 539 Summa
1726 509 1925 548 Quadraginta
1941 508 2062 539 Milium
2077 507 2236 538 Nobilium
2258 509 2381 547 plenarie

1306 552 1355 580 per
1366 553 1385 572 0
1396 551 1479 575 vatur
1487 568 1497 583 ,

1345 581 1385 625 'Et
1400 583 1464 626 quia
1481 583 1560 614 bona
1576 584 1631 615 fide
1645 585 1750 616 Literae
1764 586 1966 617 Romanorum
1980 585 2071 625 Regis
2084 585 2117 616 δε
2133 586 2189 624 ejus
2204 584 2268 615 Filii
2283 584 2381 616 Ludo-

1311 622 1391 659 wici,
1406 625 1487 659 super
1500 622 1668 655 Donatione
1683 633 1797 662 propter
1813 624 1936 662 Nuptias
1952 625 2106 663 confertae,
2121 624 2157 654 de
2170 624 2319 655 Solutione
2334 624 2381 654 vel

1307 669 1368 689 non
1382 660 1549 698 Solutionc‚
1568 661 1746 692 Detentione
1761 663 1805 694 vel
1821 663 2039 702 Decurtatione,
2051 664 2087 694 de
2104 664 2205 701 quibus
2224 663 2377 700 premitti-

1308 707 1388 742 mur,
1412 709 1472 729 non
1486 699 1516 730 fit
1532 701 1660 738 mentio,
1683 700 1856 738 praesumpto
1879 702 1959 740 quod
1980 701 2049 732 Nos
2069 702 2116 732 seu
2137 701 2247 732 Gentes
2261 700 2382 739 nostrae,

1307 747 1336 766 in
1357 737 1507 769 Solutione
1523 747 1750 769 memoratorum
1771 740 1966 779 Quadraginta
1992 739 2112 771 Milium
2134 740 2309 778 Nobilium,
2323 750 2385 771 cae-

1308 776 1374 806 teris
1398 777 1522 815 paribus,
1553 778 1589 808 N
1591 779 1741 818 egligentes
1762 780 1808 810 vel
1838 778 1956 809 Defides
1981 780 2114 819 repperiri
2140 789 2201 810 non
2229 778 2384 810 debeamus

1307 824 1363 845 nec
1385 816 1520 855 debeant,

1346 853 1384 884 Et
1403 854 1487 893 ideo,

1344 892 1392 922 Ut
1406 892 1574 924 Intentiores
1589 901 1623 925 ac
1635 893 1832 926 Ferventiores
1853 893 2047 925 Redditur-arii
2066 895 2164 932 pariter
2187 896 2222 926 &
2245 895 2383 926 Factuarii

1308 930 1398 961 nostri
1414 931 1466 962 sint
1480 932 1514 962 ad
1528 933 1692 964 solvendam
1705 934 1858 965 Summam
1878 933 2075 972 Qiadraginta
2090 932 2210 963 Milium
2226 933 2385 964 Nobilium

1307 969 1494 1037 pregdidlatn,
1525 972 1633 1003 bonam
1661 973 1746 1003 etiam
1776 972 1876 1002 Fidem
1903 973 1987 1010 tequii
2021 971 2212 1003 Beneficentia
2244 981 2388 1010 compen-

1319 1017 1352 1037 an
1373 1018 1411 1046 o,

1348 1046 1404 1076 Per
1419 1046 1468 1077 has
1482 1047 1592 1079 nostras
1607 1048 1740 1080 Parentes
1756 1049 1864 1080 Literas
1879 1049 2225 1087 Eligimus,arbitramur‚
2241 1048 2387 1087 volumus,-

1309 1084 1344 1115 &
1366 1086 1525 1123 expressum
1547 1088 1582 1117 ad
1604 1087 1664 1117 hoc
1685 1087 1816 1118 nostrum
1831 1087 2008 1118 Consensum
2022 1088 2058 1117 de
2074 1098 2154 1119 novo
2177 1087 2289 1119 Damus
2304 1089 2386 1126 quod

1313 1124 1355 1161 (ut
1369 1124 1525 1163 praefertur)
1546 1126 1566 1155 ii
1591 1126 1680 1165 (quod
1695 1126 1774 1162 abiit)
1800 1126 1966 1163 Dilatione,
1987 1126 2119 1165 Dcfidn,
2138 1127 2182 1158 vel
2200 1126 2385 1165 quibuscum-

1311 1172 1367 1199 que
1382 1162 1455 1193 Casu
1469 1164 1514 1194 vel
1530 1164 1566 1194 N
1568 1165 1721 1203 egligentia
1736 1165 1885 1200 contingat
1909 1164 1989 1202 quod
2010 1166 2038 1194 in
2065 1165 2230 1206 Terminis,
2249 1166 2284 1196 ad
2299 1165 2386 1196 Solu-

1311 1202 1403 1233 tiones
1417 1202 1609 1245 Qadraginta
1621 1203 1742 1233 Milium
1752 1203 1906 1233 Nobilium
1921 1201 2136 1240 saepedictorum
2148 1203 2218 1235 datis
2231 1205 2264 1236 ὃ(
2279 1204 2389 1236 consti-

1312 1241 1396 1282 tutis,
1412 1241 1469 1278 ipia
1485 1242 1600 1272 Solutio
1615 1242 1737 1279 plenarie
1751 1242 1825 1282 fac‘ta
1840 1252 1899 1271 non
1915 1241 2012 1277 fuerit,
2029 1241 2109 1279 quod
2123 1251 2238 1281 eittunc,
2253 1254 2306 1281 pro
2321 1243 2386 1274 De-

1312 1289 1383 1309 cem
1397 1279 1559 1310 Nobilibus
1573 1280 1792 1318 restantibus,de
1805 1279 1965 1318 Saepedlcsta
1978 1280 2099 1310 Summa
2113 1280 2307 1320 Qadraginta
2322 1280 2387 1311 Mi-

1313 1317 1383 1348 lium
1399 1317 1577 1359 Nobilium,
1596 1319 1750 1351 defalcetur
1774 1319 1932 1350 Annuatim
1955 1328 2044 1348 unum
2064 1317 2193 1357 Nobile,
2220 1328 2303 1358 prout
2322 1319 2388 1350 alias

1312 1365 1363 1394 per
1385 1355 1587 1389 Procuratores
1606 1359 1747 1398 utriusque
1769 1357 1855 1388 Partis
1877 1358 1930 1388 suit
1951 1356 2191 1396 concordatum,
2208 1367 2238 1389 ut
2262 1357 2388 1396 superius

1312 1404 1456 1427 narratum
1470 1396 1529 1433 est3
1552 1396 1629 1427 Non
1642 1395 1819 1428 obstantibus
1833 1396 1939 1427 Literis
1950 1395 2068 1434 Ruperti
2078 1396 2280 1427 Romanorum
2296 1396 2390 1434 Regis

1312 1434 1347 1465 &
1369 1434 1430 1465 Filii
1454 1436 1491 1466 sui
1515 1436 1689 1475 Ludowici‚
1722 1437 1758 1466 de
1778 1437 1813 1467 &
1835 1435 1914 1473 super
1937 1434 2103 1465 Donatione
2123 1442 2239 1473 propter
2261 1435 2390 1473 Nuptias

1312 1473 1472 1512 confeffls,
1489 1475 1524 1506 &
1540 1474 1598 1505 aliis
1612 1485 1673 1506 non
1687 1474 1878 1513 obstantibus,
1897 1475 1928 1504 in
1941 1474 2116 1504 contrarium
2125 1497 2136 1513 ,
2154 1474 2199 1505 vel
2212 1475 2389 1512 exceptioni-

1309 1511 1362 1542 bus
1377 1512 1612 1552 quibuscumque.

1350 1550 1384 1581 In
1403 1561 1527 1590 quorum
1549 1552 1685 1584 omniurn
1705 1551 1922 1583 Testimonium
1939 1551 2022 1589 Nos,
2048 1550 2194 1582 Henricus
2211 1551 2275 1582 Rex
2294 1552 2389 1590 supra-

1311 1590 1473 1621 nominatus
1513 1601 1566 1629 pro
1592 1600 1669 1629 parte
1697 1590 1809 1628 nostra,
1832 1590 1982 1621 Praesentes
2010 1591 2118 1621 Literas
2143 1590 2300 1621 Indentatas
2319 1590 2389 1622 Ma-

1308 1629 1416 1673 jestaris
1431 1614 1536 1662 nostrae
1551 1631 1638 1668 regiae
1652 1629 1767 1668 Sigillo,
1785 1639 1819 1660 ex
1831 1638 1908 1661 certa
1921 1629 2015 1660 nostra
2031 1629 2155 1667 scientia,
2172 1629 2294 1660 fecimus
2306 1639 2391 1661 com-

1312 1677 1427 1698 muniri.

1386 1706 1453 1737 Dat.
1467 1707 1496 1737 in
1513 1706 1624 1737 Palatio
1641 1707 1727 1747 nostro
1747 1706 1855 1751 Wstm.
1872 1706 1990 1738 decimo
2002 1705 2108 1737 oetavo
2122 1705 2167 1737 die
2178 1706 2304 1746 Januarii
2328 1706 2392 1737 An«-

1312 1756 1352 1776 no
1368 1745 1495 1776 Domini
1511 1745 1982 1785 Millelimo‚Qiadringentelimo
1997 1744 2109 1783 Primo,
2124 1745 2281 1776 secundum
2325 1755 2392 1776 om-

1311 1785 1490 1828 putationem
1516 1784 1654 1817 Eccleiiae
1681 1785 1868 1824 Anglicanae,
1892 1784 1993 1822 Regni
2010 1785 2080 1814 vero
2098 1783 2186 1814 nostri
2206 1785 2297 1815 Anno
2316 1785 2394 1816 Ter-

1310 1832 1361 1854 tio.

1631 1957 1679 1989 De
1703 1955 1842 1988 Licentia
1865 1950 2102 1999 Appropriana'i.

1310 2040 1393 2097 RE
1402 2041 1434 2073 X
1448 2041 1602 2090 ‘Omnibus
1611 2064 1621 2079 ,
1636 2040 1673 2072 ad
1687 2050 1774 2081 quos,
1787 2039 1850 2073 διο.
1888 2037 2023 2070 Salutem.
2407 2039 2486 2071 Arm.
2495 2038 2539 2075 D,

1405 2081 1505 2112 Sciatis
1519 2080 1617 2121 quod,
2425 2088 2505 2118 1402

1347 2118 1431 2150 Cum
1447 2119 1615 2158 nuperimie,
2402 2122 2456 2146 An.
2482 2128 2511 2156 3.

1347 2158 1394 2189 Ad
1409 2158 1589 2196 Sedandum,
1603 2156 1837 2195 Pacificandum,
1855 2156 1890 2188 δε
1903 2153 2086 2186 Tollendum
2100 2154 2193 2194 plures
2214 2156 2250 2188 &
2267 2155 2390 2195 grandes
2399 2161 2434 2184 H.
2451 2166 2483 2194 5.

1308 2197 1520 2236 Diffienfiones,
1539 2196 1769 2234 Controverfias,
1789 2196 1823 2227 &
1838 2194 1947 2226 Placita
2397 2199 2457 2224 Par.
2477 2204 2504 2232 3.

1385 2246 1431 2266 uae
1443 2237 1526 2274 inter,
1544 2235 1743 2266 Venerabilem
1759 2235 1886 2272 Patrem,
1902 2217 2060 2277 Jossanrtem
2074 2232 2229 2273 Epifiopum
2242 2232 2389 2273 Eliensem,
2402 2238 2439 2262 H.
2464 2243 2494 2270 4.

1312 2276 1347 2307 &
1402 2275 1538 2312 agistrurn
1553 2274 1713 2313 Johannem
1728 2272 1904 2311 Welbourne,
1926 2271 2174 2304 Archidiaconum
2188 2272 2271 2302 suum
2293 2272 2390 2304 Elien-
2403 2279 2427 2310 p.
2443 2283 2467 2300 i.
2480 2276 2519 2301 m:

1312 2315 1390 2352 sem,
1407 2324 1441 2344 ac
1455 2314 1528 2344 inter
1542 2314 1635 2351 plures
1649 2311 1859 2343 Praecefforum
1872 2311 1907 2342 δε
1921 2309 2164 2342 Praedeceisorum
2180 2311 2294 2342 suorum
2310 2321 2326 2342 a
2340 2312 2390 2342 diu
2410 2312 2440 2342 8.

1312 2354 1481 2391 extiterunt,
1504 2351 1540 2382 de
1560 2352 1593 2383 &
1617 2352 1697 2390 super
1720 2350 1884 2382 Excercitio
1900 2348 2111 2388 JurisdiCtionis
2137 2349 2342 2381 Ecclesiasticae
2363 2351 2395 2380 in

1314 2390 1458 2430 Civitate,
1477 2390 1511 2422 &
1524 2390 1631 2429 Insula,
1648 2400 1682 2420 ac
1699 2389 1765 2420 alibi
1782 2390 1810 2418 in
1825 2387 1962 2418 Dioecese
1977 2387 2098 2424 Elienfi,

1355 2429 1529 2460 Venerabilis
1542 2428 1624 2460 Pater
1638 2426 1860 2466 Archiepistopus
1876 2425 2108 2468 cantuarienfis,
2186 2463 2192 2469 ι

1351 2467 1463 2498 Virtute
1485 2476 1627 2498 certarum
1651 2465 1851 2497 Submiffionis
1872 2466 1906 2497 ὃς
1929 2461 2207 2506 Comprqmiffionis
2228 2464 2258 2494 in
2280 2464 2391 2505 ipsum,

1314 2515 1404 2543 nuper
1418 2507 1448 2536 i'n
1463 2507 1620 2537 visitatione
1635 2505 1679 2549 sua
1696 2505 1805 2546 ibidem
1811 2524 1826 2545 ,¹
1840 2511 1890 2569 pe}
1905 2500 1977 2538 ipsos
1994 2501 2169 2538 Episcopum
2192 2503 2227 2534 ὃς
2243 2502 2393 2535 Archidia-

1315 2544 1545 2612 cogitdiriafluepritr
1552 2540 1858 2623 ἕζηῧὲιὲῗέῗὲξίῗζᾶὲῗὸ
1871 2540 2092 2617 Ρᾍεῗὲξυᾶἶίεῐε
2104 2578 2138 2609 &
2153 2577 2288 2611 Utilitate
2302 2582 2396 2619 cujus-

1317 2619 1389 2650 libet
1404 2619 1529 2649 Partium
1547 2617 1748 2656 praedietirum
1762 2617 1795 2648 ὃ(
1809 2616 2010 2658 Successorum
2026 2616 2157 2655 suorum,
2175 2617 2256 2655 quod
2271 2620 2395 2656 praedic-

1318 2668 1361 2688 tus
1375 2657 1530 2696 Episcopus
1544 2658 1578 2687 &
1601 2666 1701 2687 omnes
1724 2654 1903 2686 Successores
1916 2654 1955 2685 sui
1975 2655 2067 2685 solum
2080 2656 2114 2686 &
2128 2657 2158 2686 in
2173 2657 2293 2688 solidum
2308 2658 2394 2689 habe-

1317 2697 1388 2727 bunt
1404 2705 1492 2727 totam
1504 2695 1735 2734 jurisdictionem
1748 2693 1975 2724 Ecclesiasticarn
1988 2694 2019 2723 in
2038 2693 2118 2724 dieta
2133 2694 2258 2726 Civitate
2280 2695 2396 2736 Elienfi,

1317 2736 1352 2767 ὅ(
1376 2735 1405 2764 in
1429 2735 1512 2765 certis
1533 2734 1743 2772 Decanatibus,
1769 2731 1870 2771 Villis,
1895 2731 2055 2771 parochiis,
2080 2731 2226 2771 Persouis,
2251 2734 2398 2766 Domibus

1318 2773 1488 2812 Religiofis,
1501 2773 1535 2803 &
1549 2773 1608 2802 aliis
1625 2772 1729 2810 Locis,
1745 2770 1816 2801 infra
1829 2770 1939 2801 dietam
1963 2771 2122 2802 Dioecesim
2144 2772 2341 2812 existentibus,
2359 2784 2396 2804 ac

1318 2813 1405 2842 etiam
1421 2820 1528 2842 certam
1540 2808 1774 2850 jurisdictionem
1789 2808 1958 2847 spiritualem
1975 2809 2005 2839 in
2021 2809 2151 2840 Residuo
2165 2811 2310 2842 Dioecefis
2320 2822 2395 2850 prae-

1317 2851 1421 2887 di&ae,
1440 2851 1522 2880 certis
1545 2849 1634 2879 modo
1656 2850 1689 2880 ὃ(
1711 2847 1823 2887 forma,
1848 2848 1879 2878 iii
1902 2847 2094 2879 Ordinatione
2117 2849 2151 2879 &
2174 2848 2318 2888 Decreto,
2344 2859 2395 2888 per

1317 2889 1492 2927 praedk‘lum
1513 2887 1768 2928 Archiepiscopum
1791 2886 1871 2926 super
1892 2887 1969 2925 hoc,
1986 2895 2016 2917 ut
2029 2886 2200 2924 praedictum
2219 2887 2280 2927 est,
2297 2889 2392 2928 saetis,

1317 2928 1426 2966 plenius
1440 2928 1582 2958 contentis
1601 2927 1634 2957 δε
1649 2926 1809 2963 declaratis,

1355 2967 1374 2985 ²*
1394 2965 1432 2996 Et
1457 2966 1536 3004 quod
1556 2965 1706 3003 praediCtus
1727 2963 1903 3002 Episcopus,
1922 2963 1952 2993 in
1976 2962 2287 3001 Recompensationem
2307 2965 2394 3005 Juris—

1317 3004 1467 3043 diffionis,
1486 3014 1570 3042 quam
1584 3003 1642 3041 ipse
1659 3005 1692 3035 &
1708 3002 1890 3034 Successores
1904 3001 1943 3031 sui
1958 3001 2049 3037 solum
2066 3002 2099 3032 &
2115 3003 2144 3032 in
2156 3002 2278 3034 solidum
2293 3005 2330 3035 fic
2344 3005 2393 3036 ha-

1317 3044 1445 3081 bebunt,
1463 3045 1496 3075 &
1511 3042 1545 3072 ad
1560 3042 1663 3073 Finem
1679 3041 1758 3080 quod
1782 3040 1872 3072 Status
1895 3039 2149 3070 Archidiaconatiis
2172 3040 2289 3072 Eliensis
2309 3053 2393 3074 corn-

1318 3091 1417 3120 petens
1431 3089 1588 3119 remaneat,
1605 3080 1807 3118 Appropriabit
1842 3078 1951 3116 Uniet,
1968 3079 2001 3110 &
2015 3078 2157 3110 Anneecet
2180 3080 2320 3118 praedieto
2337 3081 2393 3112 Ar-

1318 3120 1546 3159 chidiaconatui,
1563 3120 1794 3156 imperpetuum,
1813 3102 1974 3161 iicclesiam
1997 3115 2195 3149 Parochialem
2216 3118 2252 3149 de
2272 3118 2394 3151 Haden-

1317 3160 1383 3190 ham
1397 3169 1468 3189 cum
1484 3160 1537 3189 suis
1549 3157 1662 3195 Juribus
1678 3157 1712 3188 δε
1729 3157 1916 3194 pertinentiis,

1355 3198 1434 3236 Qiae
1449 3197 1566 3235 quidem
1580 3194 1703 3226 Ecclefia
1720 3195 1754 3226 &
1770 3193 2028 3225 Archidiaconatus
2041 3193 2076 3224 de
2099 3193 2269 3235 Patronatu,
2287 3196 2389 3228 Advo-

1316 3238 1446 3274 catione,
1464 3236 1497 3266 &
1519 3233 1681 3264 Collatione
1704 3232 1836 3271 praedieti
1858 3232 1994 3271 Episcopi
2017 3233 2104 3263 ambo
2121 3233 2243 3265 existunt
2258 3243 2290 3265 ut
2306 3245 2391 3267 acce-

1337 3284 1408 3304 imus

1314 3286 1333 3313 p
1354 3296 1433 3349 Nos'‚
1451 3311 1487 3342 de
1503 3311 1604 3342 Gratia
1618 3310 1711 3341 nostra
1726 3309 1847 3348 speciali,
1866 3309 1899 3341 ὃς
1914 3319 1948 3341 ex
1962 3318 2038 3342 certa
2052 3309 2165 3342 scientia
2181 3309 2285 3349 nostra,
2305 3310 2392 3343 Con-

1315 3351 1446 3383 ceffimus
1467 3350 1500 3380 &
1525 3350 1689 3381 Licentiam
1709 3348 1868 3387 Dedimus,
1892 3359 1945 3387 pro
1968 3349 2067 3379 Nobis
2089 3350 2122 3379 &
2143 3348 2312 3380 Haeredibus
2334 3361 2389 3381 no-

1318 3390 1395 3427 stris,
1415 3398 1449 3419 ex
1469 3389 1553 3418 cautis
1572 3387 1734 3426 praemiffis,
1772 3396 1886 3418 uantum
1905 3388 1936 3417 in
1954 3387 2053 3418 Nobis
2070 3386 2127 3425 est,
2153 3387 2292 3425 praediclo
2317 3388 2386 3427 Epi-

1315 3429 1404 3466 scopo
1423 3426 1503 3465 quod
1521 3427 1595 3466 ipse,
1618 3426 1653 3457 de
1678 3425 1752 3457 asseri
1767 3437 1784 3456 u
1811 3425 1934 3463 Capituli
1959 3428 2016 3464 sui,
2040 3425 2150 3456 dietam
2175 3424 2332 3457 Ecclesiam
2351 3428 2388 3458 de

1317 3467 1507 3503 Hadenham,
1534 3476 1601 3495 cuni
1620 3466 1673 3495 suis
1694 3465 1809 3504 juribus
1832 3466 1865 3495 ὃς
1886 3465 2056 3502 pertinentiis
2074 3464 2231 3503 praedietis,
2249 3465 2388 3502 praedicto

1317 3505 1569 3536 Archidiaconatui
1585 3504 1794 3543 Appropriare,
1812 3504 1907 3541 unire,
1924 3503 1957 3534 δε
1975 3503 2127 3534 annectere
2146 3502 2229 3540 possit
2246 3504 2388 3542 imperpe-

1317 3552 1398 3575 tuum

1356 3582 1395 3612 Et
1407 3567 1549 3619 'praedieco
1565 3580 1796 3619 Archidiacono,
1813 3581 1861 3618 qui
1874 3590 1950 3611 nunc
1965 3578 2016 3618 est,
2030 3579 2063 3610 ὃ(
2077 3579 2160 3610 dietis
2174 3579 2392 3611 Successoribus

1317 3621 1386 3659 suis,
1404 3619 1482 3658 quod
1503 3619 1558 3656 ipse
1579 3621 1613 3650 &
1634 3629 1735 3650 eorum
1758 3619 1876 3657 quilibet
1889 3616 1993 3656 poffint
2007 3619 2041 3649 &
2057 3617 2141 3661 poffit
2160 3617 2251 3649 dietas
2272 3619 2389 3656 Appro-

1340 3660 1505 3696 nationem,
1525 3658 1694 3696 Unioncm,
1713 3659 1747 3688 ὃς
1761 3658 1962 3688 Annexionem
2001 3657 2052 3693 &,
2073 3656 2184 3687 Virtute
2204 3656 2388 3696 earumdem,

1345 3697 1524 3728 offeffionem
1547 3695 1632 3726 dietae
1652 3696 1788 3727 Ecclesiae
1807 3695 1843 3726 de
1866 3678 1988 3725 Hadenii

2425 2963 2542 2993 *vnn

2409 3011 2477 3040 ²39-

1990 3703 2054 3731 am,
2078 3695 2148 3724 cum
2164 3703 2212 3731 per
2238 3693 2388 3733 Mortem,

1319 3736 1570 3776 Resignationem,
1589 3735 1644 3766 five
1660 3734 1864 3766 Dimiffionem
1884 3732 2020 3762 Rectoris
2035 3732 2156 3775 ejusdem
2170 3730 2322 3771 Ecclesiae,
2340 3737 2389 3771 qui

1318 3785 1396 3805 nunc
1420 3773 1476 3810 est,
1495 3773 1539 3803 seu
1561 3773 1616 3804 alio
1638 3774 1731 3804 modo
1753 3780 1935 3810 quocumque
1954 3777 2113 3813 vacayerit,
2132 3778 2201 3799 curn
2220 3769 2333 3808 juribus
2353 3774 2388 3804 ὃς

1318 3813 1493 3852 pertinentiis
1506 3812 1630 3851 ejusdem
1643 3811 1797 3848 Ecclefiae,
1813 3818 1912 3848 capere
1928 3809 1961 3839 ὃς
1976 3817 2115 3849 recipere,
2131 3807 2232 3837 habere
2245 3810 2279 3840 &
2294 3818 2390 3841 tenere

1317 3853 1378 3890 fibi,
1395 3852 1429 3882 &
1443 3850 1522 3880 dieto
1537 3849 1788 3881 Archidiaconatui
1802 3847 1860 3884 suo,
1876 3847 2047 3890 improprios
2062 3845 2150 3889 Usus,
2168 3847 2388 3888 imperpetuum,

1314 3891 1391 3930 juxta
1403 3889 1528 3919 formam
1546 3889 1579 3919 &
1594 3898 1723 3920 tenorem
1739 3886 2005 3928 Appropriationis,
2020 3883 2164 3922 UnioniS,
2184 3886 2218 3916 &
2242 3886 2389 3918 Annexio-

1318 3930 1359 3960 nis
1382 3927 1597 3965 praedietarum,
1617 3928 1674 3958 sine
1693 3924 1897 3964 impedimento
1920 3922 2008 3953 nostri
2030 3923 2075 3953 vel
2093 3921 2253 3954 Haeredum
2275 3924 2390 3956 nostro-

1320 3977 1384 3999 rum
1400 3974 1655 4005 quorumcumque.
1876 4001 1881 4006 ι

1359 4005 1479 4043 Statuto,
1497 4004 1532 4035 de
1546 4004 1641 4035 Terris
1658 4005 1692 4036 ὃς
1708 4001 1896 4034 Tenementis
1907 3999 1943 4031 ad
1960 4009 2078 4031 manum
2095 3999 2248 4033 Mortuam
2263 4012 2323 4034 non
2340 4012 2392 4040 po-

2330 4047 2403 4072 nen-⁴
