2562 4274
56 226 169 286 31417·
209 220 298 255 ipsum
311 231 373 250 ante
387 221 448 250 liaec
463 230 610 256 tempora,
630 229 730 250 contra
743 220 1056 250 formam-Statutorum
1072 219 1108 248 de
1131 218 1266 249 Liberatis
1302 228 1338 247 vo
1353 218 1491 247 Condut‘lu
1508 215 1641 257 Magistro
1658 217 1820 248 Lodowico
1837 218 1873 247 de

85 267 119 285 m.
138 265 168 292 5.

68 1730 86 1747 θ
106 1729 160 1758 IX.

66 1777 133 1804 47²·

211 99 230 134 s
656 78 1906 144 CONVENTIONE8,·L1TERAE,·

59 178 185 209 Arm-D·
207 191 272 220 nes,
287 180 435 218 Offensas,
455 179 647 218 Misprifiones
660 205 669 218 ,
688 181 880 219 Contemptus
893 204 903 219 ‚
929 182 963 212 &
984 180 1195 218 Impetitiones,
1222 189 1271 224 per
1309 179 1398 209 eodem
1408 178 1468 215 die,
1484 175 1616 218 quafiz'am
1630 180 1746 209 Literas
1761 176 1891 208 Parentes
1921 176 2017 216 raefati'
2031 178 2142 209 Domini
2155 177 2250 217 Regis,
2266 178 2298 208 de
2309 177 2369 217 sal·
2386 174 2463 207 Ann.
2478 176 2521 209 D.

1917 217 2055 248 leremont
2075 228 2108 246 ac
2131 216 2290 248 Willielmo
2310 216 2368 248 Ca-

2413 223 2500 255 1417.

210 258 376 289 pannorum
396 260 429 288 ὃ(
452 257 654 295 Capiciorum,
670 258 759 288 fictos
782 258 838 288 five
857 267 1045 301 perpetratos,
1063 256 1138 286 unde
1151 256 1268 287 Punitio
1304 255 1364 286 dier
1378 254 1473 293 facias
1488 266 1520 284 ac
1538 256 1648 294 diversa
1662 258 1785 294 Brevia,
1802 259 1834 285 in
1842 256 1987 294 praesentia
2006 256 2144 294 Johannis
2163 254 2280 286 Pelham
2300 255 2367 285 Chi·
2388 259 2452 283 Hen.
2471 264 2502 291 50

208 297 318 327 caderet
341 298 370 326 in
393 296 512 333 Finem,
528 296 560 326 ὃς
580 295 845 335 Redemptionem,
862 305 908 327 aut
930 306 959 325 in
982 296 1044 326 alias
1058 295 1162 325 Poenas
1178 295 1270 325 Pecu-

207 336 319 372 niarias,
345 335 389 365 seu
412 333 677 372 Impriioiiamenta,
701 335 813 366 Statutis
835 335 974 372 praedietis
995 343 1055 364 non
1074 333 1266 364 obstantibus:

208 373 249 404 Ita
273 382 367 403 tamen
391 373 470 409 quod
492 372 636 410 praesentes
649 373 819 404 Pardonatio
835 375 867 404 ὅτ
884 373 1030 403 Relaxatio
1046 381 1106 401 non
1120 371 1220 402 cedant
1240 372 1269 401 in

207 411 419 450 praejudicium,
437 411 611 449 dampnum,
628 411 673 441 vel
687 413 900 451 derogationem
914 412 1026 449 alicujus
1048 410 1157 440 alterius
1176 410 1271 448 perso-

208 460 271 486 ηπ,
291 451 378 487 quam
390 448 493 479 nosti-fe
508 449 660 480 dumtaxat.

242 486 280 518 Et
295 488 424 526 insuper,
440 498 474 518 ex
487 498 569 518 mero
582 497 663 518 motu
679 487 779 519 nostro
789 512 797 526 ,
816 488 856 518 ob
871 488 1056 518 reverentiam
1071 485 1148 524 Dei,
1162 486 1195 517 &
1211 484 1271 516 Ca-

207 527 292 557 ritatis
316 528 433 563 intuitu,
452 525 724 557 Pinnomviiius
742 527 834 557 eidem
845 526 972 566 Epistopo
989 525 1104 556 Sefflzm
1120 525 1201 555 Pacis
1216 534 1271 554 no-

209 560 291 601 strae,
307 575 372 602 quie
386 563 420 595 ad
435 565 502 595 Nos
519 566 609 596 versus
624 565 713 603 ipsum
736 567 874 603 pertinet,
893 574 944 603 pro
967 563 1145 594 omnimodis
1168 563 1270 593 Prodi-

209 604 352 642 tionibus,
375 603 517 641 Murdris,
538 604 677 642 Raptibus
702 603 876 640 Mulierum,
898 603 1130 639 Rebellionibus,
1148 601 1270 631 Insutre-

209 642 370 680 &ionibus,
389 642 530 679 Feloniis,
550 642 828 680 Conspirationibus,
847 652 878 672 ac
899 642 954 672 aliis
977 639 1270 679 Transgreffionibu83

210 680 349 719 Offenfis,
375 677 584 720 Negligentiis,
608 681 836 718 Extorsionibus,
863 679 1111 718 Misprisionibus,
1134 678 1272 716 Ignoran-

207 720 270 757 tiis,
288 719 526 758 Contemptibus,
546 719 791 757 Concelamentis,
809 721 843 750 ὅ(
858 718 1104 756 Deceptionibus,
1117 727 1166 755 per
1179 716 1269 755 ipsum

208 765 274 788 ante
290 759 354 789 haec
366 767 495 796 tempora
508 759 748 796 qualitercumque
763 758 842 789 saffis
857 757 913 788 five
927 758 1106 796 perpetratis,
1125 756 1202 787 unde
1223 755 1271 786 In-

209 796 347 835 dictatus,
364 797 515 834 Rectatus,
534 797 579 827 vel
595 797 758 835 Appellatus
776 795 884 835 existit,
902 806 935 826 ac
956 797 1040 826 etiam
1059 794 1234 834 Utiagarias,
1252 795 1271 824 si

210 844 276 873 quae
289 836 320 866 in
336 835 424 874 ipsum
438 836 490 866 hiis
502 835 695 866 occafionibus
708 836 810 866 fuerint
823 835 1025 873 promulgatae,
1043 835 1077 864 ὃς
1091 832 1273 874 firmam-Pa—

210 883 278 904 cem
307 873 433 904 nostram
460 874 486 903 ei
509 873 573 904 inde
592 873 817 910 Concedimus;
847 873 1015 903 dumtamen
1035 872 1111 902 idern
1135 868 1273 910 Episcopus

209 911 417 943 Controfadmr
443 911 570 942 Misterae
592 912 725 942 Monetae
739 935 749 949 ,
773 912 806 943 &
828 910 951 947 Cunagii
974 910 1180 946 Multiplicator
1197 933 1206 945 .,
1238 911 1271 940 &

210 950 306 981 Lotoi·
322 951 390 982 Auri
402 952 436 982 &
452 950 572 987 Argenti
585 960 654 980 cum
670 949 776 981 Cuneo
797 949 898 979 nostro
920 948 1115 985 Cunatorum,
1133 949 1167 978 &
1185 948 1273 978 Ton-

209 989 255 1020 sor
269 989 399 1019 Monet-:e
413 989 533 1026 nostrae,
553 988 695 1019 Probator
713 988 877 1018 communis
896 988 928 1018 &
951 987 1095 1024 notorius,
1116 985 1204 1016 Latro
1226 987 1272 1016 seu

212 1027 284 1058 Felo
304 1029 352 1065 qui
373 1027 588 1064 Abjurationem
607 1027 728 1064 fecerat,
743 1036 803 1056 non
824 1024 938 1063 existat,
958 1027 994 1055 ita
1009 1034 1102 1055 tamen
1118 1024 1199 1063 quod
1221 1025 1274 1056 stet

245 1066 323 1096 eiius
338 1066 366 1095 in
381 1065 469 1096 Curia
484 1065 594 1103 nostra,
613 1065 632 1095 fi
644 1066 706 1103 quis
720 1064 812 1096 versus
828 1074 896 1096 eum
912 1064 992 1103 loqui
1009 1064 1129 1095 voluerit
1144 1063 1181 1094 de
1197 1062 1275 1094 Prae-

212 1103 300 1134 missis
309 1127 318 1142 ,
336 1103 381 1134 vel
395 1104 488 1142 aliquo
502 1103 725 1134 Praemifforum.

247 1142 285 1172 Et
300 1143 427 1180 ulterius,
446 1142 482 1172 de
496 1143 620 1172 uberiori
634 1141 736 1173 Gratia
747 1140 859 1178 nostra,
874 1140 1149 1172 Pinnonsvmus
1164 1139 1197 1171 δε
1210 1139 1277 1171 RE-

212 1188 404 1212 LAXAVIMUS
426 1181 519 1211 eidem
544 1181 667 1221 Episcopo
691 1180 864 1211 omnimoda
876 1180 989 1218 Escapia
1008 1181 1148 1210 Felonum
1162 1182 1194 1211 &
1210 1178 1278 1210 Cle-

213 1221 340 1250 ricomm
363 1218 578 1255 Convidtorum
602 1220 816 1257 Attindmruin,
833 1218 938 1249 Catalla
961 1218 1101 1249 Felonum
1121 1219 1154 1249 &
1169 1218 1278 1255 Fugiti-

216 1268 341 1297 vorum,
361 1258 467 1288 Catalla
486 1257 690 1297 Utlagatorum
711 1259 744 1289 &
760 1256 902 1288 Felonum
915 1258 952 1288 de
966 1257 1005 1296 se,
1027 1256 1200 1295 Deodanda,
1221 1257 1278 1287 Va-

215 1295 272 1334 sta,
298 1295 488 1334 Impetiones,
506 1307 539 1327 ac
561 1296 750 1327 omnimodos
776 1297 917 1327 Articulos
938 1295 1064 1334 Itineris,
1096 1294 1276 1326 Destrudtio-

214 1344 264 1365 nes
278 1337 311 1367 &
326 1335 570 1374 Transgreffiones
583 1336 619 1365 de
633 1335 724 1365 Viridi
738 1335 783 1366 vel
806 1334 980 1372 Venatione,
999 1334 1200 1364 Venditionem
1220 1333 1278 1364 Bo-

213 1374 344 1412 scorum,
363 1374 435 1405 infra
455 1373 583 1404 Forestas
605 1375 639 1405 ὅ(
659 1383 750 1412 extra,
770 1375 804 1405 ὃ(
825 1374 939 1403 aliarum
962 1382 1057 1403 rerum
1074 1382 1279 1410 quarumcum—

212 1422 284 1450 que,
302 1423 367 1444 ante
381 1413 443 1444 haec
457 1421 587 1451 tempora
601 1413 673 1443 infra
697 1412 832 1452 Regnum
854 1411 985 1442 nostrum
1004 1412 1116 1450 Angliae
1135 1411 1168 1442 &
1191 1421 1279 1448 partes

214 1450 329 1482 Walliae
347 1451 451 1482 emersa
473 1453 505 1483 δε
527 1460 646 1488 eventa,
664 1451 740 1481 unde
760 1451 876 1480 Punitio
898 1450 1009 1481 caderet
1029 1452 1057 1480 in
1075 1449 1279 1488 Demandum‚

215 1488 377 1528 Debitum,
396 1489 440 1520 seu
461 1491 489 1519 in
511 1490 612 1520 Finem
635 1490 668 1520 ὃς
692 1489 955 1527 Redemptionem,
973 1496 1019 1519 aut
1040 1490 1067 1518 in
1088 1489 1152 1519 alias
1175 1488 1280 1519 Poenas

215 1526 408 1565 Pecuniatias,
433 1528 477 1558 seu
497 1529 525 1558 in
550 1527 767 1558 Forisfacturam
788 1526 937 1557 Bonorum
956 1527 989 1558 &
1009 1526 1184 1557 Catallorum
1199 1551 1208 1566 ‚
1232 1536 1279 1558 aut

214 1565 465 1605 Imprisonamenta
486 1566 530 1596 seu
552 1566 784 1597 Amerciamenra
803 1564 1054 1597 Communitatum
1069 1590 1079 1603 ,
1117 1565 1254 1597 Villarum
1270 1589 1279 1604 ,

215 1606 262 1636 vel
276 1605 454 1642 singularium
466 1603 669 1643 Personarum,
687 1606 732 1635 vel
748 1606 776 1634 in
798 1603 1006 1635 Onerationem
1028 1605 1199 1635 Liberorum
1219 1605 1281 1635 Te-

215 1645 346 1675 nentium
364 1653 483 1680 eorum,
502 1644 550 1679 qui
575 1653 720 1682 nunquam
735 1643 908 1681 Transgreffi
923 1643 1042 1683 fuerint,
1060 1652 1090 1674 ut
1105 1642 1282 1681 Haeredum,

216 1682 427 1720 Executorum,
445 1682 491 1712 vel
512 1682 614 1712 Terrae
633 1682 810 1719 tenentium,
828 1681 1032 1720 Escaetorum,
1051 1681 1284 1721 vicecomitum,

218 1720 449 1757 Coronatorum,
465 1721 498 1751 &
512 1721 630 1750 aliorum
645 1719 819 1758 hujusmodi,
837 1722 870 1752 δε
885 1730 975 1751 omne
986 1720 1015 1751 id
1030 1720 1108 1760 quod
1121 1720 1156 1750 ad
1171 1721 1190 1740 ³*
1212 1720 1280 1751 Nos

217 1759 308 1791 versus
328 1758 416 1797 ipsum
439 1760 575 1797 pertinere
597 1758 681 1796 poffit
695 1768 729 1789 ex
744 1759 829 1789 musis
844 1759 1022 1797 supradiffis3
1040 1769 1073 1790 ac
1085 1760 1170 1789 etiam
1185 1760 1283 1789 omni-

217 1799 318 1829 modas
333 1798 529 1836 Donationes,
548 1797 755 1836 Alienationes,
770 1798 804 1828 &
819 1797 1047 1836 Perquiiitiones,
1066 1807 1115 1835 per
1131 1797 1220 1835 ipsum
1244 1797 1281 1828 de

215 1837 314 1868 Terris
329 1837 363 1868 &
377 1837 583 1874 Tenementis,
595 1836 631 1866 de
646 1835 744 1867 Nobis
758 1836 804 1866 vel
817 1835 1047 1875 progenitoribus
1062 1835 1283 1876 nostris‚quon-

214 1875 282 1907 darn
298 1875 425 1915 Regibus
441 1874 570 1914 Angliae,
587 1875 618 1905 in
633 1874 737 1915 Capite
751 1875 850 1913 tentis,
868 1885 901 1906 ac
922 1876 1006 1906 etiam
1027 1875 1220 1914 Donadones,
1239 1875 1282 1906 A-

214 1914 397 1952 lienationes,
414 1915 448 1944 &
461 1913 679 1951 Perquisitiones
693 1913 728 1944 ad
743 1911 867 1944 Manum
891 1913 1059 1952 Mortuam,
1074 1914 1161 1945 faCtas
1179 1914 1212 1945 &
1233 1914 1283 1945 ha-

215 1953 286 1984 bitas
299 1953 402 1991 absque
418 1953 566 1991 Licentia,
578 1962 694 1983 necnon
705 1952 891 1983 omnimodos
905 1952 1074 1984 Intrusiones
1090 1953 1123 1984 &
1138 1952 1283 1991 Ingressus

215 2001 266 2030 per
280 1992 369 2031 ipsum
384 1993 413 2022 in
428 1990 634 2022 Haereditatem
648 1991 743 2029 suam,
760 1991 788 2021 in
804 2000 881 2030 parte
897 1991 942 2022 vel
964 1992 993 2022 in
1013 1999 1092 2029 tot0,
1109 1990 1174 2029 post
1195 1991 1283 2022 Mor-

216 2038 278 2062 tem
301 2029 521 2062 Antecessorum
542 2030 673 2069 suorum,
698 2029 802 2067 absque
820 2029 914 2060 debita
935 2029 1139 2061 Prosecutione
1159 2030 1282 2067 ejusdem

215 2078 292 2101 extra
307 2079 424 2100 manum
442 2068 565 2108 Regiam
581 2069 686 2108 factos,
705 2068 760 2099 una
773 2077 841 2100 cum
857 2067 987 2100 Exitibus
1001 2068 1035 2100 ὃς
1055 2068 1195 2100 Proficuis
1215 2069 1282 2101 inde

215 2107 314 2140 medio
326 2116 457 2146 tempore
474 2109 620 2147 perceptis.

254 2146 300 2178 Ac
325 2148 409 2178 etiam
430 2146 705 2178 PARnoNAviMiis
720 2145 753 2179 &
769 2146 1014 2179 RELAxavfflus
1027 2147 1146 2186 praesato
1159 2149 1186 2177 E
1204 2147 1281 2188 {sc'opo

214 2186 402 2216 omnimodos
427 2185 509 2216 Fines
523 2186 708 2226 adjudicatos,
727 2186 975 2224 Amerciamenta,
994 2186 1090 2218 Exitus
1109 2187 1176 2218 foris
1205 2187 1283 2226 ἂοε,

217 2224 356 2263 Relevia,
382 2224 529 2263 Scutagia,
554 2235 587 2256 ac
606 2225 778 2256 omnimoda
799 2225 922 2264 Debita,
948 2225 1112 2264 Compota,
1138 2225 1283 2264 Praestita,

215 2261 363 2302 Arreragia
383 2263 539 2294 Firmarum
560 2263 594 2294 &
614 2263 832 2302 Compotorum
849 2287 858 2302 ‚
882 2265 965 2296 nobis
986 2273 1050 2296 ante
1070 2265 1133 2295 haec
1154 2273 1283 2303 tempora

215 2302 461 2340 qualitercumque
470 2302 563 2333 debita
577 2303 609 2334 δε
625 2303 791 2340 pertinentia
809 2302 953 2341 (Decimis
974 2301 1160 2342 Episcopatus
1181 2303 1284 2342 praedi-

217 2341 276 2378 ἃί,
295 2341 377 2371 nobis
398 2351 445 2379 per
465 2341 615 2381 praefatum
634 2341 728 2381 Episco
744 2352 789 2370 um
813 2341 848 2372 ad
870 2342 987 2380 praesens
1007 2342 1127 2381 debitis,
1151 2341 1284 2374 duntaxat

217 2380 353 2417 exceptis)
375 2389 490 2410 necnon
509 2379 689 2410 omnimodas
739 2380 849 2411 &iones
869 2382 903 2412 &
927 2380 1092 2412 Demandas
1127 2391 1193 2419 quas
1214 2380 1283 2412 Nos

218 2417 291 2448 solus
312 2417 403 2448 versus
423 2418 513 2456 ipsum
528 2443 538 2456 ,
561 2418 607 2449 vel
627 2417 696 2449 Nos
715 2419 895 2456 conjunctim
918 2429 987 2451 cum
1012 2421 1069 2450 aliis
1091 2405 1219 2450 Personis
1237 2421 1284 2451 seu

219 2454 360 2493 Persona,
379 2456 515 2487 habemus
535 2457 580 2487 seu
600 2456 704 2487 habere
725 2459 895 2496 poterimus,
918 2467 951 2488 ac
970 2459 1054 2488 etiam
1075 2457 1232 2498 Utlagarias
1253 2460 1283 2489 in

219 2493 310 2531 ipsum
325 2495 512 2534 promulgatas
526 2505 579 2533 pro
593 2495 682 2532 aliqua
696 2495 840 2526 causarum
856 2496 1081 2533 supradictarum.

258 2530 313 2569 Et,
332 2533 458 2575 insuper,
477 2532 748 2564 Pannouavmus
763 2535 795 2564 ὅ(
809 2533 1056 2565 ΚειΛκΑνῙΜυς
1071 2533 1166 2564 eidem
1181 2537 1286 2565 Henri-

219 2580 248 2599 ω
262 2570 580 2613 omnimodasbPoenaS,
599 2580 662 2601 ante
675 2572 738 2602 haec
759 2580 885 2610 tempora
908 2572 1074 2603 Forisfactas
1093 2582 1191 2603 coram
1215 2573 1285 2604 No-

220 2607 323 2652 bl⁵.se⁰
340 2607 476 2639 Concilio
489 2609 605 2646 nostro,
623 2608 817 2648 Cancellario,
836 2610 1038 2647 Thesaurario,
1054 2611 1099 2641 seu
1121 2611 1216 2650 aliquo
1231 2611 1285 2650 Ju-

219 2645 328 2678 dicium
342 2646 520 2684 nostrorum,
541 2658 592 2685 pro
606 2647 695 2685 aliqua
711 2647 817 2686 Causa,
835 2650 868 2680 &
882 2659 984 2679 omnes
1005 2649 1067 2680 alias
1086 2648 1207 2686 Poenas,
1225 2659 1285 2680 tarn

222 2684 320 2716 Nobis
341 2685 426 2722 quani
447 2685 589 2716 carissimo
612 2684 685 2716 Patri
708 2686 805 2715 nostro
828 2687 982 2725 defund’to,
1000 2697 1053 2725 pro
1066 2687 1156 2725 aliqua
1178 2687 1287 2727 Causa,

222 2732 288 2754 ante
300 2723 362 2753 haec
377 2733 507 2761 tempora
521 2724 641 2754 similiter
658 2724 826 2762 forisfaetas,
843 2725 875 2755 ὃ(
890 2725 924 2754 ad
945 2735 1017 2763 opus
1039 2725 1169 2756 nostrum
1190 2727 1287 2757 levan-

223 2762 288 2799 das;
307 2771 340 2792 ac
356 2763 439 2792 etiam
452 2763 633 2792 omnimodas
649 2762 814 2793 Securitates
830 2762 926 2801 Pacis,
944 2773 1008 2794 :inte
1021 2765 1084 2794 haec
1104 2773 1232 2802 tempora
1253 2766 1287 2795 si-

224 2800 328 2831 militer
351 2800 534 2839 Forisfa6ta53
564 2802 601 2832 ita
620 2800 699 2838 quod
722 2802 838 2837 praesens
859 2801 1031 2832 Pardonatio
1051 2802 1145 2833 nostra
1158 2827 1168 2841 ,
1192 2804 1287 2841 quoad

223 2838 389 2877 Praemiffa,
408 2839 452 2869 seu
468 2839 581 2877 aliquod
604 2839 835 2877 Praemissorum,
863 2850 923 2870 non
943 2841 1024 2871 cedat
1046 2842 1076 2871 in
1097 2840 1287 2881 Dampnum,

224 2876 441 2915 Praeiudiciuni,
460 2878 503 2907 vel
521 2877 747 2916 Derogationem
764 2877 878 2917 alicujus
902 2879 1011 2910 alterius
1033 2879 1182 2918 Personae,
1202 2890 1287 2919 quam

224 2914 355 2947 Personis
371 2915 475 2946 nostre
491 2916 643 2947 dumtaxat.

262 2955 388 3023 1Πὲἓίῗὲ
395 2954 483 3032 Ἠδέἑέ
495 2992 568 3030 apud
583 2992 733 3031 Porchestre
747 2994 883 3026 vicesimo
898 2997 981 3027 tertio
993 2995 1039 3027 die
1046 2995 1131 3036 Julii:

725 3083 779 3111 Per
800 3083 893 3112 Breve
907 3083 939 3113 de
953 3085 1073 3113 Privato
1086 3082 1183 3120 Sigillo.

415 3226 509 3268 Super
530 3220 719 3256 Liberalione
736 3226 851 3270 Magni
866 3225 967 3271 sigilli
984 3228 1096 3260 Aurei.

83 3318 161 3349 Arm
172 3314 215 3346 D,
233 3304 308 3365 M
316 3305 341 3335 E
350 3314 375 3335 M
386 3316 406 3335 0
414 3315 437 3337 R
448 3316 467 3336 A
479 3316 501 3337 N
512 3316 563 3338 Du
572 3316 603 3352 μ
612 3308 699 3348 quod,
715 3307 836 3347 vicefimo
851 3311 931 3338 tertio
945 3310 987 3339 die
1000 3309 1093 3348 Julii,
1111 3313 1197 3341 Anno
1219 3313 1288 3349 Reg-

105 3364 192 3393 1417.

84 3397 137 3423 An.
156 3404 181 3428 5.

87 3437 120 3460 H.
141 3441 169 3467 5.

326 3348 355 3373 ni
373 3348 466 3382 Regis,
485 3346 605 3376 Henrici
629 3346 749 3384 Quinti,
767 3346 893 3386 Quinto,
909 3348 1072 3377 Venerabilis
1087 3350 1188 3387 Pater,
1207 3350 1290 3380 Hen-

232 3383 305 3413 ricus
326 3382 481 3426 Episcopus
503 3384 724 3423 &VintoniensiQ
742 3393 806 3414 tunc
826 3385 1006 3415 Cancellarius
1022 3386 1152 3426 Angliae,
1171 3389 1291 3418 Libera-

234 3425 280 3450 vit
293 3421 374 3450 eidem
389 3420 524 3451 Domino
535 3421 613 3458 Regi
628 3427 762 3460 Magnum
775 3423 896 3461 Sigillum
913 3422 988 3462 [imm
1009 3429 1153 3464 Aureum,
1171 3430 1200 3455 in
1220 3428 1292 3466 qud-

86 3470 172 3506 Clmf
192 3479 219 3504 5·
232 3460 295 3489 dam
317 3460 397 3496 Bagai
420 3460 452 3488 a'e
466 3463 559 3499 Corio,
575 3460 628 3499 fi‘b
648 3461 737 3499 sigillo
749 3462 823 3502 ipfius
837 3462 969 3501 Episcopi
981 3464 1150 3502 confignatd,
1169 3468 1199 3494 in
1220 3465 1292 3504 qui-

89 3512 124 3535 H.

140 3518 165 3543 5·
182 3518 218 3534 n„
232 3499 295 3527 dam
316 3497 425 3534 Capella*
448 3497 536 3527 beatae
558 3503 678 3537 filariae,
690 3501 773 3538 supra
797 3503 909 3530 Portam
928 3500 1080 3540 infl‘riorem
1095 3504 1237 3532 Priorattis
1258 3504 1290 3533 de

94 3555 136 3581 15-
156 3547 219 3582 ders-
231 3536 365 3576 Suthvsyk
378 3560 387 3574 ,
404 3538 494 3574 juxta
517 3538 699 3575 Portchestre,
724 3542 797 3567 inter
818 3540 963 3568 Secundam
985 3540 1024 3575 &
1042 3544 1163 3570 Tertiam
1184 3544 1290 3571 Horam

227 3574 285 3613 post
295 3577 406 3604 Nonam
419 3578 451 3604 in
460 3574 605 3613 praefi’ntia
615 3599 623 3612 ,
640 3576 836 3605 Venerabilium
849 3579 981 3616 Patrum,
1001 3578 1122 3610 Henrici
1139 3581 1290 3617 Archiepi-

233 3613 309 3648 scopi
324 3612 546 3650 Cantuarienlis,
563 3613 601 3648 ὠ»
618 3613 747 3644 Thomu:
762 3615 894 3652 Episcopi
916 3616 1137 3655 Dunolmenlis,
1157 3617 1291 3648 Humfri-

234 3651 262 3680 di
284 3651 373 3682 Ducis
398 3651 605 3689 Gloucestriae,
629 3652 748 3682 Henrici
770 3653 832 3682 Fitz
855 3653 941 3690 Hugh
964 3655 1094 3685 Chivaler
1116 3656 1291 3695 Thesaurarii

234 3689 516 3728 Angl1'ae‚Joliannis
535 3690 571 3720 de
591 3690 746 3727 Arundell,
764 3690 887 3721 Domini
908 3692 943 3721 de
961 3692 1153 3732 Mauriaveis,
1171 3695 1291 3725 Walteri

235 3726 421 3765 Hun'gerford
442 3728 574 3758 chivaler
594 3728 732 3766 Senesialli
753 3727 870 3767 Hospitii
893 3732 1001 3759 Domini
1017 3734 1094 3769 Regis
1110 3732 1147 3766 (ἐν
1167 3733 1292 3763 Simonis

235 3764 401 3796 Gazzwtede
419 3765 536 3806 Custodis
555 3766 714 3796 Rutulorum
735 3767 909 3796 Cancellariae
926 3770 1051 3806 praedieli
1070 3774 1181 3801 Domini
1194 3773 1290 3810 Regis,

237 3802 276 3836 ὠ
292 3804 404 3834 aliorum
415 3806 511 3834 ibidem
521 3806 707 3845 praeftntium:

274 3845 320 3869 Ac
341 3844 408 3871 idem
432 3843 576 3873 Dominus
597 3844 661 3874 Rex
681 3842 801 3882 Sigillum
817 3844 994 3882 praedic‘i'um,
1012 3848 1041 3874 in
1063 3846 1143 3883 Baga
1169 3846 1235 3885 illd,
1261 3854 1294 3877 ut

230 3879 390 3922 Jfra’di'ffffum
409 3880 444 3919 pst
461 3905 469 3919 ‚
495 3882 666 3921 consignatd,
685 3881 806 3921 praefato
827 3881 968 3920 Episcopo
989 3883 1179 3915 Dunolmenii
1197 3886 1294 3915 ibidem

236 3921 411 3946 incontinenti
425 3919 571 3949 liberavit:

277 3955 318 3981 Et
327 3954 406 3992 saper
417 3956 462 3985 hoc
477 3958 544 3986 idem
558 3958 712 3996 Episcopus
729 3958 949 3993 Dunolmenfis,
969 3969 1023 3988 rece
1040 3968 1067 3989 to
1089 3961 1179 3998 Sigillo
1195 3962 1295 3999 praedi-

237 3992 296 4029 elo,
314 3994 383 4022 idem
405 3995 523 4031 Sigillum
541 3996 621 4036 usque
641 3997 774 4034 lVykham
784 3998 876 4038 ficum
895 3998 926 4027 de
943 4002 995 4028 erra·
1006 3968 1094 4037 fici&
1122 3999 1160 4035 &⁴
1183 4001 1296 4039 ibidem,

1307 293 1407 331 valer,
1427 291 1556 330 Magistri
1572 292 1689 324 Ricardi
1709 293 1821 324 Holme
1842 293 1952 332 clerici,
1965 294 2104 333 Johannis
2123 293 2272 334 Thoralby
2292 297 2370 324 unius

1307 331 1468 361 clericorum
1482 331 1656 361 Cancellariae
1665 333 1821 370 praedictae,
1841 332 1880 367 ό»
1893 332 2024 363 Thomae
2035 332 2152 371 Haselay
2164 337 2243 363 unius
2257 331 2371 363 Clerico—

1308 381 1368 399 rum
1382 373 1490 399 Coronae
1504 367 1619 408 ejusdem
1627 369 1822 408 Cancellariae,
1840 381 1871 400 ac
1893 369 2024 409 aliorum,
2036 369 2190 410 figillavit5
2212 369 2250 407 ὠ·
2265 371 2324 412 stc,
2339 371 2371 401 de

1309 409 1351 438 die
1365 411 1396 438 in
1407 408 1493 446 diem,
1508 408 1616 448 quando
1630 415 1692 446 tipus
1703 407 1760 446 fuit
1777 408 1816 444 ὠ·
1828 407 1934 448 neceffi‘.

1441 550 1535 595 Super
1549 545 1794 582 conventionibus
1807 560 1877 583 cum
1893 551 2028 585 Domina
2048 552 2238 585 Armeniaci.

1312 645 1430 702 REX
1445 645 1598 684 omnibus,
1615 644 1649 676 ad
1665 656 1754 684 quos,
1769 646 1830 678 &c.
1849 646 1984 680 Salu'tem.

2389 649 2467 681 Ann.
2476 640 2522 683 D:

1407 684 1487 715 Cum
1502 687 1590 722 inter,
1609 685 1735 716 inclitam
1751 685 1784 716 ὅ(
1798 686 1996 718 honorabilem
2009 686 2188 727 Dominam,
2202 686 2367 719 Dominam
2409 697 2498 728 1417.

1307 719 1473 759 Johannam
1495 726 1672 762 Armeniaci,
1689 726 1836 753 Dominam
1859 724 1891 754 de
1913 725 2067 764 Lesparra,
2085 736 2119 757 ex
2136 736 2211 764 parte
2226 736 2299 764 una,
2316 727 2369 763 &,
2387 731 2440 756 An.
2454 737 2487 765 5.

1310 761 1446 793 dilectum
1462 763 1495 794 ὅ(
1508 762 1619 793 fidelem
1634 761 1782 800 nostrum,
1800 762 1982 793 Willielmum
1996 763 2116 802 Cbfford
2127 765 2268 803 Militem,
2284 764 2368 795 Con·
2389 771 2424 794 H.
2443 777 2472 803 5.

1310 798 1491 832 stabularium
1504 800 1635 831 nostrum
1658 800 1840 837 Burdegalae,
1858 811 1911 841 pro
1932 801 2030 832 Nobis
2049 803 2082 833 &
2101 802 2235 834 Nomine
2251 802 2370 841 nostro,
2392 807 2456 842 Vasc.
2473 814 2502 840 5.

1309 848 1387 877 parte
1399 849 1432 870 ex
1445 840 1544 877 altera,
1562 839 1731 870 Tractatum
1744 839 1793 876 sit,
1811 839 2030 871 Concordatum
2045 842 2079 872 ὃ(
2094 839 2287 880 Conclusurn,

1348 878 1367 897 ²*
1387 878 1482 917 de
1496 878 1608 916 praefata
1622 877 1741 908 Nobilis
1757 877 1887 910 Domina
1906 878 2004 909 Nobis
2025 880 2059 911 &
2078 877 2114 909 ad
2136 879 2216 909 usum
2237 879 2369 910 nostrum
2388 848 2505 910 ἵζ’-’ω’

1310 925 1478 954 perpetuum
1499 915 1593 948 Cedet
1613 917 1646 947 &
1671 916 1824 961 Dimittet‚
1842 918 1876 950 &
1899 918 1931 948 in
1951 917 2065 962 Nos&
2080 916 2234 962 Personam
2244 917 2372 961 nostram
2393 922 2407 937 ⁶
2428 921 2483 949 IX.

1310 954 1490 992 Transferet,
1515 965 1604 985 omne
1621 954 1690 993 jus,
1705 955 1858 994 Titulum,
1873 955 2047 987 Dominium
2071 957 2213 986 dimdium
2238 956 2272 987 &
2291 957 2374 995 utile,
2392 969 2426 996 47
2432 969 2458 996 3.

1310 1002 1344 1022 ac
1357 1003 1479 1025 ornnem
1494 993 1700 1024 Posseffionem
1714 994 1870 1025 naturalem
1883 995 1918 1027 δε
1930 995 2061 1033 civilem,
2078 993 2315 1033 omnimodasque
2333 994 2376 1024 A-

1314 1031 1441 1069 titiones,
1466 1032 1550 1062 reales
1571 1033 1604 1063 &
1626 1031 1800 1070 personaleS,
1823 1033 1992 1072 temporales
2012 1034 2046 1064 &
2065 1042 2212 1072 perpetuas
2225 1057 2235 1071 ,
2257 1034 2291 1064 ad
2311 1043 2374 1064 earn

1314 1072 1594 1137 quomodocumque
1615 1070 1645 1099 in
1667 1070 1754 1108 Villa,
1782 1067 1902 1109 Castro,
1929 1071 2048 1103 Baronia
2061 1095 2071 1111 ,
2093 1073 2127 1103 &
2149 1071 2317 1103 Castellania
2337 1072 2375 1102 de

1346 1108 1467 1147 esparra,
1486 1110 1519 1140 &
1539 1109 1576 1139 de
1597 1107 1773 1147 LesparroiS,
1790 1118 1823 1139 ac
1841 1109 1878 1140 ad
1898 1119 1949 1148 ea,
1967 1119 2038 1141 cum
2057 1111 2195 1142 omnibus
2214 1110 2267 1141 suis
2284 1110 2377 1142 Perti-

1316 1148 1434 1186 nenriis,
1451 1147 1601 1185 speciantia
1615 1147 1660 1177 seu
1674 1148 1860 1185 pertinentia,

1354 1185 1393 1216 Et
1407 1185 1591 1217 consimiliter
1606 1185 1702 1216 Faciet
1717 1186 1831 1223 praefata
1849 1185 1970 1217 Nobilis
1991 1185 2139 1226 Domina,
2156 1186 2324 1227 Cedetque,
2341 1188 2377 1220 &

1315 1224 1480 1255 Transferet
1504 1225 1533 1254 in
1556 1224 1623 1254 Nos
1645 1225 1678 1255 &
1699 1223 1853 1255 Personam
1873 1224 2018 1263 nostram,
2035 1235 2069 1256 ac
2085 1226 2120 1256 ad
2143 1226 2222 1256 usum
2243 1226 2376 1258 nostrum

1313 1266 1452 1301 perpetuo
1470 1263 1620 1300 Dimittet,
1638 1264 1736 1294 omnia
1753 1262 1823 1302 jus,
1841 1263 1993 1301 Titulum,
2008 1265 2040 1294 ὅ(
2061 1263 2238 1295 Dominium
2257 1266 2324 1296 utile
2343 1266 2377 1296 &

1313 1302 1471 1340 dire&um‚
1490 1312 1554 1340 qure
1569 1301 1845 1340 quomodocumque
1857 1301 1941 1334 habet
1956 1302 2001 1333 vel
2017 1302 2121 1334 habere
2141 1304 2247 1342 poterit
2266 1304 2296 1333 in
2315 1303 2378 1334 Lo-

1316 1350 1373 1378 co,
1390 1340 1551 1379 Dominio,
1567 1342 1600 1372 &
1622 1339 1764 1371 Potestate
1782 1341 1818 1371 de
1840 1339 1925 1371 Brulh
1939 1341 1973 1372 &
1987 1341 2024 1371 de
2039 1339 2200 1380 Carquans,
2219 1342 2254 1372 de
2268 1341 2378 1372 Roisan

1318 1379 1351 1410 δε
1372 1379 1408 1409 de
1429 1378 1553 1418 Pinons‚
1573 1380 1720 1419 Qiancon
1742 1380 1776 1410 &
1795 1378 1832 1409 de
1856 1378 1974 1418 Balisac,
1992 1381 2025 1412 &
2040 1380 2075 1410 ad
2091 1390 2139 1418 ea,
2158 1390 2227 1411 cum
2242 1381 2381 1411 omnibus

1317 1419 1370 1447 suis
1394 1417 1595 1456 pertinentiis,
1620 1427 1673 1457 pro
1693 1418 1794 1456 quibus
1814 1418 1830 1448 a
1853 1419 1937 1448 nobis
1960 1419 2093 1457 Recipiet
2114 1419 2228 1459 praefata
2248 1418 2382 1450 Domina

1316 1465 1405 1487 certas
1425 1456 1616 1488 Pecuniarum
1637 1457 1767 1487 Summas
1787 1457 1816 1486 in
1836 1454 1984 1488 Terminis
2004 1457 2039 1488 ad
2058 1456 2118 1489 hoc
2139 1457 2275 1495 limitatis3
2294 1465 2381 1496 prout

1318 1495 1382 1526 haec
1406 1496 1439 1526 &
1457 1495 1508 1526 alia
1526 1496 1555 1526 in
1576 1494 1697 1533 quadam
1714 1494 1941 1534 ninimirum,
1958 1497 2030 1526 inter
2044 1496 2130 1534 ipsam
2147 1495 2309 1527 Dominam
2323 1496 2382 1535 Jo-

1317 1533 1440 1563 hannam
1460 1535 1493 1564 &
1509 1533 1656 1571 praefatum
1675 1531 1855 1563 Willielmum
1875 1533 1976 1564 exinde
1996 1533 2202 1574 Comae-ris,
2225 1535 2383 1574 Sigilloque

1318 1572 1400 1610 ipsius
1415 1571 1557 1603 Dominae
1567 1572 1710 1611 Johannae
1722 1573 1756 1603 &
1771 1571 1800 1602 Si
1841 1582 1861 1603 o
1874 1573 1908 1604 &
1924 1572 2138 1612 Subscriptione
2158 1575 2237 1604 Petri
2253 1566 2382 1603 Arnaldt‘

1319 1611 1490 1655 de‘Pardias
1512 1610 1629 1641 Notarii
1647 1609 1762 1654 Publici
1785 1580 2016 1642 (ἓὲΝςιοΝΑτΛ
2035 1635 2045 1650 ,
2071 1611 2181 1649 plenius
2199 1613 2383 1650 continetur,

1320 1659 1399 1694 cuj-us
1419 1648 1639 1680 INDENTURAE
1657 1648 1785 1687 Copiam
1802 1658 1889 1688 penes
1908 1649 1976 1681 Nos
1987 1650 2038 1682 sub
2052 1649 2174 1681 Publico
2186 1649 2383 1682 instrumento

1320 1697 1474 1722 retinemus

1357 1727 1443 1765 Qios
1465 1711 1579 1765 q’uidem
1599 1724 1787 1764 Tradiatum,
1805 1722 2022 1764 Concordiam,
2040 1727 2073 1758 ὃς
2096 1726 2320 1766 Conclusiones,
2337 1729 2384 1758 in-

1321 1774 1362 1797 ter
1375 1765 1484 1796 dustam
1502 1764 1625 1795 Nobilem
1639 1766 1784 1794 Dominam
1804 1764 1838 1795 &
1855 1764 2024 1802 praedi&um
2049 1765 2227 1796 PVillielmum
2248 1766 2384 1797 Nomine

1320 1804 1421 1835 nostro
1434 1804 1525 1834 factos
1534 1827 1544 1842 ,
1561 1803 1629 1834 sicut
1643 1804 1674 1834 &
1692 1812 1775 1840 prout
1788 1802 1816 1832 in
1830 1802 1906 1833 dieta
1928 1802 1970 1832 ΙΝ
1980 1811 2001 1832 D
2010 1811 2028 1832 ε
2040 1811 2061 1833 N
2071 1812 2124 1834 ‘ru
2133 1813 2157 1835 R
2167 1814 2187 1834 Α
2207 1806 2386 1843 continetur,

1321 1843 1427 1882 Raros,
1446 1841 1571 1882 Grates,
1586 1842 1619 1874 &
1636 1842 1745 1873 Firmos
1759 1841 1925 1880 habuimus,
1942 1841 1976 1873 &
1990 1842 2077 1873 etiarn
2088 1842 2224 1874 habemus
2238 1852 2288 1881 per
2308 1842 2388 1875 Prae-

1321 1884 1428 1922 sentes,

1358 1921 1444 1960 Nos,

1343 1959 1626 2030 lDefiircmEd-pffla
1639 1956 1792 1992 Prudentia
1802 1958 1885 1999 ipsius
1902 1958 2046 1990 Willielmi
2058 1959 2092 1992 &
2115 1959 2261 1992 Fidelitate
2284 1958 2388 1992 fincera

1353 2010 1433 2031 emus
1449 2009 1507 2030 con
1548 2008 1626 2030 entes

1323 2009 1342 2038 p
1360 2038 1457 2077 Ipsum
1474 2022 1671 2075 Willielmur'n‚
1689 2036 1810 2068 Tenore
1824 2036 2028 2076 praesentium,
2047 2036 2391 2077 FacimuS,Ordinamus,'

1323 2077 1356 2109 ὅτ
1379 2076 1588 2108 Censtituimus
1607 2076 1738 2107 nostrum
1755 2075 2008 2115 Commiffiirium,
2027 2075 2266 2115 Procuratorem,
2283 2076 2390 2116 Nego-

1323 2117 1432 2147 tiorum
1446 2114 1620 2152 Gestorem,
1638 2115 1671 2146 &
1687 2114 1843 2146 Nuncium
1858 2115 2021 2154 specialem,

1362 2153 1472 2186 Dantes
1486 2154 1520 2185 &
1533 2153 1737 2184 Concedentes
1751 2153 1844 2184 eidem
1860 2155 1902 2183 W
1902 2153 2027 2192 illielmo,
2042 2163 2096 2192 pro
2109 2152 2210 2184 Nobis
2224 2153 2258 2184 ὃς
2278 2153 2391 2184 Nomi-

1322 2202 1359 2224 ne
1373 2193 1488 2230 nostro,
1507 2193 1666 2232 generalem
1681 2191 1872 2231 Potestatem,
1890 2193 1923 2224 &
1945 2192 2117 2223 Mandatum
2136 2191 2270 2230 speciale,
2287 2192 2392 2231 praedi-

1323 2232 1370 2262 &a
1387 2231 1493 2263 Villam
1506 2255 1516 2269 ,
1528 2231 1681 2269 Castrum,
1700 2230 1867 2269 Baroniam,
1885 2231 1919 2262 &
1935 2229 2132 2262 Castellaniam
2146 2230 2182 2261 de
2200 2230 2334 2269 Lesparra
2355 2233 2390 2263 ὃς.

1325 2270 1363 2301 de
1379 2270 1547 2310 Lesparoys,
1566 2280 1683 2301 necnon
1697 2270 1815 2300 Locum
1829 2270 1866 2300 de
1879 2268 1963 2300 Brulh
1978 2271 2011 2302 δε
2025 2270 2062 2300 de
2079 2268 2241 2308 Carquans,
2259 2270 2295 2300 de
2313 2269 2391 2300 Roi-

1324 2309 1369 2340 san
1385 2310 1419 2341 &
1431 2310 1468 2340 de
1479 2309 1602 2348 Pinons‚
1621 2310 1767 2348 Quancon
1782 2309 1815 2339 ὃ(
1828 2308 1865 2339 de
1878 2307 1997 2346 Balisac,
2013 2318 2081 2339 cum
2093 2309 2230 2339 omnibus
2243 2309 2277 2340 &
2293 2308 2390 2344 singu-

1324 2348 1357 2378 lis
1377 2357 1480 2379 eorum
1500 2347 1680 2379 Pertinentiis
1700 2348 1716 2378 a
1728 2347 1844 2385 praefata
1856 2345 2005 2386 Domina,
2023 2347 2070 2380 vel
2081 2347 2118 2377 ab
2132 2347 2189 2385 ejus
2203 2347 2239 2378 ad
2254 2347 2312 2377 hoc
2327 2346 2390 2377 De-

1324 2396 1440 2425 putato,
1459 2386 1650 2426 Recipiendi,

1325 2425 1530 2495 Cforumqge
1549 2435 1671 2456 omnem
1685 2422 1893 2455 possessionem
1908 2423 2107 2462 Ingrediendi,
2125 2422 2320 2454 Nanciscendi
2328 2445 2338 2462 ‚
2355 2423 2390 2455 &

1377 2473 1494 2495 ntinuan
1514 2474 1524 2494 1

1325 2502 1400 2571 diEt
1422 2486 1610 2534 Pecunii'irum
1630 2502 1780 2540 Summas,
1797 2500 1934 2532 Nomine
1955 2499 2056 2532 nostro
2077 2498 2243 2540 promissas,
2268 2499 2391 2531 Solven-

1362 2564 1398 2610 ἐι
1414 2579 1624 2618 Aequietantias
1637 2579 1673 2610 de
1688 2579 1791 2610 Solutis
1809 2577 1998 2615 Accipiendi,

1362 2618 1527 2657 Omniaque
1547 2620 1580 2650 ὃ(
1603 2618 1725 2656 singula,
1740 2619 1769 2648 in
1791 2618 1904 2656 praefata
1918 2616 1961 2646 ΙΝ
1972 2625 1994 2646 D
2004 2624 2022 2645 Ε
2032 2623 2116 2645 Ντυ
2127 2624 2151 2646 R
2161 2625 2182 2646 A
2198 2614 2331 2653 promiffa
2354 2614 2389 2646 &

1326 2657 1500 2694 conscripta,
1525 2666 1662 2694 quatenus
1682 2655 1751 2686 Nos
1771 2663 1965 2692 concernunt,
1991 2652 2184 2693 Complendi,
2204 2653 2390 2692 perficiendi,

1327 2696 1378 2733 &,
1397 2704 1531 2733 quatenus
1545 2694 1676 2733 expedire
1689 2694 1805 2731 viderit,
1821 2693 1977 2731 supradffla
1989 2693 2088 2723 omnia
2103 2694 2137 2724 &
2154 2692 2261 2730 singula
2278 2692 2314 2723 de
2335 2702 2390 2723 no-

1326 2743 1367 2764 vo
1384 2733 1598 2771 Contrahendi,
1617 2732 1760 2763 Firmandi
1773 2755 1782 2770 ,
1799 2732 1831 2762 δι’.
1847 2731 2066 2768 Concludendi,

1365 2771 1515 2810 Necnon,
1532 2771 1602 2802 etim
1616 2770 1754 2802 Possessio
1767 2770 1925 2809 hujusmodi
1939 2780 1989 2807 per
2011 2770 2100 2807 ipsum
2125 2767 2302 2799 Willielmum
2320 2767 2392 2798 No-

1328 2811 1406 2841 mine
1424 2810 1522 2841 nostro
1546 2811 1628 2840 naCta
1647 2810 1680 2841 δε
1695 2809 1863 2848 apprehensa
1877 2808 1976 2846 fuerit,
1995 2807 2116 2846 Villam,
2134 2806 2285 2844 Castrum,
2305 2806 2391 2837 Baro-

1329 2850 1407 2880 niam
1421 2872 1431 2887 ,
1458 2849 1492 2880 &
1513 2847 1731 2886 castellaniam,
1754 2857 1787 2878 ac
1810 2848 1910 2885 Loca,
1934 2848 1967 2877 &
1989 2846 2133 2877 Dominia
2151 2846 2200 2876 alia
2221 2844 2392 2885 supradiCta,

1329 2887 1518 2918 Gubernandi
1527 2911 1536 2926 ,
1555 2888 1588 2918 &
1600 2887 1634 2918 ad
1649 2887 1732 2925 Opus
1745 2885 1876 2917 nostrum
1890 2884 2131 2922 Administrandi,

1364 2924 1596 2965 Jurisdiecionem
1623 2924 1822 2956 omnimodam
1846 2925 1930 2955 altam
1953 2923 1986 2954 &
2007 2922 2112 2952 baffam
2128 2943 2138 2960 ‚
2168 2931 2202 2952 ac
2225 2931 2338 2952 merum
2358 2922 2392 2954 &

1330 2966 1452 2996 mixtum
1467 2963 1640 3003 Imperium,
1659 2964 1694 2995 ad
1708 2964 1830 3000 Villam,
1847 2961 2000 3005 Castrum,
2019 2960 2186 3004 Baroniam,
2203 2961 2236 2992 &
2257 2960 2392 3005 Castella-

1329 3005 1424 3039 niam,
1443 3013 1476 3034 ac
1493 3004 1574 3035 Loca
1588 3005 1621 3036 &
1637 3003 1775 3034 Dominia
1788 3002 1838 3032 alia
1847 2999 2001 3038 supradicta
2017 2999 2239 3038 quomodolibet
2251 3009 2393 3037 pertinen-

1330 3043 1386 3079 tia,
1403 3042 1492 3073 libere
1503 3041 1699 3079 Excercendi,
2143 3077 2147 3082 .
2173 3078 2177 3082 Ι

1366 3081 1534 3119 Omnesque
1552 3083 1586 3113 &
1607 3080 1724 3118 singulas
1744 3077 1847 3108 Causas
1867 3076 2034 3108 Criminales
2054 3077 2088 3107 &
2111 3075 2218 3107 Civiles
2236 3078 2267 3107 in
2286 3076 2392 3108 eisdem

1332 3118 1424 3157 Villa,
1447 3118 1569 3157 Castro,
1590 3117 1728 3155 Baronia,
1753 3117 1787 3147 δε
1806 3114 1988 3152 Castellania,
2015 3126 2047 3147 ac
2069 3115 2172 3153 Locis,
2191 3116 2224 3146 &
2245 3115 2394 3146 Dominiis

1330 3157 1387 3188 aliis
1407 3158 1582 3195 supradietis,
1600 3156 1842 3193 quandocumque
1862 3163 2050 3194 emergentes,
2069 3153 2270 3193 Examinandi,
2290 3154 2395 3186 Discu-

1332 3197 1435 3234 tiendi,
1454 3198 1487 3226 &
1502 3193 1690 3225 Terminandi
1701 3217 1711 3231 ,

1368 3234 1539 3272 Sententias,
1555 3234 1681 3270 insuper,
1700 3231 1907 3276 quascumque,
1925 3241 1975 3270 per
1991 3231 2080 3272 ipsum
2101 3230 2145 3261 seu
2167 3231 2225 3269 ejus
2243 3228 2395 3262 Commis-

1333 3272 1415 3303 farios
1429 3271 1570 3310 ferendas,
1588 3271 1685 3302 debite
1698 3271 1881 3309 hxequendi‚

1372 3310 1565 3348 Frusiusque,
1590 3309 1730 3340 Redditus
1742 3332 1752 3348 ,
1775 3310 1809 3340 &
1826 3309 1984 3339 Proventus
1998 3332 2008 3347 ,
2033 3317 2067 3339 ex
2089 3309 2128 3338 eis
2147 3306 2392 3350 qualitercumque

1333 3348 1555 3386 Provenientes,
1574 3359 1691 3379 necnon
1705 3347 1865 3387 Homagia,
1884 3347 2059 3385 Fidelitates,
2073 3345 2268 3383 Sacramenta,
2287 3346 2321 3375 &
2341 3345 2393 3375 alia

1333 3397 1526 3425 quaecumque
1537 3387 1672 3425 Servitia,
1685 3387 1747 3426 ipsis
1762 3385 1909 3416 Doininiis
1924 3386 1970 3416 vel
1985 3384 2210 3424 quibuscumque
2223 3381 2394 3426 eorumdem

1333 3426 1588 3494 aquibgiscurnque
1603 3425 1731 3457 Personis
1743 3425 1854 3464 debita,
1871 3426 1990 3456 nomine
2003 3422 2103 3454 nostro
2115 3420 2255 3460 Exigendi
2275 3422 2310 3453 ὅ(
2333 3421 2395 3452 Re-

1333 3474 1359 3495 cl
1381 3475 1425 3494 len
1448 3476 1454 3494 1

1361 3475 1488 3541 fiximus,
1504 3503 1550 3533 vel
1564 3503 1647 3542 alios,
1665 3502 1920 3539 Commiss'arium,
1938 3501 1984 3531 vel
1998 3498 2241 3543 Commissarios,
2253 3497 2394 3542 Procura-

1333 3551 1428 3572 torem
1444 3566 1453 3578 ‚
1479 3542 1524 3572 vel
1546 3541 1763 3579 Procuratores,
1787 3542 1856 3572 loco
1878 3540 1915 3569 sui
1936 3537 2146 3574 substituendi,
2167 3536 2201 3566 &
2222 3535 2393 3568 bubstitutos

1332 3580 1489 3618 hujusmodi
1505 3580 1674 3611 Revocandi
1689 3582 1820 3618 quotiens
1836 3579 1885 3608 sibi
1899 3577 2040 3608 videbitur
2053 3583 2249 3617 oportunum,

1370 3617 1540 3656 Caeteraque
1561 3622 1659 3649 omnia
1680 3620 1713 3650 &
1736 3618 1842 3655 singula
1862 3614 2009 3651 Faciendi,
2035 3612 2228 3656 Excercendi,
2246 3612 2280 3643 &
2299 3611 2394 3651 Expe-

1331 3657 1426 3687 diendi
1439 3680 1448 3693 ,
1467 3667 1531 3694 quae
1547 3658 1574 3686 in
1591 3657 1741 3688 Praemissis
1753 3658 1786 3688 &
1803 3657 1879 3686 circa
1893 3663 1924 3682 ea
1946 3651 2096 3695 necessaria
2116 3651 2236 3694 fuerint,
2254 3654 2299 3694 seu
2319 3662 2394 3689 quo-

1332 3695 1491 3725 modolibet
1509 3705 1668 3733 oportuna,
1684 3697 1768 3726 etiarn
1789 3694 1807 3723 si
1828 3691 1999 3722 Mandatum
2021 3697 2239 3731 exigantlmagis
2260 3691 2393 3728 speciale,

1331 3735 1365 3764 &
1389 3743 1453 3770 quae
1473 3733 1542 3763 Nos
1562 3734 1653 3765 facere
1675 3733 1819 3772 possemus
1841 3732 1860 3761 si
1880 3729 1988 3760 ibidem
2002 3727 2122 3758 essemus
2138 3736 2167 3757 in
2181 3728 2302 3758 Persona
2321 3739 2395 3767 prae-

1330 3772 1434 3801 sentes·

1371 3795 1571 3840 Pro⁵mittimus
1591 3811 1718 3848 insuper,
1733 3807 1812 3839 bona
1830 3805 1886 3836 fide
1903 3805 1937 3835 &
1951 3805 1979 3834 in
1994 3804 2096 3848 Verbo
2111 3803 2224 3843 Regio,
2245 3803 2314 3835 Nos
2335 3804 2396 3835 Ra-

1334 3856 1412 3885 tum,
1433 3847 1556 3878 Gratum
1591 3850 1623 3879 &
1642 3849 1770 3879 Firmum
1784 3845 1921 3884 perpetuo
1938 3844 2080 3873 habituros
2095 3851 2189 3873 totum
2207 3844 2239 3873 &
2261 3843 2397 3881 quicquid

1335 3872 2042 3957 per·prlaet'atumfft’Viggelmuiqudssirtgfiufssffutgl,
2061 3882 2108 3914 vel
2121 3880 2312 3913 Procuratum
2334 3882 2397 3913 sue-

1335 3933 1369 3954 rit
1384 3933 1414 3953 m
1453 3933 1532 3954 raemi
1556 3936 1595 3963 is,
1658 3934 1737 3964 quot
1758 3932 1786 3954 et
2017 3942 2025 3950 ·

1376 3998 1410 4030 In
1424 4000 1520 4038 cujus,
1537 4001 1599 4032 &c.
2308 4030 2400 4064 Teste
