2562 4274
733 136 846 178 ET
930 135 1202 176 ACTA
1285 137 1772 183 PUBLICA.
2297 106 2349 198 67-

35 222 112 254 Ann.
124 219 165 250 D.
186 219 333 264 Armatis,
344 219 499 257 veniend03
517 221 625 251 ibidem
642 222 781 252 morando
796 220 1131 263 &'perhendinandq,&
1146 221 1244 252 exinde
1281 223 1384 254 eisdem
1405 224 1553 264 Johanne‚
1570 227 1588 245 ²*
1610 226 1757 266 Johanne,
1774 228 1906 266 Johanne
1929 230 1963 261 ὃς
1976 229 2125 269 Johanne,
2142 236 2189 260 aut
2205 240 2264 261 urio
2285 241 2335 261 eo-
2350 229 2425 260 Arm.
2441 225 2482 259 D„

65 259 150 299 1418·
184 259 220 290 ad
235 259 352 296 Propria
362 257 524 296 redeundo,v
537 268 571 289 ac
584 268 688 298 equos,
703 258 781 298 Res,
796 259 892 297 Bona,
909 260 943 290 &
959 259 1095 290 Hernelia
1108 259 1153 289 sua
1165 269 1244 297 quae-
1283 271 1346 292 rum
1357 284 1366 300 ,
1382 272 1435 301 pro
1452 263 1541 293 Fadio
1558 263 1700 295 Financiae
1713 267 1818 302 praefati
1833 266 1957 298 Comiris
1967 292 1976 307 ,
1996 271 2197 306 portabuntur,
2377 266 2464 306 1418.

41 304 104 328 Hm,
123 306 150 333 5,
189 306 333 341 cumque,
819 308 822 311 ·
1326 300 1443 330 Proviso
1457 302 1580 339 semper,
1597 302 1628 336 (17
1635 314 1655 332 c.
1674 311 1705 332 ut
1717 308 1746 333 in
1755 304 1883 344 smilffbus
1898 307 1928 334 de
1943 307 2080 336 Conduc‘Zu
2095 310 2206 336 Literis.
2347 311 2412 333 Hm-
2428 315 2460 342 5,

228 334 347 365 Proviso
365 333 474 371 semper
1325 338 1415 368 Teste
1428 338 1560 383 thanne
1574 343 1647 369 Duce
1668 342 1820 380 Bedfordiae
1835 343 1966 375 Custode
1989 346 2102 383 Angliae
2120 347 2193 383 apud
2216 345 2341 384 lVestmo-
2354 348 2368 359 ⁸
2386 345 2438 372 lX-

190 373 329 443 condiatis
343 374 457 441 3⁴¹3ng
1286 376 1430 416 naslerium
1444 378 1578 409 vicesimo
1594 380 1694 416 quinto
1708 381 1754 410 die
1770 380 1916 412 OifkobrisA
2349 384 2415 409 026.

280 420 297 439 n
307 419 401 448 cujus,
452 420 478 441 c.

227 447 318 479 Teste
331 447 430 487 Rege,
451 451 479 479 in
494 448 627 479 Exci-citu
643 448 710 489 suo,
725 457 789 480 ante
812 448 967 481 Civitatem
990 449 1179 488 Rothomagen.
1197 449 1248 480 de-

191 488 270 518 cimo
285 496 384 525 quarto
399 486 446 518 die
457 487 604 518 Otstobris.

495 334 575 373 qubd
600 334 650 372 ipfi
672 335 847 373 quiequam,
869 335 930 366 &c.
956 342 987 364 ut
1007 339 1037 366 in
1056 334 1190 365 Similibus
1213 336 1245 365 de

1989 462 2042 489 Per
2060 459 2213 490 Concilium.

1291 529 1410 584 REX
1418 552 1434 572 ,¹
1445 528 1504 575 &a
1524 529 1648 575 u'tfizpra
1667 531 1743 571 astque
1755 533 1810 570 ihi,
1828 533 1970 571 speciales,
1989 533 2026 569 &
2043 536 2168 575 tunrfic,
2182 536 2341 575 Joham.¹em

1370 568 1504 606 Lesnetlle
1518 576 1555 602 (52
1570 572 1682 598 Petrum
1692 569 1846 609 Dausernet
1859 573 1894 601 de
1910 573 2040 611 Francia,
2056 575 2213 604 Servientes
2233 579 2341 605 Comitis

1288 605 1321 634 de
1344 606 1470 636 Vendome
1492 606 1638 638 Prisonarii
1659 607 1746 646 Regis
1781 610 1809 638 in
1832 610 1936 648 Regno
1953 611 2042 648 Regis
2059 613 2166 642 Anuliae
2179 614 2340 651 existentes,

1289 653 1358 673 cum
1381 654 1440 674 uno
1460 644 1604 676 Serviente
1625 646 1674 676 suo
1695 648 1722 676 in
1742 631 1888 678 Comitiva
1911 648 1970 685 sua,
1995 650 2086 680 versus
2105 639 2193 687 {artes
2214 652 2341 682 Franci-z

1288 682 1469 720 transeundo,
1489 684 1522 712 &
1543 684 1644 714 abinde
1664 686 1692 714 in
1716 683 1847 723 Regnum
1872 686 1960 724 Regis
1973 686 2083 724 Angliae
2096 689 2255 729 redeundo,
2273 700 2343 721 nec-v

1288 729 1349 749 non
1365 719 1478 764 Equos,
1495 720 1589 759 Bona,
1608 721 1685 760 Res,
1703 723 1736 753 &
1751 723 1887 754 Hemesia
1899 725 1943 755 sua
1958 735 2164 765 quaecumque,

1324 758 1443 788 Proviso
1457 760 1581 797 semper,
1596 759 1656 795 &a
1676 768 1707 790 ut
1713 760 1809 799 Jiaepra.

1361 795 1452 826 Teste
1465 805 1496 827 ut
1508 797 1594 835 supra.

867 567 920 594 Per
939 564 1020 604 ipsum
1040 569 1144 602 Regem.

284 638 436 680 Confimiles
450 643 554 670 Literae
571 638 604 669 de
622 639 758 670 Condud't'u
770 641 896 680 Conceffae
913 640 1025 678 fuerunt
1037 648 1146 680 propter

232 715 432 747 Venerabilem
456 716 569 747 Patrem
588 739 598 755 ,
623 716 798 754 Reginaldum
818 716 1046 755 Archiepistopum
1069 716 1221 754 Remensem
1235 739 1245 754 ‚

195 753 280 792 usque
300 754 479 785 Praesentiam
502 754 608 791 Regis,
627 765 696 785 cum
718 755 886 787 Duodecim
906 755 1032 786 Personis
1049 755 1079 785 in
1101 755 1248 804 CoQitiva

193 792 257 830 sua,
275 792 397 824 Armatis
415 793 461 825 vel
476 803 538 824 non
552 794 688 831 Atinatis,
706 794 766 825 &c-

368 870 372 875 ,
673 871 676 876 ,
1193 870 1199 876 ,
2021 841 2074 870 Per
2089 838 2239 871 Concilium.

232 867 431 900 Venerabilern
447 870 578 908 Patrem,
596 870 750 910 Episcopum
761 869 942 909 Eboricenfim
951 892 961 908 ,
973 869 1058 907 usque
1071 870 1248 902 Praesentiarn

195 906 301 946 Regis,
320 918 388 938 cum
402 908 514 945 Viginti
527 909 560 939 &
576 908 708 946 Quatuor
723 908 849 939 Personis
863 909 891 938 in
909 907 1055 939 Comitiva
1069 909 1129 947 sua,
1149 909 1250 938 Arma-

194 947 229 977 tis
249 946 372 976 vel-non
394 947 533 984 Armatis,
557 955 616 977 tam
637 945 809 986 Generosis,
835 956 921 984 quam
945 947 1018 985 aliis,
1043 946 1182 985 Equestre
1204 947 1250 978 vel

194 983 346 1024 pedestre,
365 985 426 1016 &c-

1420 973 1470 1006 De
1485 974 1656 1007 Tranando
1670 987 1740 1008 cum
1755 973 1918 1023 Dauphino
1928 977 2018 1025 [ἦρεν
2034 981 2204 1013 Amicitiis.

231 1062 378 1091 Henricum
397 1060 430 1090 de
451 1059 602 1090 chaumont
615 1083 625 1098 ,
652 1060 893 1091 Archidiaconum
915 1060 1116 1092 Eboricenfiem
1131 1083 1140 1100 ‚
1164 1062 1250 1100 usque

193 1098 496 1169 ξῑῗίῗέἑίυέζὲᾱείε,
514 1109 583 1130 cum
600 1100 732 1138 Qatuor
747 1100 868 1130 Famulis
884 1101 916 1130 &
931 1099 1020 1138 Equis
1032 1099 1084 1131 suis
1097 1101 1126 1130 in
1145 1100 1251 1131 Comi-

319 1161 329 1176 ,
400 1160 407 1167 .

1290 1069 1496 1130 HEizricus,
1512 1071 1572 1101 &e
1590 1071 1752 1111 Omnibus,
1770 1072 1805 1102 ad
1826 1084 1898 1112 quos
1917 1074 2063 1112 praesentes
2084 1076 2186 1107 Literae
2209 1082 2430 1115 ρ61ν6116-Αητ1.
2446 1080 2488 1111 D.

1381 1117 1456 1145 rint,
1475 1108 1611 1139 Salutem.
2378 1122 2464 1158 1413,

1324 1145 1423 1176 Sciatis
1436 1147 1514 1183 quod
1523 1171 1533 1184 ,
2356 1165 2409 1187 Asi.
2425 1162 2452 1188 6.

1307 1183 1423 1227 ¹Cum,
1441 1184 1555 1214 Illustris
1571 1185 1605 1215 &
1625 1185 1729 1229 lffotens·
1749 1186 1902 1226 Princeps,
1921 1188 2150 1229 Consanguiiieiis
2170 1192 2265 1224 noster
2287 1195 2342 1226 Ca-
2354 1203 2381 1224 Η
2411 1207 2438 1231 5.

1290 1221 1427 1259 rissimus,
1445 1224 1478 1253 ὅς
1495 1222 1649 1253 Adversarii
1667 1225 1754 1254 nostri
1770 1226 1894 1256 Franci-ste
1912 1227 1942 1257 Fi
1957 1230 2013 1265 ius,
2031 1230 2192 1267 Dazsplmzus
2209 1233 2240 1261 de
2258 1236 2342 1263 Vien-
2362 1241 2396 1262 ffi-
2407 1235 2473 1262 [nbl.

42 1446 118 1477 Ann.
130 1446 171 1477 D.

62 1487 147 1523 1418.

39 1528 93 1552 An.
109 1526 136 1552 6.

41 1603 82 1628 Ex
105 1601 171 1629 Bibl.

38 1644 94 1667 Cot.
119 1644 172 1667 Ca-

38 1677 118 1713 ligula

120 3777 126 3783 ·
174 3818 179 3823 ,
198 3787 373 3826 Magistrum
386 3792 544 3830 Johannem
558 3792 713 3829 Bernarde,
732 3794 765 3823 &

41 1270 60 1289 z
81 1270 133 1300 IX·
503 1265 529 1291 >je
555 1267 612 1297 pro
629 1263 771 1298 Gentibus
789 1266 941 1311 Wfiom‘ae,
1291 1270 1344 1297 na,
1365 1259 1479 1298 Regens
1493 1261 1618 1304 Franciae
1636 1271 1664 1292 ut
1683 1263 1802 1306 dicitur,
1820 1264 2030 1304 delideriverif,
2049 1278 2132 1306 prout
2154 1279 2186 1298 ex
2208 1281 2345 1305 quor-im-
2355 1279 2412 1301 σοι,
2428 1277 2471 1300 Τιῃ

42 1312 108 1344 625·
1291 1298 1356 1342 dam
1378 1299 1492 1328 suorum
1514 1298 1656 1342 rue-latione
1668 1309 1846 1337 accepimus,
1863 1307 2078 1345 conmunicent·
2094 1308 2124 1336 ὃς
2142 1308 2257 1339 trae-iare
2276 1310 2345 1340 No·
2359 1313 2440 1339 burim

195 1354 240 1387 Le
258 1353 340 1399 Roy
359 1350 397 1386 de
419 1353 530 1386 France
549 1353 581 1384 &
602 1351 821 1399 d‘Engleterre
842 1353 874 1384 δε
901 1351 1054 1396 Seigneur
1080 1349 1253 1385 d’Irlande.
1291 1337 1902 1414 Ξξῇἓξῃἐῃξὶῗέἒςῐξῐὲὲῖῑῗῗξξέἓᾞξξ
1918 1342 2256 1420 ἓωςζῖἓῒῑῃζῗηῃίὲὲ
2277 1348 2348 1416 ffiff-
2363 1348 2490 1418 {df-⁴35&

190 1436 387 1498 TReschier
401 1438 434 1469 ὃς
450 1437 518 1467 bien
533 1435 627 1466 Amez
641 1431 754 1474 Foialx,
770 1435 858 1466 Nous
873 1434 953 1466 Vous
968 1435 1077 1466 Saluons
1092 1436 1218 1466 souvent.

280 1476 318 1507 Et
328 1476 427 1507 Savoir
445 1474 523 1505 Vous
536 1474 635 1504 saisons
650 1485 705 1512 que
719 1474 807 1505 Nous
820 1485 907 1505 avons
921 1474 1041 1504 Receuz
1057 1485 1115 1504 voz
1131 1475 1251 1512 Lerrres,

190 1514 287 1583 {austes
305 1525 322 1545 a
343 1514 487 1545 Burdeaux
511 1513 537 1543 le
558 1513 678 1543 Primier
697 1512 771 1551 Jour
791 1513 827 1542 de
857 1513 1024 1550 Septembre
1050 1513 1160 1543 darrein
1191 1523 1251 1551 pas-

202 1561 251 1583 εἰ.
1225 1564 1228 1569 .

228 1576 284 1620 Far
304 1590 343 1621 les
365 1589 469 1628 quelles
491 1588 580 1620 Nous
599 1599 689 1621 avons
708 1597 863 1628 apparceuz
877 1587 914 1619 les
933 1589 1030 1623 bonne
1054 1589 1198 1619 Voluntee
1219 1589 1251 1620 &

190 1629 296 1668 grande
315 1628 481 1665 Affec‘kion,
500 1627 603 1665 quelles
618 1637 706 1665 vous,
723 1637 810 1658 come
825 1636 884 1657 noz
896 1628 981 1658 foialx
996 1627 1082 1666 Liges
1103 1629 1135 1658 ὅ(
1157 1628 1253 1658 Soub-

192 1668 251 1706 gis,
273 1677 362 1704 avez,
387 1677 435 1703 par
457 1665 576 1695 Manere
598 1675 718 1696 comme
739 1666 844 1696 toutdis
865 1676 937 1696 vous
957 1675 1028 1696 avez
1049 1675 1146 1703 porte,
1171 1676 1186 1695 a
1211 1666 1251 1696 les

191 1707 292 1736 bonne
312 1705 390 1735 Estat
410 1705 443 1735 δε
464 1702 639 1741 Prosperitee
662 1704 698 1734 de
720 1704 809 1734 Nous
830 1704 863 1734 δε
883 1704 918 1734 de
932 1704 1028 1735 nostre
1042 1704 1199 1742 Coronne,
1218 1705 1252 1735 &

189 1753 240 1782 par
253 1743 386 1781 especial,
401 1753 416 1773 a
429 1743 454 1773 13
467 1744 564 1772 bonne
577 1741 790 1773 Gouvernance
803 1742 840 1772 de
851 1742 946 1772 nostre
964 1742 1035 1773 Paiis
1048 1742 1084 1773 de
1099 1742 1253 1782 Guyenne,

191 1783 227 1814 &
241 1782 278 1813 de
290 1791 349 1813 noz
363 1782 446 1820 Liges
458 1782 492 1812 &
505 1780 627 1819 Soubgis
641 1780 743 1818 d'icel;
762 1781 842 1811 d’ont
856 1780 945 1811 Nous
959 1780 1039 1811 Vous
1056 1780 1153 1812 savons
1169 1781 1251 1811 trese-

190 1820 363 1859 pecialment
379 1821 439 1850 bon
452 1819 547 1856 Gree,
564 1818 668 1849 Aiantz
683 1829 757 1857 pour
769 1820 874 1850 certain
889 1828 945 1857 que
959 1829 1031 1851 vous
1045 1819 1084 1850 les
1094 1819 1216 1850 vueillez
1237 1829 1253 1849 a

192 1866 257 1891 tout
268 1859 379 1895 Temps
392 1858 546 1888 loiaument
558 1858 718 1887 continuer.

229 1896 285 1935 Et,
303 1905 381 1927 entre
395 1905 484 1926 autres
500 1893 623 1932 Choses,
636 1904 792 1926 contenues
806 1905 842 1926 en
856 1903 913 1926 voz
928 1894 1017 1927 dines
1030 1895 1252 1934 Le'ttres,Nous

189 1945 279 1967 avons
293 1934 436 1965 entenduz
449 1942 582 1971 coment,
600 1933 709 1965 d’entre
722 1933 809 1964 Nous
828 1944 881 1972 pur
902 1934 1008 1973 Nous,
1023 1943 1083 1965 noz
1097 1934 1185 1972 Paiis,
1203 1934 1253 1965 Li-

190 1982 257 2013 ges,
273 1973 308 2004 &
323 1973 476 2012 Soubgitz,
493 1972 578 2002 d’une
592 1972 674 2010 Part,
691 1973 725 2003 &
741 1972 777 2002 les
789 1976 872 2002 conte
886 1972 1113 2012 d'Armyngnak,
1126 1973 1166 2003 ,δε
1192 1975 1251 2002 Sire

191 2012 226 2042 de
246 2011 270 2041 le
292 2015 363 2041 Bret
375 2034 389 2050 „
408 2021 462 2049 pur
482 2009 557 2040 Eulx
571 2033 582 2048 ,
606 2009 666 2040 leur
684 2010 755 2041 Paiis
770 2033 780 2048 ,
808 2011 842 2041 &
861 2010 1019 2049 Soubgitz,
1042 2010 1148 2041 d’autre
1170 2010 1251 2048 Part,

193 2050 277 2087 Vous
291 2059 362 2081 avez
375 2051 451 2088 prins
465 2049 597 2079 cei-taines
609 2048 727 2090 Trieues
741 2059 790 2086 par
806 2048 928 2079 Manere
941 2059 1058 2079 comme
1074 2059 1109 2079 en
1124 2048 1252 2080 l'Article

191 2088 314 2120 d'icelles
333 2088 455 2126 (Lequel
475 2086 555 2119 Vous
574 2086 661 2118 Nous
681 2096 751 2119 avez
775 2087 891 2125 envoie)
908 2087 1077 2126 plainement
1090 2087 1132 2117 est
1152 2096 1253 2118 conte-

192 2135 267 2159 nuZ·
450 2149 455 2152 ·
536 2134 538 2136 ’
774 2152 778 2158 ,
816 2153 818 2155 .

231 2151 281 2196 D’e
294 2165 320 2197 la
333 2166 438 2197 Forme
451 2165 488 2197 de
500 2165 566 2204 quel
580 2164 686 2197 Article
698 2164 787 2196 Nous
799 2163 886 2196 Nous
902 2172 1004 2197 tenoris
1019 2175 1072 2207 pur
1094 2173 1234 2197 contentz
1241 2188 1252 2205 ,

193 2213 230 2236 en
247 2204 463 2235 Commendant
475 2204 568 2235 moult
581 2213 641 2235 voz
653 2203 816 2235 Discrerion
828 2214 864 2234 en
878 2204 986 2243 icelles,

208 2269 210 2271 ,
229 2242 374 2274 Vuillantz
387 2253 460 2281 que,
476 2244 496 2273 si
509 2252 580 2275 vous
594 2242 698 2273 semble
712 2242 859 2282 expedient
879 2253 932 2280 pur
952 2241 1046 2274 nostre
1069 2242 1146 2273 diere
1166 2242 1254 2280 Paiis,

192 2290 250 2319 que
264 2281 382 2312 mesmes
394 2283 433 2312 les
447 2281 567 2312 Trieues
579 2281 669 2311 soient
681 2291 732 2321 pur
748 2281 810 2319 plus
835 2280 944 2319 longue
960 2282 1073 2313 Terme
1094 2281 1255 2319 Prorogees

193 2329 231 2350 en
244 2319 269 2350 la
283 2320 389 2351 Forme
404 2320 446 2350 sus
459 2319 545 2350 diere.

233 2357 287 2396 Et,
302 2358 438 2389 touchant
458 2357 551 2388 nostre
572 2357 646 2389 Arne
658 2357 792 2398 Esquier,
810 2359 909 2390 Robert
926 2358 1040 2397 Holme,
1058 2358 1160 2397 Liquel
1172 2358 1255 2390 vous

193 2405 267 2428 avez
285 2396 524 2427 Recommendez
538 2406 554 2427 a
571 2396 660 2435 Nous
672 2421 682 2435 ,
715 2397 805 2428 Nous
827 2408 915 2428 avons
936 2398 1090 2430 Entenduz
1104 2420 1114 2434 ,
1144 2398 1163 2428 si
1188 2399 1254 2427 bien

192 2445 243 2473 par
260 2443 320 2466 voz
334 2434 424 2466 dieies
442 2434 549 2466 Lettres
564 2458 574 2473 ,
605 2434 734 2466 Comme
751 2445 799 2472 par
817 2435 856 2466 les
876 2437 983 2467 Lettres
1005 2437 1043 2467 du
1058 2460 1068 2474 ,
1100 2435 1254 2466 Tresreve-

193 2481 256 2508 rent
271 2472 342 2504 Pere
360 2484 396 2513 en
416 2473 510 2512 Dieu‚
525 2472 712 2514 l'Ercevesque
725 2473 756 2503 de
768 2475 934 2505 Bourdeaux
944 2499 954 2513 ,
969 2476 1002 2507 &
1021 2474 1056 2504 de
1074 2474 1172 2504 nostre
1185 2474 1254 2505 che-

193 2521 226 2542 re
243 2511 278 2542 &
296 2511 362 2542 foial
383 2511 551 2551 Chevalier,
568 2511 667 2550 Johan
685 2515 761 2542 Seint
778 2511 877 2550 Johan
897 2513 991 2543 Maire
1010 2513 1046 2543 de
1063 2513 1169 2543 mesme
1188 2523 1254 2543 nos-

195 2556 236 2580 tre
255 2549 339 2580 Citee
353 2574 363 2588 ,
391 2551 423 2581 &
441 2550 559 2581 d'autres
575 2575 584 2587 ,
612 2561 667 2588 que
682 2551 709 2580 le
727 2550 767 2581 dit
784 2551 883 2581 Robert
903 2552 989 2582 Nous
1007 2551 1041 2582 ad
1060 2550 1124 2589 fait,
1150 2553 1183 2583 ὃς
1203 2562 1256 2581 un-

195 2596 265 2619 core
283 2589 349 2625 fait,
375 2589 434 2618 bon
453 2590 486 2619 &
505 2589 637 2625 agreable
655 2589 787 2627 Serviee,
810 2590 889 2620 d'ont
908 2590 995 2620 Nous
1013 2590 1053 2620 lui
1069 2600 1171 2620 auroris
1188 2591 1255 2620 bien

194 2626 438 2696 {ecffommendez
452 2650 462 2666 ,
493 2627 527 2658 &
553 2638 569 2658 3
594 2627 632 2658 lui
654 2627 755 2660 volons
781 2627 852 2659 estre
877 2629 938 2659 bon
955 2628 1092 2667 Seigneur
1109 2638 1158 2666 par
1185 2628 1255 2659 celle

227 2674 260 2695 au
271 2675 296 2696 e.
309 2680 313 2684 ·

218 2702 288 2741 ,Et,
305 2713 392 2742 quant
405 2715 420 2735 a
437 2704 476 2735 les
493 2712 581 2735 autres
599 2703 748 2744 Manem,
767 2704 803 2735 de
821 2704 859 2735 les
877 2705 981 2742 quelles
997 2705 1046 2736 Vo
1056 2715 1078 2735 is
1097 2704 1186 2736 Nous
1205 2704 1255 2735 Es-

194 2742 291 2773 crivez
308 2743 343 2772 de
365 2743 471 2780 present
484 2766 494 2781 ,
515 2744 549 2774 &
569 2752 660 2774 tontes
679 2753 768 2775 autres
785 2741 893 2773 Choses
906 2766 916 2782 ‚
943 2752 1149 2774 concernentes
1167 2744 1256 2774 Nous

154 2794 157 2798 ’
194 2781 229 2811 &
252 2780 277 2811 la
302 2781 398 2811 bonne
423 2780 696 2812 Gouvernancessde
720 2780 816 2812 nostre
838 2781 916 2812 dicte
941 2782 1012 2812 Paiis
1029 2782 1066 2813 de
1084 2782 1229 2819 Guvenne
1245 2806 1255 2822 ,

195 2829 268 2849 nous
289 2818 368 2850 Vous
386 2819 528 2856 fignifions
545 2819 706 2858 queNous
723 2830 812 2851 avons
832 2819 987 2851 Ordennez
1005 2831 1060 2851 une
1085 2820 1227 2851 Personne
1245 2845 1256 2858 ,

196 2856 333 2888 suffisante
357 2859 390 2888 &
416 2857 552 2894 notable,
581 2857 680 2888 d'estre
705 2857 877 2889 Conestable
902 2859 938 2889 de
964 2859 1060 2890 nostre
1076 2858 1202 2889 Chasteu
1220 2859 1256 2889 de

196 2895 363 2928 Bourdeaux
380 2908 391 2933 3
413 2907 430 2926 a
449 2896 473 2927 le
491 2896 554 2934 quel
573 2897 590 2925 il
608 2896 634 2926 se
650 2896 833 2934 transportem
846 2919 856 2935 ,
881 2907 916 2927 en
937 2906 1017 2928 toute
1032 2896 1127 2935 haste,
1153 2898 1256 2934 plaine-

202 2943 281 2965 ment
298 2934 420 2965 Enform
472 2934 508 2965 de
524 2934 618 2964 nostre
636 2934 713 2973 Avys
729 2935 761 2965 ὃ(
782 2934 925 2965 Intention
940 2958 949 2972 ,
979 2937 1133 2966 touchantz
1152 2936 1171 2966 si
1190 2937 1256 2966 bien

197 2971 237 3001 les
254 2972 403 3008 Matieres,
442 2972 462 3003 e*
473 2973 509 3003 les
530 2973 631 3011 quelles
650 2972 729 3002 Vous
747 2972 835 3003 Nous
853 2982 924 3003 avez
940 2973 1031 3004 Escrit
1051 2983 1098 3010 par
1116 2983 1174 3005 voz
1193 2974 1255 3005 dic-

200 3017 240 3039 tes
260 3009 519 3048 Lettres,Comme
534 3012 649 3041 d'autres
670 3010 803 3041 Matieres
819 3012 988 3042 ronchantes
1006 3011 1101 3042 nostre
1115 3012 1156 3042 dit
1168 3012 1255 3051 Estat,

198 3047 232 3078 &
249 3047 274 3078 13
293 3048 390 3082 bonne
411 3048 621 3080 Gouvernance
641 3050 676 3080 de
697 3048 794 3079 nostre
815 3049 888 3079 Paiis
909 3049 1026 3080 susdicte
1045 3060 1052 3079 t
1078 3050 1255 3088 Proposantz

195 3087 260 3117 auxi
274 3085 310 3116 de
323 3095 340 3125 y
354 3088 470 3117 envoier
485 3088 580 3119 nostre
596 3087 752 3119 Seneschall
766 3088 803 3119 de
816 3087 959 3129 Guyenne
974 3088 994 3119 si
1008 3088 1065 3120 tost
1077 3098 1165 3119 come
1179 3090 1254 3120 bon-

197 3132 315 3155 nement
330 3124 397 3154 faire
411 3123 437 3154 se
451 3135 562 3161 pourra.

234 3162 271 3195 Et
285 3162 382 3193 nostre
396 3162 545 3202 seigneur,
563 3165 623 3195 816.

234 3239 337 3272 Donn.
357 3239 418 3271 &c.
427 3239 541 3270 devant
554 3242 631 3270 Roan
643 3240 671 3271 ie
685 3250 730 3271 xv.
746 3241 818 3280 Jour
830 3242 986 3275 d’Oetobr.

234 3315 357 3392 gorga
373 3354 520 3395 Trefthiers
535 3352 573 3389 ὥ»
588 3355 649 3386 bien
663 3359 758 3386 Amez
764 3354 874 3395 fhialx,
893 3359 948 3387 Les
962 3360 1132 3387 Lieutenant
1147 3356 1180 3385 de
1194 3367 1255 3386 nos-

196 3400 240 3428 tre
253 3392 405 3432 Seneschall
417 3394 449 3423 de
463 3397 604 3433 Guyenne,
623 3392 662 3428 ό*
683 3397 756 3424 Gens
779 3395 811 3424 de
834 3394 918 3435 nistre
939 3394 1065 3434 Consbille
1089 3395 1211 3435 esteantz
1234 3406 1252 3424 a

196 3431 282 3471 nostre
299 3434 372 3462 Citee
386 3433 419 3463 de
438 3432 611 3462 Bourdeaux.
1115 3464 1120 3469 ,

364 3559 440 3588 -Ρνο
451 3552 653 3601 servientibus
672 3557 793 3588 Comitis
814 3554 1044 3599 Vandocinensis.

172 3666 178 3671 .
191 3638 314 3695 'REX
323 3662 334 3678 ,
351 3649 401 3677 per
417 3639 521 3670 Literas
534 3638 590 3670 suas
606 3638 733 3670 Parentes
747 3648 795 3675 per
809 3638 882 3668 Tres
897 3638 1008 3670 Menses
1020 3641 1154 3677 proximo
1176 3640 1254 3671 futu-

283 3688 328 3708 ros
350 3678 490 3709 duraturas
503 3703 512 3715 ,
545 3677 663 3717 suscepit
682 3678 711 3706 in
731 3677 837 3707 salvum
858 3677 890 3706 &
911 3677 1039 3708 securum
1061 3677 1266 3709 (301111αᾶ011]-

196 3711 292 3756 suum,
308 3716 340 3746 ac
357 3717 385 3746 in
403 3716 631 3753 Proteetionem,
649 3715 835 3752 Tuitionem,
854 3716 887 3745 &
902 3713 1104 3747 Defensionem
1118 3717 1175 3747 suas
1189 3717 1251 3755 spe—

198 3752 280 3782 ciales
297 3776 307 3788 ,
329 3753 490 3792 Johannem
510 3754 634 3795 Destroys
657 3752 788 3783 chivaler
803 3776 812 3790 ,
838 3752 994 3790 Johannem
1017 3754 1048 3784 de
1066 3754 1095 3784 la
1120 3755 1250 3794 Marche,

783 3791 941 3830 Johannem
956 3792 1087 3830 Lesneille
1105 3793 1141 3823 de
1161 3794 1248 3824 Fran-

172 3855 177 3861 ,
195 3827 256 3865 cia,
277 3827 433 3860 Servientes
454 3835 563 3861 Comitis
586 3831 617 3860 de
640 3830 768 3860 Vendome
793 3829 939 3860 Prisonarii
961 3830 1065 3869 Regis,
1084 3841 1152 3862 cum
1169 3833 1250 3869 Qua-

195 3871 260 3896 tuor
273 3866 464 3898 Servientibus
476 3869 526 3899 suis
539 3871 568 3899 in
582 3869 729 3899 Comitiva
742 3868 803 3906 sua,
818 3868 909 3898 versus
922 3877 1010 3904 partes
1025 3869 1048 3898 F
1049 3871 1149 3900 ranciae
1164 3878 1251 3900 trans-

193 3903 308 3942 eundo,
325 3904 358 3934 &
377 3905 478 3936 abinde
497 3909 525 3937 in
547 3906 684 3946 Regnum
709 3907 796 3946 Regis
818 3905 932 3943 Angliae
953 3907 1095 3938 veniendo
1111 3931 1121 3946 ,
1143 3909 1251 3939 ibidem

193 3942 353 3980 morando,
367 3943 400 3974 &
414 3944 514 3974 exinde
528 3947 620 3976 versus
634 3954 722 3983 partes
737 3945 793 3975 suas
809 3944 954 3982 praedi&as
967 3945 1251 3984 redeundo,necnon

191 3980 303 4011 Aurum
314 4003 324 4019 ,
339 3980 498 4025 Argentum
510 3981 634 4021 Jocalia,
652 3983 748 4021 Bona,
768 3983 845 4020 Res,
863 3983 896 4013 &
908 3982 1044 4014 Hernesia
1056 3993 1252 4023 quaecunque,

192 4019 383 4056 cujuscunque
403 4018 510 4058 Pretii,
534 4020 661 4060 Valoris‚
689 4022 746 4055 sive
768 4020 978 4054 AEstimationis
1000 4021 1078 4060 sint,
1100 4033 1165 4061 quae
1183 4033 1253 4055 cum

228 4059 300 4088 Tbm.
318 4059 366 4088 IV.
387 4058 423 4089 Ρ.
440 4060 500 4088 ΙΠ.

1289 1414 1391 1452 gantias
1412 1413 1523 1451 firmas,
1540 1414 1638 1452 reales,
1656 1415 1688 1445 ὃς
1711 1424 1868 1453 perpetuas,
1887 1418 1957 1446 irizer
1980 1422 2055 1457 Nos,
2081 1421 2113 1451 ὃ(
2134 1424 2241 1453 diam
2266 1428 2347 1454 Dm-

1284 1451 1411 1490 phinum,
1431 1451 1680 1492 Consanguineum
1697 1453 1843 1490 nostrum,
1866 1454 2028 1492 Regentem
2045 1467 2074 1488 ut
2094 1459 2213 1499 dicitur,
2233 1462 2349 1494 firman-⁴

1289 1489 1336 1520 das
1351 1491 1384 1520 &
1398 1491 1626 1528 concludendas,
1643 1493 1898 1531 concernentibus,

1328 1527 1411 1559 Hinc
1427 1528 1468 1558 est
1484 1529 1563 1567 quod
1579 1529 1662 1567 Nos,

1330 1565 1379 1596 De
1405 1567 1555 1606 Legalitate
1570 1590 1579 1603 ,
1604 1567 1775 1606 Prudentia,
1807 1570 1840 1600 ὃς
1865 1568 2031 1609 Fidelitate,
2058 1571 2295 1608 Reverendissimi
2316 1579 2346 1609 in

1292 1602 1410 1635 Christo
1426 1605 1530 1643 Patris,
1548 1608 1660 1636 Domini
1680 1609 1790 1637 Henrici
1805 1607 1859 1637 Dei
1875 1607 1990 1647 Gratis,
2007 1610 2212 1643 CantuarIenlis
2230 1616 2349 1647 14161116-

1290 1643 1398 1680 piscopi
1414 1643 1521 1674 Totius
1534 1644 1647 1681 Angliae
1663 1644 1811 1683 Primatis,
1825 1647 1857 1677 ὃς
1875 1646 1952 1677 Sedis
1967 1648 2139 1685 Apostolicae
2156 1651 2271 1692 Legati,
2289 1654 2313 1683 V
2317 1666 2348 1685 e-

1292 1682 1420 1712 nerabilis
1435 1684 1464 1712 in
1480 1682 1597 1713 Christo
1614 1682 1716 1721 Patris,
1734 1684 1856 1714 Domini
1880 1687 2005 1723 Henrici,
2022 1687 2120 1717 endem
2145 1689 2262 1730 Gratis,
2280 1696 2350 1731 Epi-

1284 1719 1357 1759 fiopi
1383 1719 1544 1761 Cfczstrenfir
1558 1745 1567 1759 ,
1602 1720 1821 1752 Carisfimorum
1855 1722 2140 1759 Consaneuineorum
2160 1729 2324 1761 nostrorum
2338 1757 2348 1772 ,

1291 1757 1421 1788 Richardi
1446 1763 1555 1789 Comitis
1577 1762 1739 1798 Warwicae,
1758 1762 1791 1792 &
1809 1760 1914 1791 Thomae
1939 1767 2048 1792 Comitis
2060 1768 2174 1805 Sarum,
2194 1778 2244 1806 ac,
2265 1768 2348 1800 Dile-

1291 1797 1407 1827 istorum
1430 1798 1464 1828 ἃ
1485 1797 1622 1828 Fidelium
1645 1798 1806 1829 nostrorum
1820 1822 1829 1837 ,
1856 1799 1996 1838 Johanm‘s
2016 1803 2047 1831 de
2068 1806 2159 1843 Gray,
2181 1806 2213 1835 &
2235 1810 2348 1839 Henrici

1291 1835 1428 1873 Pitzhugh
1447 1835 1599 1866 Camerarii
1611 1837 1698 1867 nostri
1708 1860 1717 1874 ,
1737 1838 1852 1866 lValteri
1868 1841 2047 1877 Hungerford
2059 1840 2207 1873 senescalli
2221 1845 2347 1883 Hospitii

1291 1874 1395 1912 nostri,
1419 1874 1561 1905 Willielmi
1575 1875 1752 1913 Bourgchicr,
1773 1875 1903 1914 Magistri
1918 1877 2033 1916 Philippi
2050 1884 2167 1918 Mai-gan
2179 1882 2350 1916 Cancellarii

1292 1912 1382 1942 nostri
1398 1912 1607 1951 Normanniae,
1623 1913 1749 1943 Rculand
1771 1915 1918 1954 Leyvtale,
1938 1916 2068 1953 Maeistri
2088 1919 2229 1956 Jalmnnis
2247 1925 2348 1962 Kempe

1291 1950 1428 1981 Custodis
1449 1951 1553 1982 Privati
1577 1952 1665 1988 Sigilli
1687 1952 1792 1989 nostri,
1811 1963 1946 1993 necnon,
1963 1955 2143 1987 Dile&orum
2165 1960 2327 1991 nostrorum

1289 1988 1397 2019 Thomae
1416 1989 1563 2028 Chaucers,
1589 1990 1733 2020 Wllielmi
1752 1990 1890 2028 Alynton,
1912 1993 2143 2034 Armigerorurn,
2162 1997 2195 2027 &
2216 1987 2347 2031 Maoistr}

1289 2026 1430 2065 Johannis
1447 2028 1538 2058 Stokes
1553 2029 1664 2067 Legum
1686 2028 1844 2066 D0&0ris‚
1863 2029 2095 2064 Consiliariorum
2114 2023 2287 2067 nostrorumo
2311 2039 2346 2070 &

1291 2076 1391 2096 eorum
1408 2067 1571 2105 cujussibet,
1587 2068 1711 2105 plenarie
1725 2068 1917 2108 confidentes,
2286 2061 2296 2077 ³

1329 2104 1375 2135 Ad
1394 2106 1625 2137 conveniendum
1645 2106 1674 2136 in
1695 2107 1828 2137 omnibus
1849 2109 1882 2138 &
1905 2108 2018 2145 lingulis
2038 2110 2144 2149 Locis,
2165 2114 2293 2150 quotiens
2311 2115 2345 2146 &

1287 2143 1403 2182 quando
1418 2145 1475 2182 eis,
1500 2145 1746 2184 Qatuordecim‚
1767 2145 1837 2181 Sex,
1859 2147 2008 2186 Qatuor,
2031 2159 2077 2180 aut
2099 2151 2205 2181 Tribus
2228 2163 2343 2184 eorum-

1291 2184 1374 2219 dem,
1393 2182 1533 2213 videbitur
1546 2183 1694 2221 expedire,
1711 2193 1746 2214 ac
1759 2184 1793 2213 ad
1809 2184 2022 2221 Tractandum,
2042 2188 2074 2217 &
2089 2187 2348 2231 Concor-dandum,

1291 2231 1325 2251 ac
1345 2221 1460 2251 finaliter
1479 2220 1723 2252 Concludendum
1744 2231 1812 2252 cum
1831 2223 2030 2254 (11610111111111
2046 2225 2177 2265 Principe
2191 2229 2333 2267 Dauplaino

1293 2258 1514 2298 consanguineo
1526 2259 1642 2298 nostro,
1659 2259 1789 2298 Regente
1804 2269 1834 2290 ut
1847 2261 1964 2301 dicitur,
1984 2263 2040 2293 five
2055 2275 2120 2294 cum
2138 2254 2350 2306 nuibiis'cunqui}

1292 2299 1349 2327 aliis
1370 2299 1402 2328 ad
1425 2298 1483 2328 1106
1506 2308 1555 2336 per
1577 2308 1643 2328 eum
1666 2298 1804 2338 deputatis
1819 2299 1862 2329 seu
1880 2300 2058 2338 deputandis,
2079 2303 2248 2335 Mandatum
2269 2307 2296 2336 in
2319 2317 2351 2337 ea

1296 2336 1376 2366 Parte
1389 2336 1529 2366 sufficiens
1544 2336 1729 2374 habentibus⁷
1740 2336 1776 2367 de
1790 2338 1823 2368 δε
1837 2337 1916 2377 super
1933 2340 2144 2380 quibuscunque
2162 2343 2349 2381 Ligiisson-

1293 2375 1542 2412 foederarionibus,
1559 2376 1591 2406 &
1609 2375 1763 2413 Amicitiis,

1328 2413 1404 2443 Inter
1426 2413 1494 2444 Nos
1508 2437 1517 2451 ,
1543 2414 1575 2444 &
1596 2413 1777 2445 Successores
1802 2415 1914 2445 nostros
1930 2440 1939 2453 ,
1964 2415 2114 2456 Subditos,
2142 2420 2175 2449 &
2197 2420 2349 2459 Vaffillns,

1292 2451 1430 2489 Regnum
1445 2475 1454 2489 ,
1481 2452 1605 2491 Terras,
1630 2454 1663 2483 ὃς
1687 2452 1825 2483 Doniiiiia
1847 2454 1940 2483 nostra
1964 2465 2142 2494 ‹uaeciinque
2165 2458 2202 2488 de
2223 2461 2348 2496 praesenti

1293 2491 1393 2521 Nobis
1413 2490 1537 2529 subdita,
1555 2494 1600 2521 seu
1622 2491 1812 2526 imposterum
1832 2492 1958 2522 subicien
1980 2503 2010 2530 a,
2029 2504 2062 2523 ex:
2084 2495 2156 2533 11113,
2188 2498 2219 2526 ξε
2238 2498 2349 2529 dicium

1294 2533 1439 2559 Dominum
1454 2529 1642 2568 Dauphinum,
1664 2529 1828 2566 Regentem
1844 2540 1874 2561 ut
1886 2531 2006 2569 dicitur,
2026 2533 2275 2570 Conibwfiiiineum
2298 2547 2352 2567 no-

1295 2568 1401 2606 strum,
1418 2568 1598 2598 Succeffores
1620 2568 1697 2606 suos,
1715 2568 1853 2608 subditos,
1873 2571 1906 2600 &
1927 2571 2071 2609 milanos,
2093 2573 2238 2607 prasentes
2259 2576 2292 2606 &
2307 2575 2351 2605 fu-

1294 2616 1387 2644 turos,
1406 2607 1439 2637 &
1463 2606 1603 2636 Dominia
1620 2607 1664 2637 sua
1687 2607 1829 2646 praesentia
1851 2608 1884 2638 ὃ(
1898 2608 1989 2638 sutura
2001 2631 2010 2647 ,
2028 2619 2061 2639 ex
2077 2609 2158 2640 altera
2171 2621 2263 2650 parte,
2279 2623 2351 2644 con-

1293 2645 1432 2678 trahendis
1444 2645 1616 2676 &ineundis
1630 2648 1768 2682 perpetuo
1784 2645 1827 2675 vel
1842 2646 1874 2676 ad
1889 2655 2014 2685 tempuS‚

1331 2683 1426 2714 Etiam
1441 2684 1478 2713 de
1491 2683 1604 2723 Modo,
1621 2685 1652 2714 &
1670 2684 1792 2721 Forma,
1810 2685 1842 2715 &
1860 2684 2024 2723 Quantitate
2041 2686 2159 2724 Auxilii,
2177 2687 2351 2721 Subventio-

1293 2723 1353 2760 nis,
1372 2721 1546 2760 Succursfis,
1562 2722 1606 2753 seu
1622 2722 1760 2761 Subsidii,
1777 2723 1845 2753 hinc
1861 2724 1927 2753 inde
1943 2724 2207 2756 ministrandorum:

1332 2760 1462 2791 Necnon
1475 2761 1511 2790 de
1531 2763 1564 2792 &
1584 2760 1663 2799 super
1682 2760 2017 2799 communicationibus,
2035 2764 2104 2793 inter
2126 2764 2248 2796 fiibdiros
2269 2768 2349 2797 unius

1292 2800 1326 2830 ὃς
1341 2800 1451 2829 alterius
1467 2799 1570 2837 Partis,
1588 2801 1616 2829 in
1634 2799 1833 2830 Mercimoniis
1846 2801 1878 2831 &
1889 2800 1944 2830 aliis
1969 2800 2080 2839 LiciriS,
2104 2802 2178 2833 bene
2200 2805 2233 2835 &
2255 2805 2351 2836 secure

1291 2848 1324 2869 ac
1338 2836 1522 2868 amicabiliter
1535 2838 1685 2876 faciendis,

1296 2888 1298 2890 ’
1332 2876 1377 2907 Α6
1396 2877 1530 2906 omnibus
1549 2877 1582 2907 &
1603 2876 1713 2915 lingulis
1729 2874 1876 2914 Articulis,
1895 2885 2158 2915 quantumcumque
2173 2879 2352 2920 specialibus,

1295 2916 1344 2952 qui
1361 2915 1460 2953 Ligus,
1478 2913 1762 2953 Confoederationes,
1779 2915 1823 2944 seu
1843 2915 2004 2953 Amicitias,
2022 2918 2094 2946 inter
2109 2917 2176 2946 Nos
2198 2920 2230 2948 ὅτ
2251 2920 2350 2950 didam

1293 2952 1481 2992 Dauphinum,
1501 2952 1753 2990 Consanguineum
1770 2952 1898 2983 nostrum
1908 2977 1917 2989 ,
1930 2955 2134 2985 contrahendas
2148 2956 2179 2986 &
2194 2955 2352 2997 firmandas,

1292 3001 1465 3022 concernere
1484 3000 1616 3029 poterunt
1637 2991 1848 3029 quovismodo,
1874 3001 1943 3021 cum
1965 3001 2067 3023 eorum
2090 2993 2300 3034 Incidennbus,
2320 3008 2350 3027 e-

1293 3031 1503 3068 mergentibus,
1521 3029 1760 3068 dependentibus,
1779 3031 1812 3060 &
1827 3031 1981 3068 connexis,
2118 3033 2121 3036 '

1330 3069 1375 3098 Ac
1395 3069 1494 3098 omnia
1517 3068 1550 3098 &
1573 3068 1692 3106 singula,
1711 3078 1774 3105 qure
1798 3068 1834 3097 sic
1851 3068 2001 3106 Traeiata,
2021 3068 2190 3108 Conventa,
2208 3074 2242 3103 ὃς
2266 3072 2351 3103 Con-

1291 3106 1406 3140 cordata
1421 3107 1540 3144 fuerint,
1559 3116 1626 3136 cum
1641 3108 1724 3136 omni
1738 3106 2013 3144 Securitate,debirfi
2026 3109 2059 3139 δε
2075 3108 2206 3146 honesti,
2216 3110 2350 3142 Nomine

1292 3144 1407 3182 nostro,
1427 3144 1626 3181 Firmandum,

1329 3184 1374 3214 Ac
1386 3192 1488 3214 omnes
1503 3183 1536 3214 &
1550 3183 1729 3213 omnimodas
1751 3183 1934 3222 Securitates,
1954 3186 1970 3201 *
1990 3184 2202 3224 obligationes,
2219 3187 2252 3217 &
2271 3182 2348 3219 (3311-
2363 3201 2379 3217 o
2391 3202 2442 3230 IX·

2360 3241 2429 3274 627.

1290 3223 1396 3260 tiones,
1413 3221 1498 3252 reales
1509 3222 1542 3252 &
1557 3221 1726 3260 personales,
1745 3231 1796 3258 pro
1812 3221 1911 3252 Nubis
1925 3223 1957 3254 ὃς
1974 3222 2110 3253 Nomine
2124 3223 2241 3263 nostro,
2259 3225 2346 3257 Offe-

1290 3260 1426 3297 rendum,
1447 3259 1600 3297 Dandum,
1620 3261 1652 3291 &
1669 3259 1897 3298 Exponendum‚

1327 3298 1542 3338 Jurandumque
1563 3300 1592 3328 in
1615 3298 1748 3328 Animam
1770 3298 1896 3328 nostram
1914 3299 1993 3336 quod
2009 3300 2159 3339 Tranata,
2177 3299 2347 3341 Conventa,

1291 3338 1324 3368 &
1343 3336 1525 3367 concordata
1543 3336 1701 3374 hujusmodi
1724 3336 1794 3366 Rata
1814 3337 1979 3367 habebimus
1995 3339 2028 3368 &
2045 3337 2150 3376 Grata,
2170 3350 2224 3370 nec
2244 3341 2348 3379 aliquid

1290 3377 1504 3413 procur-abimus
1516 3375 1560 3405 vel
1576 3375 1710 3405 faciemus
1726 3385 1773 3411 per
1789 3375 1865 3413 quod
1881 3375 2014 3405 Tranata
2037 3377 2069 3406 &
2090 3376 2275 3410 concordata
2295 3381 2348 3410 hu-

1287 3414 1411 3483 {iusmodi
1423 3413 1530 3446 61166111
1544 3413 1643 3444 debito
1659 3412 1781 3443 frustrari
1797 3422 1944 3452 poterunt,
1961 3414 2007 3445 seu
2021 3415 2242 3453 quomodolibet
2258 3419 2348 3458 irnpe-

1311 3463 1362 3490 iri,

1326 3491 1370 3521 Ac
1381 3490 1576 3528 Juramentum
1592 3489 1756 3526 consimile,
1773 3499 1887 3520 necnon
1902 3500 2003 3521 omnes
2018 3491 2050 3521 &
2063 3492 2243 3523 omnimodas
2257 3493 2345 3523 Secu-

1290 3529 1398 3566 ritates‚
1416 3528 1633 3566 obligationes,
1649 3529 1681 3558 ὃ(
1706 3527 1878 3565 Cautiones,
1897 3529 1978 3558 reales
2002 3530 2034 3560 &
2059 3531 2228 3568 personales,
2247 3532 2282 3560 ab
2294 3539 2344 3561 eo·-

1289 3566 1356 3597 dem
1377 3566 1539 3604 Dauphino,
1556 3565 1776 3605 consanguineo
1797 3565 1912 3605 nostro,
1930 3567 1975 3597 seu
1997 3567 2083 3605 Ipsius
2103 3571 2130 3598 in
2151 3578 2181 3598 ea
2196 3578 2270 3605 parte
2283 3568 2342 3599 De-

1290 3606 1405 3642 putatis,
1429 3606 1474 3635 seu
1496 3604 1690 3642 Deputandis,
1714 3603 1889 3643 Petendum,
1916 3604 2128 3644 Stipulandum,
2146 3606 2343 3646 Exigendum,

1289 3645 1322 3675 &
1337 3642 1564 3680 Recipiendum,

1328 3681 1496 3719 Caeteraque
1507 3681 1604 3710 omnia
1616 3681 1648 3710 δε
1662 3680 1768 3717 singula
1793 3680 1984 3720 Faciendum,
2004 3681 2197 3713 Exercendum
2208 3705 2216 3719 ‚
2233 3683 2266 3713 &
2287 3683 2345 3714 Ex·

1288 3719 1460 3757 pediendurn
1483 3729 1547 3756 quse
1569 3720 1598 3748 in
1620 3718 1770 3749 Praemissis
1791 3720 1835 3749 vel
1855 3721 1929 3750 circa
1950 3731 1980 3751 ea
2004 3721 2151 3750 necessaria
2173 3720 2275 3751 fuerint
2298 3721 2344 3753 seu

1287 3757 1508 3796 quomodolibet
1520 3765 1679 3796 oportuna,
1698 3767 1731 3788 ac
1747 3767 1811 3794 quae
1824 3758 1936 3795 qualitas
1950 3759 1982 3788 &
1996 3767 2089 3788 natura
2105 3757 2261 3794 huiusmodi
2276 3759 2344 3790 Ne-

1288 3797 1359 3834 gotii
1373 3797 1488 3834 exigunt
1502 3795 1535 3826 &
1550 3796 1710 3832 requirunt,
1729 3795 1762 3826 &
1777 3805 1841 3832 quae
1856 3795 2031 3833 Nosmeripsi
2046 3796 2135 3825 facere
2157 3797 2300 3832 possemus
2321 3799 2342 3829 si

1288 3834 1465 3872 personaliter
1480 3833 1690 3871 interessemus,
1708 3834 1812 3863 etiamsi
1830 3834 1889 3863 talia
1905 3834 1997 3863 forent
2012 3844 2075 3871 quae
2090 3833 2259 3865 Mandatum
2283 3838 2340 3867 exi-

1288 3880 1387 3912 gerent
1401 3879 1677 3909 quamtumcumque
1691 3870 1808 3909 speciale
1817 3894 1827 3908 ,

1328 3910 1405 3947 Ipsos
1420 3931 1430 3947 ,
1454 3909 1730 3941 Reverendiffimum
1751 3909 1861 3939 Patrem
1878 3911 2044 3945 Henrfcum‚
2069 3907 2266 3942 Venerabilem
2290 3913 2345 3944 Pa-

1290 3957 1363 3980 trem
1382 3950 1526 3978 Henricum
1541 3947 1706 3978 Cariffimos
1727 3947 1960 3980 Consaneuineo‘:
1983 3946 2110 3985 nostros,
2128 3951 2292 3988 Ricardum,
2309 3953 2345 3983 &-

1290 3986 1418 4017 Thomam
1434 4008 1444 4023 ,
1472 3987 1591 4017 diletflos
1613 3987 1646 4017 &
1671 3985 1764 4016 fideles
1787 3984 1910 4022 nostros,
1939 3983 2092 4014 ‘ohannem
2115 3985 2153 4020 ὠ»
2177 3990 2344 4026 Henricum',

1294 4027 1336 4058 W
1335 4024 1489 4063 illielmum,
1512 4024 1680 4064 Philippum,
1703 4022 1888 4090 Roulfndum,
1938 4022 2087 4063 ohannem,
2109 4024 2264 4094 Thomarln?
2276 4027 2345 4056 Wil—

1797 4069 1815 4090 2
2228 4068 2249 4094 ie
2260 4076 2329 4095 mum
2337 4088 2348 4103 „
