2562 4274
770 206 887 247 ET
967 205 1235 247 ACTA

51 296 131 330 Amx
143 292 186 326 D.
190 303 236 335 per
249 298 366 327 Annum
377 293 497 329 habent,
515 291 548 322 &
563 299 607 322 eas
619 299 668 328 per
680 290 753 333 Tres
770 291 869 322 Annos
881 293 1003 329 integros
1018 298 1166 334 tenuerunt
1179 313 1188 326 ,
1208 291 1241 320 ὃς

73 342 154 374 14301
193 334 297 365 Milite.
317 344 374 363 non
395 334 454 361 {unt
469 355 478 367 ,
504 329 632 374 Orqlinem
667 332 794 368 uscipiant
818 329 991 373 Milirarenz,
1024 339 1099 373 citra·
1115 328 1242 371 Odiabas

52 380 113 404 Hen-
132 373 160 401 6.
192 373 289 404 Sancti
310 370 459 413 Michaelis
477 371 612 412 proximo
646 379 735 412 ururas
750 390 760 406 ,
776 367 819 398 vel
833 378 862 398 m
878 367 979 399 eisdem
994 366 1113 398 octabis
1127 367 1162 397 ad
1176 366 1240 397 ulti-

194 421 299 480 ωιὲωέ
309 408 502 478 sulleIPericutjo
515 406 593 475 qhmd
605 407 779 482 incumbit,Q
804 443 821 475 d
874 445 878 450 ἰ
947 444 1000 474 [ὦ
1080 444 1110 474 T
1229 442 1240 472 l

256 459 266 478 r
302 458 317 477 e
366 456 457 478 ommi
480 455 509 476 us
523 457 532 475 1
552 454 654 483 orum,
671 454 720 482 qui
769 454 802 474 ua
824 453 926 481 raginta
972 455 979 474 ι
1001 452 1068 476 ratas
1111 452 1180 475 errae
1194 452 1229 473 ve

191 483 714 564 ssffgsufsiafflussieixfflnffiss
728 482 1244 564 rilisuinpeffssssffffsslaessE'srfffassgss‘gss‘.

197 564 268 595 stare
281 563 362 593 facias
377 570 441 595 ante
452 560 576 591 Oetabas
592 557 768 597 supradiekas3
784 559 822 589 Et
838 559 894 603 boc
910 559 1061 590 nullatenus
1075 566 1197 602 omittas.

213 601 320 648 “Teste
332 601 416 641 Rege
432 596 796 638 apudtmstmonasterium
815 597 951 629 vrcefimo
967 598 1044 628 sexto
1063 596 1107 628 dte
1124 597 1245 628 Februa-

197 651 238 673 ru.
363 653 366 655 “
497 660 500 663 ν

73 528 88 544 ⁹
104 526 142 553 X.

53 574 118 601 450·

413 711 564 781 congel?
579 715 684 744 Brevia
697 713 847 750 diriguntur
856 710 968 753 singulis
983 715 1011 741 V
1011 710 1187 744 icecomitibus
1198 717 1247 748 per

504 763 536 789 ng
548 762 611 781 tam.

203 882 261 916 Pro
273 878 424 911 Comit'iva
441 881 526 925 Regis
541 881 572 910 in
593 877 690 923 Viago
708 875 752 908 ad
760 879 921 910 Franciam
931 904 940 919 ,
952 875 1061 910 ibidem
1075 877 1249 911 Coronandi.

58 972 135 1004 Λῃῃ,
146 968 187 1000 Ι),
203 963 264 1025 V
275 963 376 1004 Icqfimo
395 966 476 992 Sexto
494 966 548 992 Die
565 961 703 992 Februarii
717 984 726 997 ,
744 963 830 990 Anno
845 962 942 991 orlavo
975 961 1047 999 apud
1063 961 1251 993 XVestmona-

79 1018 164 1048 1430,
287 1001 399 1032 sterium
413 1023 423 1039 ,
448 1000 664 1031 Concordatum
686 998 738 1029 fuit
761 999 840 1037 quod
854 999 899 1030 fiat
914 984 1080 1031 W³arantum
1096 1001 1250 1032 Thesaura-

57 1053 111 1077 An.
128 1051 154 1075 ὅ,
205 1040 248 1070 rio
261 1040 294 1070 &
312 1039 479 1070 Camerariis
495 1039 531 1070 de
553 1036 697 1070 Solvendo
717 1037 839 1068 Duobus
863 1038 1019 1077 Fratribus,
1035 1040 1083 1077 qui
1097 1040 1252 1071 detulerunt

58 1091 94 1117 H,
114 1088 142 1116 6.
204 1078 312 1108 Literas
340 1086 374 1107 ex
400 1086 477 1115 parte
492 1090 495 1092 >
841 1075 1072 1107 Conliliariorum
1104 1078 1229 1109 Franciae
1243 1103 1253 1117 ,

58 1130 132 1153 Penes
203 1126 288 1154 penes
304 1115 470 1147 Dominum
485 1115 603 1153 Regem
621 1114 654 1146 &
669 1113 833 1145 Concilium
851 1124 869 1144 x
887 1114 934 1145 lib.
950 1125 1000 1153 per
1016 1115 1100 1146 Viam
1117 1117 1251 1155 Regardi.

84 1163 189 1192 IenPell.
210 1177 214 1181 ·
398 1179 399 1182 ¹

60 1168 83 1192 e
241 1192 287 1223 ΙΤ
299 1202 352 1224 EM
369 1216 379 1232 ,
406 1194 485 1231 quod
508 1192 552 1224 fiat
573 1191 717 1223 confimile
739 1190 909 1223 warantum
921 1216 929 1231 ,
947 1192 982 1222 de
999 1191 1143 1223 Solvendo
1158 1195 1254 1221 Comiti

205 1234 356 1268 Devow‘ae,
374 1233 445 1262 infra
461 1241 572 1262 aetarem
595 1232 627 1262 &
648 1231 677 1260 in
699 1229 938 1270 CustodiaiRegis
954 1231 1100 1268 existenti,
1121 1233 1168 1269 qui
1184 1241 1252 1262 cum

204 1271 338 1302 Domino
357 1270 442 1304 Rege
459 1273 486 1300 in
503 1270 637 1309 Regnum
651 1268 731 1298 suum
749 1269 873 1300 Franciae
891 1270 1065 1307 profe-§turus
1082 1269 1123 1300 est

208 1331 213 1333 -
309 1310 336 1338 in
353 1309 432 1339 dieto
447 1308 551 1348 Regno
567 1309 589 1338 F
591 1308 691 1338 ranciae
703 1330 712 1344 ,
731 1307 760 1336 in
778 1306 926 1339 Couritiva
939 1307 1027 1345 Regis

206 1347 336 1378 faciendo
349 1345 434 1378 Cent.
450 1347 469 1377 l.
489 1357 537 1385 per
554 1347 640 1378 Viam
657 1345 787 1384 Regardi.

244 1423 289 1453 Ιτ
299 1433 317 1454 E
330 1432 356 1454 M
368 1446 376 1461 ,
396 1422 475 1461 quod
487 1423 553 1453 fiant
590 1422 633 1452 W
635 1430 725 1452 aranta
740 1421 859 1460 separata
870 1445 879 1460 ,
899 1421 934 1452 de
950 1421 1095 1453 Solvendo
1113 1420 1254 1458 Magistro

208 1463 323 1493 Ricardo
339 1464 441 1500 Praty,
460 1463 492 1493 &
511 1461 649 1499 Magistro
663 1459 790 1499 Johanni
805 1465 951 1499 Carpenter
968 1460 1105 1498 Mrgistro
1119 1461 1146 1489 in
1160 1460 1258 1490 Theo-

207 1501 298 1540 logia,
318 1500 475 1537 Capelianis
489 1499 608 1537 Regiis,
625 1509 670 1536 qui
689 1508 755 1529 cum
769 1499 873 1529 eodem
888 1501 917 1529 in
935 1499 1072 1535 Regnum
1088 1500 1167 1528 suum

255 1576 282 1606 d'
369 1538 500 1576 Expenfis
519 1539 598 1576 (viz.)
619 1538 733 1569 cuilibet
747 1547 848 1569 eorum
862 1538 889 1568 xl
909 1541 1021 1567 Marcus
1038 1547 1086 1575 per
1101 1537 1183 1567 Viam
1201 1535 1260 1566 Re-

243 1587 254 1605 r
277 1586 294 1606 1.

207 1585 260 1646 gal
269 1623 292 1645 T
302 1624 320 1645 E
330 1623 357 1645 Μ
370 1638 380 1653 ,
395 1615 469 1645 aliud
484 1614 655 1646 warantum
672 1637 682 1653 ,
704 1615 740 1645 de
755 1612 900 1644 solvendo
915 1612 1056 1652 Magistro
1068 1612 1196 1651 Johanni
1213 1615 1260 1642 So-

207 1652 475 1724 tsnersetl1-Magistff
490 1654 518 1683 in
522 1653 680 1722 &Medicina
696 1652 866 1685 δεΒοὲἲοτί
880 1651 968 1690 Regis
978 1675 988 1689 ,
1005 1651 1136 1682 Nomine
1146 1650 1260 1688 Expen-

221 1702 300 1723 arum
325 1701 424 1724 uarum
468 1700 509 1722 tra
550 1700 714 1722 nnuitatem.

244 1767 368 1805 ITEM,
385 1767 458 1798 aliud
475 1767 662 1804 Warantum,
680 1766 716 1796 de
732 1765 874 1797 Solvendo
898 1765 986 1796 Fratri
1003 1764 1132 1803 Johanni
1147 1764 1261 1795 n'alden

213 1805 378 1836 Confeffori
396 1806 485 1844 Regis
500 1830 510 1842 ‚
536 1815 590 1843 pro
604 1804 736 1844 Expenfis
753 1804 822 1843 suis,
841 1806 915 1835 circa
929 1804 985 1836 Iter
998 1805 1077 1835 luum
1094 1813 1163 1834 cum
1178 1803 1261 1844 Rege

212 1845 242 1875 in
255 1844 393 1883 Regnum
407 1844 488 1874 suum
501 1844 635 1874 Franciae.

211 1921 249 1960 J.
262 1920 346 1950 Ebor.
363 1919 454 1950 Canc.

758 1918 795 1957 J.
814 1918 934 1949 Bathon.

213 1961 246 1990 P.
265 1958 361 1999 Εζγεη.

757 1957 793 1996 J.
810 1960 863 1987 Ra.
903 1997 906 2001 ¹

454 2085 504 2116 De
523 2081 723 2117 Providentiis
731 2092 786 2129 pro
804 2085 841 2116 V
838 2085 917 2130 iagio
934 2085 1032 2129 Regis.

67 2171 144 2202 Ann.
154 2169 196 2200 D.
214 2170 275 2232 V
286 2169 390 2214 Icefhrm
411 2171 492 2199 Sexto
511 2171 566 2199 Die
580 2166 718 2212 Februarii]
729 2192 738 2206 ,
756 2169 843 2198 Anno
860 2168 974 2205 ostam,
989 2165 1063 2204 apud
1078 2166 1265 2213 Westmona-

91 2218 176 2248 1430.
298 2209 430 2252 sterium,
446 2206 663 2237 Concordatum
680 2206 732 2236 fuit
746 2206 827 2244 quod
841 2205 886 2236 fiat
897 2205 1065 2236 Warantum
1078 2204 1263 2250 Thesaurario

68 2252 121 2278 An.
141 2249 169 2276 8.
219 2248 253 2278 &
274 2247 438 2279 Camerarus
456 2245 490 2276 de
511 2244 656 2276 Solvendo
671 2244 800 2283 Jshanni
816 2243 914 2283 Hotoft
936 2243 1121 2274 Thesaurarlo
1144 2244 1266 2283 Hospitii

73 2292 108 2314 H.
128 2289 155 2315 6.

70 2325 137 2353 Bibl.

70 2367 173 2391 Cotton.

71 2401 204 2439 cleopatra
257 2401 367 2431 ITEM
381 2421 392 2437 ,
409 2398 444 2429 de
467 2397 658 2429 Deliberando
676 2396 790 2427 Roberto
816 2397 947 2437 Rollrston
962 2420 972 2436 ,
1004 2395 1126 2428 Custodi
1148 2397 1267 2437 Magnae

75 2443 104 2468 F.
123 2450 151 2475 4.
223 2439 399 2470 Garderobae
423 2438 510 2474 Regis
524 2459 545 2481 ,ι
559 2447 612 2475 pro
636 2435 815 2467 Providentia
835 2437 869 2467 ad
892 2435 1089 2466 Garderobrim
1110 2436 1198 2476 Regis
1213 2448 1267 2476 pro

72 2479 173 2544 {gnssg'
222 2478 328 2516 Viagio
339 2476 389 2507 suo
403 2476 432 2506 in
447 2475 595 2506 Franciam
608 2474 750 2513 facienda,
768 2474 825 2505 CC
832 2474 852 2504 l.
871 2485 919 2513 per
930 2474 1015 2505 Viam
1029 2474 1156 2505 Praestiti.

220 2286 326 2323 Regis,
343 2293 394 2322 pro
415 2283 594 2314 Providentia
613 2282 786 2313 victualium
806 2283 841 2314 ad
861 2293 931 2321 opus
943 2282 1034 2320 Regis
1049 2283 1117 2313 ultra
1132 2282 1214 2313 Mare
1228 2284 1269 2315 fa-

221 2325 336 2363 cienda,
355 2327 399 2353 M.
418 2326 531 2353 Marcus
545 2331 594 2359 per
607 2322 682 2353 viam
697 2321 820 2359 praestiti.

259 2553 274 2584 Ι
282 2561 385 2591 ΤΕΜ,
402 2552 438 2583 de
464 2551 657 2584 Deliberando
681 2550 808 2589 Johanni
826 2551 946 2591 Merston
963 2574 973 2590 ,
989 2550 1110 2583 Custodi
1123 2551 1267 2590 Jocalium

222 2592 330 2631 Regis,
347 2602 400 2632 pro
411 2591 591 2622 Providentia
601 2590 741 2630 Jocalium
754 2592 787 2621 &
803 2591 923 2621 aliorum
940 2590 1155 2620 necessariorum
1165 2613 1173 2628 ,
1192 2590 1270 2621 Offi-

218 2631 558 2700 Viaxiilffirgeeirttiitrssemium
571 2654 581 2667 ,
606 2627 734 2660 facienda
755 2638 807 2667 pro
827 2629 953 2667 praesenti
976 2627 1097 2667 Viagio,
1115 2628 1202 2659 CCI.
1221 2639 1269 2668 per

255 2738 300 2774 Ῐτ
312 2754 330 2774 E
339 2753 366 2774 M
375 2767 384 2782 ,
401 2744 475 2775 aliud
490 2743 662 2775 Warantum
674 2743 710 2773 de
724 2742 867 2774 Solvendo
882 2746 977 2773 Fratri
991 2743 1119 2781 Johanm‘
1135 2743 1268 2782 Walden,

219 2782 382 2812 Confeffori
404 2782 494 2822 Regis
509 2805 518 2820 ,
536 2793 587 2820 pro
599 2781 729 2819 Expensis
743 2782 812 2820 suis,
830 2783 905 2813 circa
920 2781 977 2812 Iter
989 2783 1087 2819 suum,
1107 2792 1175 2812 cum
1188 2783 1270 2822 Rege

218 2822 248 2851 in
265 2820 400 2860 Regnum
415 2821 493 2851 suum
508 2821 650 2858 Franciae,
667 2820 815 2859 faciendis,
834 2819 887 2850 xll.
906 2830 956 2860 per
972 2820 1054 2852 Viam
1071 2820 1203 2859 Regardi.

448 2946 506 2976 Pro
522 2940 790 2986 Ambaffiatoribus
808 2945 892 2988 Regis
915 2941 1057 2986 Castellae.

76 3024 206 3056 Arm-D-
259 3029 316 3060 TE
328 3037 372 3066 Μ,
390 3027 471 3066 quod
493 3027 539 3058 fiat·
557 3027 628 3058 aliud
649 3026 819 3057 Warantum
838 3026 1025 3057 Theiaurario
1041 3027 1074 3058 &
1089 3026 1271 3064 Camerariis,

75 3074 184 3131 jaff?
268 3067 305 3097 de
328 3066 522 3097 Deliberando
543 3068 591 3096 uni
609 3069 703 3096 Fratri
724 3066 836 3095 Βοέῖσνὶ
856 3068 884 3094 in
900 3064 1038 3102 Theologia
1052 3066 1084 3095 ὃς
1099 3069 1145 3094 uni
1163 3064 1271 3102 Militi,

76 3146 103 3168 H
130 3143 146 3168 6
222 3106 396 3135 venientibus
418 3116 433 3136 a
453 3108 520 3143 Rege
541 3104 662 3145 Castellae
684 3105 711 3134 in
733 3102 899 3134 Ambaffiata
914 3103 1046 3133 Domino
1061 3103 1161 3133 nostro
1177 3103 1272 3142 Regi,

74 3179 138 3208 md.
223 3153 278 3181 pro
293 3143 450 3180 Alligantiis
465 3144 537 3174 inter
551 3144 643 3174 dieios
655 3142 748 3182 Reges
758 3165 767 3180 ,
786 3151 834 3179 per
850 3141 907 3171 Dei
925 3142 1059 3180 gratiam,
1076 3141 1204 3170 ineundis
1216 3142 1271 3178 (vi-

222 3182 336 3218 delicet)
353 3182 469 3211 cuilibet
484 3191 583 3212 eorum
596 3182 701 3213 Unum
716 3180 845 3218 Ciphum
859 3179 1020 3209 deauratum
1031 3202 1041 3218 ,
1062 3179 1163 3211 valoris
1176 3178 1220 3208 xl.
1235 3180 1268 3211 &

224 3221 252 3252 in
268 3228 388 3258 utroque
403 3218 500 3257 Cipho
517 3229 552 3249 xx
559 3219 579 3249 l.
596 3219 771 3251 Habendum
786 3219 822 3249 de
838 3217 930 3248 Dono
943 3217 1039 3257 Regis.

76 3356 92 3373 θ
108 3356 146 3385 x,
589 3341 617 3368 δὲ
643 3347 709 3377 Rex
725 3343 768 3377 ad
783 3347 908 3391 Papam.

75 3404 140 3429 451-

74 3432 152 3464 Ann.
168 3431 210 3464 D.
272 3431 444 3462 Anfflffimo
470 3431 498 3460 in
518 3429 634 3460 Christo
655 3429 728 3459 Patri
753 3429 788 3460 &
804 3429 958 3467 Domino,
976 3429 1111 3460 Domino
1128 3428 1272 3467 Martino,

99 3479 183 3510 1430.
281 3470 376 3500 divina
389 3468 584 3506 Providentia,
603 3467 789 3498 Sacrosanetae
807 3466 950 3497 Romanae
971 3477 1003 3497 ac
1031 3467 1200 3498 Univerlalis
1215 3467 1272 3497 Ec-

77 3512 130 3537 An.
145 3510 173 3537 8.
223 3507 313 3538 clefiae
335 3508 456 3539 Summo
480 3506 612 3538 Pontifici
631 3529 640 3543 ‚
665 3508 796 3535 Henricur
817 3504 875 3535 Dei
897 3506 1002 3542 gratia,
1024 3508 1083 3534 Rex
1103 3505 1215 3543 Angltae
1231 3504 1269 3540 &

77 3551 112 3574 H.
129 3548 157 3574 6.
222 3548 362 3585 Franciae,
380 3545 417 3580 &⁴
434 3548 563 3578 Dominus
576 3544 730 3582 Hiberniae,
747 3543 849 3574 devota
864 3543 968 3581 pedum
981 3542 1074 3574 oscula
1089 3544 1243 3573 beatorum.

78 3584 173 3613 Pan&
259 3585 387 3615 Noverit
400 3585 549 3615 Paternitas
563 3583 654 3615 vestra
669 3581 820 3613 reverenda
839 3581 919 3619 quod
943 3591 995 3612 nos
1017 3581 1166 3619 electioni,
1184 3591 1272 3618 nuper

80 3624 144 3650 H.6.
152 3629 206 3659 p.1.
221 3623 304 3654 faetae
319 3625 347 3653 in
361 3623 484 3654 Ecclesia
499 3621 688 3652 Conventuali
703 3621 798 3651 Sancti
814 3619 979 3659 Augustini,
997 3628 1072 3651 extra
1088 3629 1183 3650 muros
1192 3619 1270 3649 Can-

80 3670 118 3689 m.
139 3669 167 3696 7.
222 3663 334 3700 mariae,
353 3661 387 3692 ad
403 3661 566 3692 Romanam
581 3659 737 3690 Ecclesiam
755 3658 832 3688 nullo
850 3658 945 3689 medio
966 3660 1140 3696 pertinente,
1159 3657 1210 3694 de,
1228 3658 1270 3688 di-

222 3698 298 3730 lecto
308 3701 391 3731 nobis
404 3702 433 3730 in
447 3699 583 3737 Christo,
600 3698 733 3735 Georgio
750 3696 898 3728 Peniherst
907 3720 916 3732 ,
934 3707 1022 3734 nuper
1037 3696 1135 3726 Priore
1146 3696 1267 3732 ejusdem

223 3735 340 3771 Domus
350 3761 360 3776 ‚
372 3741 403 3769 in
421 3739 566 3770 Abbatem
589 3737 647 3768 loci
667 3736 737 3766 illius
751 3759 761 3773 ,
777 3734 863 3773 petita
880 3736 954 3772 prius
967 3745 982 3765 a
996 3735 1076 3765 nobis
1088 3734 1201 3765 licentia
1222 3734 1270 3764 eli-

242 3774 306 3842 engi
316 3798 326 3812 ‚
344 3778 394 3815 &,
408 3788 498 3832 'prout
512 3777 599 3808 moris
612 3774 671 3813 est,
686 3774 816 3812 optenta,
835 3774 942 3812 regium
955 3773 1091 3804 affensum
1106 3773 1270 3803 adhibemus

258 3824 477 3884 Et'irgrgtirle-strae
488 3852 630 3885 Sanctitati
641 3849 856 3886 innotescimus,
874 3859 923 3887 per
937 3849 1087 3879 Praesentes
1097 3871 1107 3887 ,
1124 3857 1153 3880 ut
1163 3872 1173 3888 ,
1190 3848 1270 3887 quod

218 3889 402 3958 vellii-umen:
418 3892 512 3959 igchac
527 3902 618 3931 parte,
633 3890 733 3927 exequi
747 3888 900 3927 dignemini
916 3898 984 3919 cum
999 3888 1105 3919 favore.

259 3938 446 4006 Ἰτίείῖᾞῗὲἒέε
457 3941 530 4007 {pud
546 3965 819 4008 Wstmonasterium‚
834 3964 906 4001 xxvij
925 3963 971 3995 die
988 3964 1140 3995 Februarii.

718 4043 771 4072 Per
784 4044 877 4071 Breve
891 4040 922 4069 de
935 4042 1053 4071 Privato
1064 4038 1163 4078 Sigillo.

1315 206 1789 248 PUBLICA.
2262 220 2340 261 157

2341 320 2417 350 Ann.
2427 319 2470 350 D.'

2360 367 2449 398 1430.

1632 379 1688 410 Pro
1709 378 1858 409 Comitiva
1878 379 1974 424 Regis.
2342 402 2406 425 Hm.
2424 399 2452 424 5·

1281 460 1498 522 GAillardus
1519 459 1663 491 Dominus
1678 461 1712 490 de
1731 460 1848 499 Dum„
1859 462 1906 499 qui
1923 470 1989 491 cum
2002 460 2084 500 Rege
2097 484 2107 500 ,
2136 463 2164 492 in
2180 460 2325 492 Comitiva
2341 465 2391 488 Λν-
2407 461 2434 491 8.

1365 500 1471 536 Regis,
1489 499 1523 529 ad
1538 508 1626 536 partes
1645 498 1740 538 Regni
1755 499 1877 530 Franciae
1899 499 2074 536 profesturus
2090 499 2129 529 est
2143 524 2153 537 ,
2174 501 2256 532 habet
2274 500 2323 530 Li·
2344 504 2378 527 H.
2399 501 2426 527 6.

1278 545 1347 568 teras
1361 537 1447 576 Regis
1457 539 1494 567 de
1508 537 1690 568 Protectione
1708 539 1788 575 (cum
1809 537 1936 568 Clausula
1953 537 2084 575 Volumus)
2098 549 2146 576 per
2163 549 2252 570 unum
2260 539 2322 569 An·
2338 541 2426 565 Franc.
2444 537 2474 565 8ss

1280 585 1349 606 num
1364 577 1514 606 duraturas.
2346 580 2378 603 H.
2398 578 2424 603 6.
2436 583 2475 611 m,

1317 614 1399 645 Praes.
1418 616 1479 644 &ci
2346 625 2392 650 24·

1318 652 1406 684 Teste
1423 652 1505 690 Rege
1522 651 1595 690 apud
1608 651 1879 692 nzstmonasterium,
1894 651 1978 690 xxviij
1997 650 2042 682 die
2057 650 2206 684 Februarii.

1763 729 1815 757 Per
1832 727 1935 757 Billam
1951 727 1982 757 de
1995 729 2111 757 Privato
2128 727 2226 766 sigillo.

1522 854 1573 886 De
1592 849 1774 896 ChIrurgicis
1786 861 1840 896 pro
1855 853 1891 883 V
1892 853 1969 897 iagio
1985 853 2082 896 Regis.

1286 935 1421 996 PLease
1434 945 1467 966 au
1483 935 1551 974 Roy
1567 934 1663 964 nostre
1674 932 1872 964 treffouverain
1889 933 2041 972 seigneur,
2059 934 2096 964 de
2109 935 2203 966 vostre
2216 935 2330 973 especial
2348 934 2422 966 Ann.
2435 936 2479 967 D:

1349 984 1448 1014 grace,
1469 974 1505 1004 de
1520 974 1613 1004 l'advis
1626 973 1661 1003 de
1676 971 1770 1002 vostre
1782 972 1896 1011 trellage
1908 972 2072 1010 Counceill,
2093 983 2223 1009 graunter
2237 985 2251 1004 a
2265 984 2331 1012 qua-
2376 984 2461 1014 1430.

1287 1024 1329 1045 tre
1349 1014 1425 1045 Sirur
1447 1013 1503 1042 ians
1525 1011 1623 1042 d’estre
1647 1010 1812 1040 residencers
1833 1011 1916 1040 deinz
1937 1010 2031 1042 vostre
2044 1011 2252 1042 treshonorable
2267 1014 2333 1043 hos·
2348 1018 2399 1040 Aa.
2415 1016 2444 1040 ὅ.

1287 1053 1350 1092 tell,
1367 1053 1400 1084 ὃς
1443 1050 1522 1081 'estre
1544 1050 1686 1081 obeisantz
1706 1050 1738 1079 &
1751 1049 1918 1078 entendantz
1930 1059 1944 1078 a
1967 1048 2096 1079 William
2110 1049 2279 1089 Stalworth,
2297 1052 2331 1083 &
2351 1056 2377 1078 H
2403 1053 2429 1080 6.

1287 1092 1322 1122 de
1336 1089 1454 1128 prendre
1468 1089 1589 1120 chascun
1604 1088 1641 1118 de
1655 1096 1723 1117 eaux
1737 1087 1762 1117 le
1772 1088 1838 1124 jour
1855 1089 1882 1117 vi
1893 1087 1916 1116 d.
2353 1097 2424 1120 pene,

1324 1129 1380 1167 Et,
1395 1136 1477 1158 outre
1496 1137 1550 1158 ceo
1564 1151 1573 1166 ,
1617 1134 1725 1156 raunter
1739 1135 1809 1163 pour
1824 1136 1895 1155 vous
1909 1126 1942 1156 &
1960 1125 1998 1155 les
2010 1134 2095 1165 gentz
2111 1125 2147 1155 de
2160 1126 2253 1157 vostre
2267 1127 2333 1158 hos·
2344 1130 2478 1159 cler.Pell.

1288 1167 1351 1206 tell,
1369 1176 1439 1205 pour
1459 1165 1577 1196 diverses
1597 1135 1755 1194 {fidicines
1770 1188 1779 1202 ,
1806 1163 1995 1194 Instrumentz
2011 1187 2020 1202 ,
2045 1164 2183 1207 Es’qulfes,
2199 1167 2231 1196 &
2245 1176 2334 1196 autres
2467 1159 2479 1166 ⁰

1288 1206 1483 1241 Neceffistes,
1503 1203 1693 1241 busoignables
1713 1204 1745 1233 a&
1765 1210 1961 1239 appartenantz
1981 1213 1996 1233 a
2018 1203 2134 1234 rorhce
2153 1204 2188 1235 de
2211 1204 2336 1244 Sirurge-

1289 1246 1349 1283 rie,
1367 1253 1400 1273 xx
1408 1243 1427 1273 l.
1445 1252 1495 1272 ore
1507 1252 1544 1273 en
1559 1241 1633 1272 ceste
1647 1240 1755 1279 present
1768 1242 1866 1280 voiage
1881 1240 1983 1271 affaire.

1291 1322 1329 1350 H.
1349 1317 1503 1359 Glaucestre.
1835 1318 1879 1347 W
1894 1316 2018 1347 London.

1291 1362 1330 1387 H.
1348 1362 1479 1388 Cantuar.
1834 1354 1870 1393 J.
1888 1358 2067 1393 Huntissgton.

1291 1397 1326 1436 J.
1345 1396 1428 1426 Ebor.
1448 1393 1574 1425 Cancell.
1834 1393 1870 1431 J.
1888 1393 2007 1425 Bathon.

1331 1436 1413 1466 Don.

1294 1474 1329 1505 de

1330 1548 1420 1616 ἓξὲξ
1440 1590 1494 1618 Die
1517 1587 1619 1616 Martii
1634 1607 1644 1621 ,
1663 1586 1749 1613 Anno
1764 1584 1890 1621 Orf't'avo,
1909 1584 1981 1621 apud
1995 1582 2262 1624 westmonasterium,
2281 1594 2342 1614 con—

1294 1636 1320 1654 ce
1340 1636 1358 1654 a
1371 1624 1432 1664 fuit
1445 1625 1562 1665 praessnr
1583 1621 1740 1660 Supplicatio
1762 1630 1792 1652 ut
1800 1626 1920 1661 petitur,
1939 1621 1977 1658 (ξφ
1991 1625 2154 1653 Warantum
2167 1622 2341 1662 Thesauraria

1348 1667 1509 1694 Camerariis
1521 1664 1553 1692 de
1564 1660 1698 1701 solvendo
1710 1672 1719 1690 .-

1733 1737 1913 1777 Praeftntibur

1296 1819 1418 1848 Dominis
1425 1841 1435 1854 ,
1845 1813 1982 1843 London.

1296 1855 1462 1886 Gloucestr-
1843 1851 1961 1884 Bathon.

1298 1893 1430 1924 Cantuar.
1842 1890 1934 1921 Hunt.

1297 1932 1427 1963 Eborum
1440 1928 1612 1961 Cancellario.
1841 1931 1884 1959 Et
1897 1927 2082 1967 Hungerford
2094 1926 2283 1960 Thesaurario.

2380 2051 2395 2068 'i
2416 2052 2454 2079 X.

2361 2099 2427 2126 452-

1300 2138 1445 2199 REX,
1461 2137 1620 2169 Venerabili
1644 2138 1672 2168 in
1695 2134 1813 2167 Christo
1834 2135 1926 2173 Patri,
1943 2137 1981 2165 H.
2001 2134 2099 2165 eadem
2112 2136 2212 2176 gratia,
2231 2136 2350 2168 Archie·
2370 2129 2443 2157 Ann-
2455 2126 2497 2160 D3

1375 2178 1488 2216 piscopo
1512 2175 1703 2207 Cantuarienfi
1717 2198 1726 2212 ,
1746 2176 1831 2206 totius
1851 2174 1961 2213 Angliae
1980 2174 2114 2211 primati,
2131 2185 2164 2205 ac
2180 2176 2284 2205 dilecto
2300 2176 2349 2206 fibi
2388 2175 2473 2205 1430·

1301 2218 1332 2247 tn
1352 2216 1469 2247 christo
1484 2238 1494 2254 ,
1519 2215 1612 2246 Priori
1634 2213 1767 2244 Ecclefiae
1784 2212 1891 2243 Christi
1911 2212 2087 2250 Cumanae,
2102 2213 2225 2251 johanni
2237 2213 2350 2253 Daren,
2366 2209 2417 2233 Λή·
2435 2206 2461 2233 8·

1302 2257 1335 2287 &
1349 2254 1480 2285 Galfrido
1498 2254 1642 2292 Louther,
1659 2261 1773 2283 necnon
1793 2250 1965 2283 Vicecomiti
1981 2249 2115 2290 Kantiae,
2133 2251 2264 2283 Salutem.
2396 2267 2401 2271 ·
2420 2245 2449 2272 ⁶·

1340 2293 1439 2324 Sciatis
1454 2292 1551 2331 quod,
2368 2286 2426 2310 Pat.
2443 2281 2472 2310 8.

1341 2331 1422 2362 Cum
1433 2354 1442 2369 ‚
1457 2341 1509 2369 pro
1521 2329 1698 2368 expeditione
1714 2329 1796 2365 viagii
1806 2350 1815 2365 ‚
2367 2326 2401 2349 H.
2411 2323 2463 2358 6.p.
2473 2330 2500 2349 2.

1342 2370 1452 2409 Quod,
1471 2379 1538 2400 cum
1551 2368 1640 2398 nostri
1650 2367 1791 2398 benedieti
1804 2365 1944 2396 Creatoris
1957 2366 2111 2404 adjutorio,
2129 2376 2181 2397 nos
2194 2368 2223 2397 in
2236 2369 2348 2406 propria
2363 2370 2399 2390 m·
2421 2370 2465 2397 30·

1304 2410 1420 2447 persona
1432 2408 1542 2446 nostra,
1561 2406 1646 2445 mensi}
1661 2405 1770 2444 Aprilis
1776 2405 1898 2443 proxim&
1903 2403 2020 2444 futuro,
2045 2406 2134 2436 versus
2149 2415 2271 2443 regnum
2294 2417 2348 2438 no-

1305 2448 1394 2478 strum
1411 2447 1535 2477 Franciae
1547 2446 1637 2475 facere
1652 2445 1855 2482 proponimus,

1344 2485 1390 2515 Ad
1405 2486 1523 2515 brevem
1537 2483 1624 2514 finem
1635 2484 1668 2514 &
1682 2482 1895 2513 conclusionem
1907 2490 2068 2519 guerrarum
2081 2481 2239 2514 nostrarum
2249 2483 2354 2516 ibidem

1307 2523 1491 2563 ponendum,
1509 2532 1592 2561 prout
1605 2521 1755 2559 specialiter
1769 2520 1971 2557 defideramus,

1343 2562 1440 2592 Nobis
1463 2561 1498 2591 de
1517 2571 1570 2591 una
1594 2568 1694 2598 magna
1713 2560 1748 2590 ὅτ
1766 2558 1884 2588 notabili
1906 2558 2087 2596 pecuniarum
2103 2558 2210 2588 summa
2225 2567 2358 2599 oportet,

1307 2600 1531 2668 exdnecessitate,
1550 2608 1618 2630 cum
1633 2608 1664 2628 ea
1679 2597 1818 2628 celeritate
1831 2596 1887 2635 qua
1902 2596 2059 2627 commode
2078 2596 2136 2626 ficri
2150 2598 2268 2636 poterit,
2287 2608 2355 2636 pro-

1307 2649 1336 2670 Vi
1357 2650 1393 2668 erl

1342 2662 1427 2715 Noi,
1453 2676 1488 2706 de
1507 2675 1602 2713 sensu,
1621 2673 1751 2705 fidelitate
1764 2696 1774 2711 ,
1797 2674 1830 2705 &
1853 2672 2106 2710 circumspeerione
2131 2673 2227 2703 vestris
2249 2673 2357 2713 plenius

1307 2715 1496 2752 confidentes,
1514 2714 1550 2745 de
1561 2712 1731 2743 avisamento
1747 2713 1779 2742 ὃς
1792 2711 1895 2741 ass'ensu
1903 2710 2029 2741 Concilii
2047 2710 2151 2749 nostri,
2166 2711 2360 2750 assignavimus

1306 2764 1358 2784 vos
1378 2754 1412 2784 ad
1436 2750 1709 2784 communicandum
1730 2752 1763 2780 ὅτ
1787 2750 1978 2786 tractandum,
1995 2749 2052 2778 tam
2069 2749 2140 2778 inter
2156 2750 2355 2789 vosmetipsos,

1307 2792 1394 2829 quam
1404 2815 1412 2829 ,
1429 2791 1622 2830 conjunffim,
1639 2790 1672 2820 δε
1686 2788 1796 2819 divisim
1805 2810 1815 2824 ,
1831 2798 1898 2818 cum
1908 2810 1918 2825 ,
1935 2787 2046 2817 dilectis
2059 2788 2091 2817 ὃς
2106 2786 2231 2817 fidelibus
2244 2788 2356 2826 nostris,

1307 2833 1364 2860 tam
1386 2830 1515 2861 Personis
1534 2826 1730 2860 Eccleliasticis
1743 2848 1753 2864 ,
1777 2826 1915 2856 Militibus
1928 2848 1938 2863 ,
1964 2825 2136 2862 Armigeris,
2154 2826 2187 2855 ὃς
2203 2826 2258 2856 aliis
2273 2829 2359 2866 magis

1307 2868 1474 2899 notabilibus
1488 2867 1615 2898 Personis
1628 2863 1789 2896 Comitatus
1805 2864 1947 2902 praediffi,
1965 2864 2004 2905 &¹
2012 2863 2135 2893 similiter
2149 2873 2215 2893 cum
2230 2863 2357 2903 Ballivis,

1307 2907 1410 2937 Probis
1430 2906 1605 2937 Hominibus
1619 2928 1629 2941 ,
1645 2905 1678 2934 &
1692 2903 1951 2933 Communitatibus
1967 2899 2095 2930 Civitatis
2111 2901 2213 2931 nostrae
2227 2901 2354 2934 Cantua-

1308 2946 1374 2982 riae,
1389 2946 1421 2975 δε
1438 2945 1595 2983 Burgorum
1610 2942 1681 2972 infra
1695 2940 1873 2970 Comitatum
1890 2937 2054 2976 praedictum
2063 2960 2073 2975 ,

1346 2982 1383 3012 Et
1403 2982 1437 3012 ad
1456 2992 1521 3019 eos,
1537 2983 1569 3012 δε
1588 2988 1687 3010 eorum
1702 2978 1876 3016 quemlibet,
1896 2976 2055 3019 melioribus
2071 2977 2123 3006 viis
2138 2977 2171 3008 &
2186 2977 2277 3008 modis
2293 2979 2355 3017 qui-

1307 3021 1361 3051 bus
1375 3019 1506 3050 sciveritis
1518 3028 1564 3048 aut
1579 3018 1701 3056 poteritis
1714 3015 1889 3046 movendum
1904 3016 1936 3045 &
1952 3015 2142 3044 inducendum
2158 3016 2191 3046 ad
2208 3017 2306 3055 nobis,
2324 3019 2354 3048 in

1307 3058 1358 3089 ista
1381 3068 1480 3096 magna
1500 3056 1595 3087 nostra
1616 3054 1775 3086 neceffitate
1788 3077 1798 3091 ,
1822 3054 1941 3092 aliquam
1959 3052 2114 3082 notabilem
2138 3053 2302 3093 Summam,
2321 3065 2355 3086 ex

1307 3096 1390 3128 causa
1404 3095 1571 3133 i‘upradic‘tfi,
1590 3092 1775 3132 praestandum
1785 3114 1795 3129 ,

1346 3134 1460 3172 Bisque,
1475 3136 1507 3165 &
1523 3142 1623 3163 eorum
1638 3132 1769 3166 cuilibet,
1787 3139 1840 3167 pro
1854 3129 1887 3160 &
1901 3129 2018 3158 nomine
2034 3127 2149 3166 nostro,
2169 3128 2354 3161 sufficientem

1306 3174 1480 3203 securitatem
1501 3170 1691 3202 Resolutionis
1709 3168 1830 3205 ejusdem
1850 3167 1968 3197 summae
1982 3166 2017 3196 de
2030 3166 2164 3203 denariis,
2183 3167 2219 3197 de
2234 3168 2356 3206 Quinta..

1306 3211 1417 3241 decima
1433 3233 1443 3248 ,
1467 3212 1494 3240 in
1511 3210 1612 3240 ultimo
1633 3207 1819 3238 parliamento
1835 3205 1933 3236 nostro
1950 3215 1998 3242 per
2018 3203 2243 3236 Communitates
2259 3207 2356 3245 Regni

1307 3249 1396 3286 nostri
1415 3249 1525 3288 Angliae
1545 3248 1626 3277 nobis
1647 3245 1778 3276 concessa
1791 3267 1801 3282 ,
1827 3243 2071 3281 provenientibus,
2089 3243 2121 3273 ὃς
2138 3243 2218 3273 nobis
2231 3245 2262 3275 ad
2277 3247 2356 3276 odia-

1308 3288 1355 3317 bas
1370 3287 1464 3317 Saneti
1485 3286 1601 3316 Martini
1617 3286 1644 3313 in
1659 3293 1741 3328 yeme
1755 3284 1887 3320 proximo
1902 3282 2005 3312 futuras
2021 3280 2153 3311 solvenda
2167 3304 2176 3319 ‚
2190 3282 2268 3319 juxra
2282 3283 2355 3314 effe-

1309 3326 1389 3356 <itum
1410 3327 1442 3357 δε
1465 3333 1597 3355 contenta
1619 3321 1761 3361 enjusdam
1783 3321 1866 3358 Aen,
1890 3329 1940 3358 pro
1955 3319 2072 3349 moneta
2089 3320 2169 3349 nobis
2183 3321 2354 3360 praestanda,

1309 3365 1337 3394 in
1351 3363 1452 3394 eodem
1470 3363 1655 3393 Parliamento
1669 3360 1746 3397 super
1762 3360 1822 3389 hoc
1837 3358 1975 3394 confeeti,
1994 3356 2231 3400 promittendum,

1347 3402 1384 3432 Et
1407 3401 1569 3439 generaliter
1592 3398 1625 3428 ad
1646 3400 1743 3427 omnia
1755 3397 1820 3435 alia,
1838 3406 1900 3434 quae
1916 3396 1997 3425 vobis
2016 3396 2043 3424 in
2061 3395 2115 3425 isto
2130 3397 2191 3427 casu
2207 3407 2257 3435 pro
2272 3399 2354 3429 nobis

1310 3442 1395 3477 magis
1408 3440 1577 3476 expedientia
1592 3438 1625 3468 &
1639 3436 1784 3466 neceffaria
1798 3432 1854 3467 viia
1868 3435 1985 3470 fuerint,
2003 3433 2179 3472 faciendum

1345 3477 1543 3509 Promittentes
1565 3485 1616 3505 nos
1637 3474 1751 3504 firmum
1766 3475 1798 3504 &
1821 3472 1990 3510 acceptabile
2004 3472 2145 3503 habituros
2160 3472 2291 3510 quicquid
2303 3483 2353 3510 per

1309 3527 1377 3555 vos,
1395 3526 1441 3547 aut
1455 3516 1575 3553 aliquem
1590 3511 1733 3550 vestrum,
1751 3512 1915 3548 tractatum,
1932 3511 2157 3549 concordatum,
2178 3513 2210 3541 ὃς
2230 3512 2351 3542 conclu-

1309 3556 1368 3586 sum
1385 3555 1464 3584 fuerit
1478 3556 1505 3584 in
1520 3554 1572 3583 hac
1587 3561 1679 3588 parte,

1345 3594 1383 3624 Et
1403 3593 1468 3622 ideo
1489 3593 1569 3622 vobis
1589 3591 1621 3620 &
1641 3588 1757 3619 cuilibet
1778 3587 1905 3618 vestrum
1920 3586 2085 3617 mandamus
2098 3585 2177 3624 quod
2193 3588 2266 3617 circa
2278 3596 2351 3625 prae-

1309 3632 1387 3661 miffa
1407 3631 1556 3668 diligenter
1577 3627 1722 3658 intendatis
1736 3649 1745 3664 ,
1767 3636 1801 3656 ac
1819 3636 1850 3656 ea
1864 3626 1967 3655 faciatis
1981 3626 2013 3656 ὃς
2030 3625 2204 3665 exequamini
2219 3626 2246 3653 in
2260 3625 2352 3656 forma

1308 3670 1460 3707 praedicta,
1479 3667 1692 3699 Thes-aurariam
1712 3665 1839 3694 nostrum
1863 3664 1971 3701 Angliae
1992 3663 2028 3693 de
2043 3672 2107 3693 toto
2120 3662 2197 3692 facto
2211 3662 2306 3693 vestro
2320 3665 2349 3693 in

1307 3709 1359 3738 hac
1373 3716 1447 3745 parte
1457 3730 1466 3744 ‚
1481 3706 1530 3736 sub
1549 3704 1650 3741 Sigillis
1665 3702 1775 3740 vestris,
1794 3701 1924 3732 distinete
1939 3701 1973 3732 &
1995 3702 2107 3739 aperte,
2126 3710 2195 3732 cum
2207 3710 2239 3731 ea
2253 3701 2351 3732 celeri-

1307 3755 1362 3778 tate
1376 3744 1431 3783 qufi
1448 3745 1587 3782 poteritis,
1604 3741 1794 3773 certificantes.

1344 3783 1376 3813 In
1395 3785 1489 3822 cujuS,
1508 3783 1567 3812 δῖε.
1942 3815 1946 3820 η
1985 3815 1989 3820 ι
2104 3815 2120 3819 ..

1343 3821 1433 3853 Teste
1450 3820 1528 3860 Rege
1540 3818 1613 3858 apud
1631 3814 1900 3856 Wstmonasterium,
1919 3824 1946 3852 ν]
1963 3814 2008 3844 die
2022 3813 2129 3843 Martii.

1457 2052 1485 2079 δὲ
1509 2056 1557 2087 De
1576 2062 1692 2085 moneta
1702 2049 1865 2099 praestanda
1877 2061 1933 2098 pro
1952 2052 1987 2084 V
1986 2055 2063 2098 iagio
2083 2054 2181 2098 Regis.

1798 3893 1851 3920 Per
1865 3893 1956 3919 Breve
1969 3889 2001 3919 de
2017 3891 2134 3919 Privato
2152 3887 2250 3926 Sigillo.

1307 3973 1419 4005 Eodem
1436 3972 1526 4003 modo
1545 3970 1710 4010 affignantur
1730 3967 1873 4004 subscripti
1895 3967 1923 3995 in
1939 3965 2129 4009 Comitatibus
2147 3965 2180 3995 &
2194 3964 2266 3997 locis
2277 3965 2354 3998 subs-

1547 4010 1659 4046 criptis,
1677 4008 1726 4037 sub
1741 4006 1838 4036 eadem
1850 4004 1942 4041 Data,
1957 4004 2108 4041 Videlicet,

1347 4089 1478 4118 Henricus
1490 4083 1705 4124 Archieptsc'opus
1719 4084 1875 4113 Cantuariae
1889 4082 1970 4110 totius
1986 4079 2100 4119 Angliae
2113 4081 2227 4110 Primae.

1805 4118 1830 4150 V
1852 4128 1866 4158 3
2307 4118 2362 4155 RQ*
