2562 4274
101 191 185 221 1419.

80 224 144 249 Heu.
163 231 191 258 5.

60 1226 77 1242 ‘
99 1228 154 1256 IX.

59 1265 125 1301 674.

31 2821 111 2853 'Ann.
125 2820 166 2851 D.

55 2870 141 2900 1419.

31 2905 85 2930 An.
100 2904 127 2928 6.

32 2944 67 2967 Η.
86 2948 113 2974 5.

31 2981 120 3005 Norm.
138 2978 166 3003 6.

31 3020 124 3053 H.5.p
138 3023 167 3048 9.

31 3064 67 3083 m.
88 3064 114 3082 2.

230 63 283 102 86

229 186 408 263 cogitivintunnes
421 220 539 262 Ourftlli
549 220 714 258 Capelianus
728 222 899 252 Parochialis
914 220 950 253 de
965 221 1125 254 Bertrivilla.

263 261 432 291 Guillielmus
449 263 546 297 Legs‘er
560 259 726 306 Capellanus
738 259 904 291 Parochialis
915 261 950 291 de
965 262 1108 300 Oynvilla.

266 299 431 330 Guillielmus
444 301 570 335 Cau-apion
588 297 752 335 Capelianus
765 298 933 329 Parochialis
947 299 983 330 de
996 299 1169 330 Bondeville.

265 337 428 374 Reginala'ux
438 339 563 372 Regnant
576 335 741 373 Capellanus
754 336 919 367 parochialis
931 338 967 368 de
977 338 1091 368 Tostes.

264 376 397 407 Robertus
414 376 445 404 de
459 374 621 411 Vondengier
635 373 800 414 Capellanus
812 375 976 407 Parochialis
990 376 1025 407 de
1042 376 1152 406 Luneli.

264 412 422 451 Radulphus
438 411 567 451 Magistri
580 412 747 450 Capelianus
763 413 932 444 Parochialis
947 414 984 444 de
997 414 1172 453 Criquietot.

263 453 320 482 Gal
333 452 407 480 ridus
421 450 534 490 Falla-se
553 451 664 481 Rector
679 451 811 482 Eccleliae
825 453 860 483 de
877 452 1008 482 Yervilla.

261 494 302 520 Ro
320 497 392 520 ertus
408 489 557 519 Hollebaut
573 488 739 528 Capelianus
754 489 919 521 Parochialis
932 490 968 520 de
983 490 1081 520 Frae'ia
1097 489 1200 521 Molla.

260 532 350 559 Simon
368 530 439 558 Pain
457 526 622 565 Capellanus
632 527 799 559 Parochialis
813 528 1074 566 Desquetotlauber.

256 566 415 598 Guillelmus
429 566 460 596 de
476 568 573 604 Perrey
585 565 750 604 Capellanus
765 567 943 598 Parochialis.

259 605 392 636 Andreas
403 603 549 644 Senefialle
563 603 727 642 capellanus
743 604 920 636 parochialis.

258 644 390 675 Robertur
406 646 530 681 Augnier
544 641 710 680 Capellanus
724 642 891 674 Parochialis
901 643 937 674 de
948 643 1130 674 Groncheto.

260 682 411 714 Richardus
424 683 456 711 de
468 685 607 729 Roquegny
621 680 786 721 Capellanus
801 681 969 713 Parochialis
984 682 1021 713 de
1033 681 1195 721 Catuluppi.

259 724 360 752 Petrus
379 720 481 750 Militis
494 720 660 757 (apellanus
675 720 844 751 Parochialis
856 721 1054 759 d'Anglevilla.

258 759 425 790 Guillielmus
440 759 475 788 du
490 761 545 788 Pre
559 757 725 796 Capellanus
742 758 908 791 Parochialis
920 760 955 790 de
972 760 1085 790 Venles.

259 797 422 835 Reginaldus
440 798 473 826 de
489 796 603 836 Provost
619 796 786 834 Capellanus
802 796 972 829 Parochialis
986 798 1021 828 de
1035 797 1203 829 Blosseville.

258 839 402 868 Martinus
428 838 535 865 Barate
561 836 725 873 Capellanus
751 835 918 866 Parochialis
946 836 1042 867 Sansti
1068 837 1166 867 Albini
1200 836 1279 875 supra

221 876 314 908 Mare.

257 914 390 944 Robertus
407 915 498 943 Diron
518 910 684 950 capellanus
705 911 872 944 Parochialis
890 911 926 943 de
942 912 1111 944 Lamervilla
1121 914 1199 951 juxta
1213 913 1278 945 Bas-

216 953 345 993 quevilla.

252 990 396 1030 Johannes
418 986 579 1028 Malepreste
599 987 768 1026 capellanus
791 988 959 1020 Parochialis
980 988 1075 1021 SanCti
1097 989 1217 1022 Martini
1239 991 1275 1022 de

218 1030 334 1067 Siryaco
351 1027 538 1067 Longuivilla.

252 1066 418 1097 Guillielmus
431 1066 464 1095 de
475 1065 583 1096 Alneto
599 1063 766 1102 Capelianus
781 1065 950 1097 parochialis
965 1064 1002 1097 de
1018 1066 1136 1099 Firellia.

253 1108 352 1136 Petrus
367 1107 480 1134 Romaiu
494 1103 615 1134 Curatus
629 1105 665 1134 de
679 1103 856 1141 Diaglevilla.

253 1143 421 1174 Alexander
433 1142 541 1172 Hubert
555 1141 721 1181 Capellanus
737 1143 905 1174 Parochialis
916 1143 1011 1175 Sancti
1028 1143 1179 1176 Laurentii.

251 1182 398 1222 Johannes
412 1181 518 1220 Costart
533 1179 652 1212 Curatus
666 1180 831 1212 Parochiaiis
844 1182 939 1212 Sanffi
948 1181 1032 1221 Justi.

252 1223 271 1242 *ὅ
293 1220 409 1251 Natalis
420 1220 451 1249 d:
467 1219 597 1260 Couldroy
611 1218 778 1257 Capelianus
793 1219 962 1251 Perochialis
977 1221 1012 1251 de
1025 1221 1059 1251 N
1062 1221 1153 1253 esville
1162 1222 1269 1263 Reury.

252 1259 416 1298 Reginaldus
429 1258 460 1288 de
473 1258 659 1306 Harzuevilla
672 1258 839 1295 Capellanus
852 1259 888 1289 de
900 1259 1069 1290 Tredeville.

252 1298 378 1330 Michael
386 1297 520 1327 Everard
530 1297 694 1334 capellanus
707 1297 876 1328 Parocliialis
888 1297 1074 1330 Dauscuvilla.

245 1337 340 1368 Frater
350 1335 497 1375 Johannes
513 1334 537 1365 le
549 1338 624 1375 Bequ
640 1334 760 1366 Curatus
772 1336 936 1366 Parochialis
949 1336 984 1366 de
997 1336 1154 1370 Berreville.

203 1402 205 1404 .
246 1376 391 1416 Johanncs
403 1375 515 1405 Dona're
533 1373 653 1404 Curatus
670 1373 823 1405 Patochial.
835 1375 871 1405 de
883 1374 1023 1406 Eailardia.

246 1413 378 1445 Nicholas
391 1412 492 1443 Sobolis
503 1411 671 1450 Capelianus
686 1412 841 1443 Parochial.
857 1413 893 1443 de
907 1412 1110 1455 Bourgoduny.

246 1457 300 1484 Ivo
313 1451 433 1483 Thirrell
444 1451 542 1489 Capel.
558 1450 725 1481 Parochialis
740 1451 776 1481 de
791 1451 872 1490 Lilly.

243 1495 341 1522 Petrus
359 1489 487 1530 Baudray
500 1489 667 1525 Capelianus
682 1488 835 1520 Parochial.
852 1489 888 1520 de
905 1489 1050 1529 Longolis.

243 1529 411 1560 Guillielmus
423 1529 455 1557 de
472 1527 641 1566 Boscheroult
654 1526 773 1558 Curatus
790 1528 909 1559 Paroch.
925 1528 1066 1570 Dessoury
1089 1531 1119 1561 in
1141 1531 1265 1563 Foresta.

240 1568 386 1608 Johannes
402 1567 526 1596 Grandia
541 1565 705 1601 Capellanus
720 1566 887 1598 Parochialis
899 1568 934 1598 de
949 1567 1071 1607 Morny.

241 1606 407 1636 Guillielmus
421 1608 475 1634 Ven
489 1604 654 1641 Capelianus
667 1603 788 1635 Paroch.
802 1605 839 1635 de
852 1605 978 1636 Ouville.

241 1644 386 1683 Jolmnnes
398 1643 504 1673 Gar-din
518 1642 684 1680 Capelianus
697 1643 850 1675 Parochial.
863 1644 899 1674 de
914 1644 1013 1676 Telea.

241 1687 330 1713 Simon
346 1680 418 1722 Rufy
433 1681 597 1719 Capellanus
613 1681 781 1712 Parochialis
794 1682 830 1712 de
846 1682 1022 1714 Monfleues.

240 1721 386 1759 Johanucs
402 1720 474 1760 Rufy
485 1719 650 1757 Capelianus
664 1719 832 1751 Parochialis
846 1721 883 1752 de
897 1721 1014 1753 Veliers.

240 1759 386 1799 Johannes
401 1759 432 1788 de
449 1759 542 1797 Castro
555 1757 676 1790 Curatus
687 1758 856 1790 Parochialis
871 1759 907 1791 de
920 1759 1123 1798 Flemnevelio.

241 1798 374 1829 Robertus
389 1797 506 1836 Vadquit
518 1796 683 1834 Capelianus
698 1797 852 1829 Parochial.
868 1799 904 1830 de
922 1799 1076 1840 Beburayn.

240 1839 339 1866 Petrus
355 1835 466 1875 Lehury
477 1835 643 1871 Capelianus
657 1835 778 1867 Paroch.
793 1836 828 1866 de
841 1836 934 1868 Bosco
950 1837 1070 1869 Heredi.

238 1874 384 1914 Johannes
398 1874 490 1911 Egidii
506 1873 671 1943 Cssellanus
686 1874 855 1906 Parochialis
870 1875 907 1906 de
920 1876 1065 1916 Royvilla,

214 1952 219 1957 .
241 1916 357 1952 Rogerus
387 1912 513 1943 Daulonc
569 1912 707 1951 apellanus
732 1912 903 1946 Parochialis
929 1914 966 1946 de
990 1914 1097 1955 Byvilla
1121 1917 1151 1947 in
1172 1916 1262 1956 Ripa-

195 1961 235 1983 na

197 2037 402 2099 reram-dmm
416 2067 514 2098 Adam
527 2067 647 2099 Curatus
661 2067 831 2101 Parochialis
844 2068 940 2101 Sancti
955 2070 1033 2103 Petri
1049 2071 1078 2101 in
1094 2069 1174 2102 Valle
1197 2050 1261 2103 De-

216 2116 271 2137 ino.

194 2107 213 2139 d
227 2145 324 2176 Frater
336 2143 481 2183 Johannes
496 2148 616 2176 Diourne
631 2144 756 2177 Curatus.
767 2145 923 2178 Parochial.
939 2147 975 2178 de
990 2147 1135 2179 Beauvoir.

230 2184 378 2222 Stephanus
394 2186 522 2214 Parentis
534 2183 698 2222 Capellanus
713 2184 870 2217 Parochial.
883 2186 920 2217 de
938 2185 1105 2218 Castellania
1121 2187 1157 2218 de
1173 2187 1264 2219 Lon--

213 2223 323 2253 ueville.

193 2230 212 2263 g
228 2259 393 2291 Guillielmus
407 2259 558 2291 chauchine
566 2260 686 2292 Curatus
700 2261 856 2294 Parochial.
870 2262 906 2293 de
920 2263 1034 2304 Noyon
1047 2264 1074 2295 le
1086 2264 1152 2296 Sec.'

229 2300 360 2329 Roberrus
374 2302 459 2329 Feron
471 2299 595 2331 Curatus
610 2299 764 2331 Parochial.
778 2302 814 2332 de
831 2302 1018 2342 laeciegume.

192 2338 392 2407 faGuillielmus
414 2338 544 2368 Cauterel
562 2338 683 2370 Curatus
702 2338 856 2371 Parochial.
877 2340 914 2371 de
936 2340 1125 2381 Longueville
1140 2342 1164 2373 la
1181 2341 1253 2372 Em-

221 2385 255 2406 rt.

229 2417 394 2444 Laurentius
410 2415 442 2444 de
456 2415 542 2455 Houst
557 2415 724 2454 Capellanus
739 2415 860 2447 Paroch.
874 2417 910 2448 de
926 2417 1031 2449 Hotot.

228 2452 374 2490 Johanncs
387 2453 551 2483 thenerre
566 2453 731 2492 Capellanus
743 2454 863 2485 Parocht
877 2456 913 2486 de
929 2456 1090 2497 Coudreye.

223 2490 374 2529 *Johaunes
388 2491 412 2520 le
427 2491 501 2530 Prest
513 2492 631 2522 Curatus
646 2492 764 2523 Paroch.
781 2493 817 2524 de
833 2492 1041 2525 Omframville.

227 2527 372 2567 Johannes
388 2529 420 2557 de
435 2529 550 2560 Halseur
564 2530 729 2568 Capellanus
741 2531 862 2562 Paroch.
881 2532 916 2563 de
931 2533 1000 2563 Piris
1013 2534 1046 2565 δε
1062 2533 1098 2564 de
1121 2533 1246 2565 Parollio

188 2565 269 2604 super
283 2565 426 2604 Ripatiam
440 2568 596 2599 d’Audelle.

321 2712 529 2743 conventiones
537 2713 627 2758 steper
638 2712 810 2746 Redditione
827 2713 863 2746 de
880 2713 1100 2756 Monstreuillc.

189 2794 340 2857 C’Esr
367 2804 413 2825 Le
434 2796 639 2827 TRAITEE
669 2807 722 2828 ET
751 2798 1074 2831 APPOINTMENT
1088 2825 1097 2838 ‚
1125 2801 1185 2834 Fair
1209 2805 1242 2835 &

267 2833 380 2864 Acorde
394 2834 419 2864 le
432 2835 582 2872 xxiii.Jour
596 2835 631 2865 de
639 2835 760 2874 Januer,
779 2837 843 2867 l’An
861 2836 908 2867 M.
922 2836 1051 2869 CCCC.
1065 2840 1178 2871 XVIII.
1194 2852 1242 2879 par

185 2871 272 2902 Nous
288 2871 418 2902 Guillianz
437 2872 634 2913 Destrepintot,
649 2873 749 2912 Johan
771 2874 960 2914 Blangrenon,
980 2877 1065 2907 Robin
1084 2879 1115 2908 de
1135 2880 1241 2919 Bault‚

185 2910 219 2940 &
233 2909 331 2949 Johan
346 2910 378 2940 de
393 2910 521 2949 Nerval,
540 2910 703 2942 Commises
716 2914 799 2950 depar
814 2916 888 2943 Piers
904 2915 1042 2944 Raubault
1060 2916 1239 2957 Lieutenant‚

177 2947 218 3026 ᾗ(
234 2958 302 3016 toulz
318 2949 356 2979 les
370 2948 496 2988 Burgeux
505 2972 513 2986 ‚
532 2949 720 2989 Souldeours,
740 2952 772 2982 δε
785 2951 920 2984 Habitans
933 2953 966 2982 de
980 2953 1010 2983 la
1026 2954 1098 2985 thle
1111 2957 1143 2986 de
1157 2960 1241 2987 Mon-

209 2996 263 3016 reu!

221 3025 259 3057 Et
272 3010 330 3056 noz
348 3035 464 3064 propres
479 3024 610 3057 Persones
626 3027 769 3059 loialment
782 3027 975 3067 promemus,
992 3041 1066 3068 pour
1082 3031 1186 3070 Nous,
1205 3035 1238 3065 &

182 3063 220 3093 les
244 3064 403 3103 Burgeaux,
421 3064 610 3102 Souldeours,
628 3067 659 3096 ὅ(
685 3066 840 3097 Habitantz
861 3068 1009 3099 deffusdnz
1024 3092 1032 3106 ,
1050 3080 1066 3100 a
1087 3071 1237 3104 Monfieur

182 3102 266 3140 Hugh
288 3101 415 3133 Luterell
436 3102 568 3132 Chivaler
590 3106 758 3134 Lieutenant
783 3106 814 3134 de
831 3106 978 3145 Harestue2
995 3107 1139 3147 Commys
1162 3120 1236 3148 pour

180 3139 208 3168 le
222 3140 253 3170 T
256 3141 383 3171 resnoble
399 3143 454 3179 Roy
468 3141 655 3179 d’Engleterre
666 3153 681 3172 a
694 3143 795 3173 Treter
809 3145 842 3174 &
858 3144 1022 3183 Concluyer
1035 3146 1072 3176 du
1088 3147 1135 3178 fait
1153 3150 1185 3178 de
1206 3150 1248 3179 la*

181 3179 290 3207 Rendue
304 3180 336 3208 de
351 3178 379 3208 la
393 3179 449 3208 dite
464 3182 490 3207 V
493 3178 538 3208 ille
551 3181 582 3209 de
600 3180 807 3219 [Uonstreuilles
823 3192 878 3219 que
899 3182 987 3213 Nous
1011 3185 1150 3215 Rendrous
1164 3188 1236 3227 ycell

183 3215 258 3245 Villo
272 3217 304 3246 de
319 3216 503 3256 Monstreuille
516 3227 544 3247 es
560 3217 652 3248 Maius
676 3218 711 3247 du
732 3218 871 3257 Uglhault
891 3218 929 3255 ὠ·
949 3220 1073 3260 Ριιίβὲιηῑ
1092 3226 1186 3254 Prince
1207 3226 1232 3255 le

178 3253 373 3294 Trefi’xcelleut
389 3259 443 3294 Roy
456 3255 646 3293 d'Engleterre
659 3256 823 3295 deffusdite,
847 3268 886 3289 ou
907 3269 935 3288 es
951 3259 1044 3290 Maius
1059 3261 1162 3292 d’autre
1182 3263 1232 3293 de-

177 3302 227 3331 par
242 3295 296 3334 Roy
309 3292 451 3330 Commys
464 3293 500 3323 de
513 3295 538 3323 le
553 3297 711 3332 Recevohe,
729 3295 761 3324 de
778 3298 875 3326 Maine
888 3308 906 3325 a
921 3300 990 3335 Oept
1000 3299 1074 3336 jours
1091 3300 1228 3337 prochein

178 3331 308 3367 ensuant;
326 3330 351 3360 le
364 3330 405 3361 dit
420 3331 579 3362 Tresnoble
594 3334 627 3363 &
641 3333 832 3371 Trespuissant
846 3334 915 3375 Roy
927 3335 964 3365 de
975 3335 1001 3365 le
1015 3337 1103 3367 Tenir
1115 3339 1148 3369 ὃς
1164 3338 1231 3369 Go-

177 3379 279 3401 vernet
294 3379 309 3400 a
323 3369 372 3398 son
388 3369 446 3399 bon
462 3369 554 3400 Plaisir
568 3380 639 3407 pour
654 3379 736 3402 toutz
745 3373 834 3410 jours.

214 3407 287 3439 ITE
299 3416 345 3445 M,
362 3406 403 3437 est
424 3407 539 3438 Acorde
560 3411 594 3440 &
618 3409 730 3440 Promis
749 3420 796 3447 par
818 3410 922 3447 Nous,
939 3411 1056 3441 Guillem
1074 3414 1229 3455 DestrepIn-

176 3452 240 3483 tot,
258 3445 449 3484 Blwgreum,
467 3445 491 3474 le
503 3447 606 3485 ‚Bault‚
623 3448 656 3478 &
677 3448 709 3477 de
732 3449 848 3478 Nerval
865 3449 1033 3487 deffusditz,
1053 3452 1094 3489 q'a
1112 3455 1178 3491 jour
1195 3455 1230 3485 de

178 3485 204 3515 la
218 3484 326 3515 Rendue
342 3484 374 3513 de
397 3482 427 3512 la
442 3484 498 3514 dite
513 3488 539 3512 V
543 3485 588 3514 ille
609 3486 642 3515 de
663 3489 733 3515 Mon
757 3486 848 3516 reuille
862 3487 949 3518 Nous
965 3488 1115 3520 Lefferons
1127 3492 1164 3522 les
1177 3493 1230 3522 Vi-

175 3533 256 3562 vres,
271 3523 407 3552 Armures
421 3546 430 3559 ,
449 3523 481 3553 &
501 3522 651 3554 Artilleries
666 3525 729 3560 (c’el
745 3524 861 3555 allavoir
876 3526 1034 3557 Arbalestes
1046 3552 1054 3564 ,
1073 3538 1139 3559 arez
1151 3553 1160 3567 ‚
1179 3531 1231 3561 fle-

176 3563 259 3599 ches,
276 3562 430 3598 virettons‚
448 3570 571 3598 canonS,
589 3562 709 3598 poudres
720 3586 729 3600 ,
748 3564 781 3593 &
802 3573 882 3593 toutz
903 3565 999 3596 aultres
1019 3565 1130 3598 bastons
1150 3570 1184 3599 &
1200 3580 1229 3600 a·

177 3599 323 3629 billemens
336 3609 408 3637 pour
424 3599 448 3628 la
464 3598 576 3629 Guerre
592 3599 710 3635 Defens)
727 3601 759 3630 de
772 3601 801 3630 la
814 3603 869 3630 dite
886 3605 915 3631 V
916 3602 962 3631 ille
976 3604 1008 3632 de
1023 3605 1227 3645 Monstreuille,

214 3637 334 3668 esteantz
355 3637 543 3673 presentment
564 3646 601 3667 en
620 3638 725 3677 ycelle‚
743 3638 819 3668 sauns
841 3649 1028 3672 aucunement
1049 3644 1121 3673 riens
1134 3645 1171 3675 du
1186 3646 1229 3676 dit

175 3645 276 3705 {stuff
292 3676 327 3705 de
349 3674 461 3705 Guerre
477 3674 643 3712 transportet
662 3685 700 3705 ou
719 3676 858 3706 destruere
879 3687 957 3709 entre
976 3689 1012 3718 cy
1028 3680 1061 3710 &
1075 3680 1105 3709 la
1119 3684 1228 3713 Rendue

177 3712 329 3751 desusditz3
348 3715 416 3744 mais
430 3712 630 3744 affemblerons
644 3714 678 3744 &
695 3723 831 3744 mettrons
845 3715 882 3745 les
893 3715 951 3746 ditz
969 3717 1121 3756 Armures,
1140 3721 1227 3752 Artil-

179 3750 273 3788 lenes,
291 3753 324 3782 &
346 3751 448 3781 Estuff
461 3762 497 3781 en
519 3761 575 3782 une
591 3751 663 3783 seule
688 3751 802 3782 Maison
820 3752 930 3784 dedenz
951 3754 975 3784 la
989 3755 1046 3786 dite
1065 3756 1138 3789 Ville
1154 3759 1225 3790 sauf-

179 3797 274 3825 ment,
292 3790 367 3819 sauns
381 3791 452 3819 riens
466 3789 557 3820 d'icell
570 3799 758 3821 aucunement
769 3790 901 3829 despairer
913 3801 953 3822 ou
970 3795 1114 3830 empairer.

216 3824 259 3855 [T
270 3836 287 3856 E
297 3835 340 3865 M,
359 3827 477 3858 Acorde
489 3827 531 3858 est
545 3829 578 3859 ὃς
593 3828 705 3859 Promis
717 3838 764 3866 par
778 3827 882 3866 Nous,
901 3829 938 3859 les
954 3829 1115 3862 Commises
1134 3832 1223 3865 desus-

169 3862 236 3932 153OE
243 3874 333 3931 ’ῡὲῒὲῗι
338 3865 636 3936 Iissign{“¹2{3‘{1⁷2⁰'¹‘d{‘h
645 3865 839 3936 'iendegriii‘i'a
846 3867 874 3937 ἔ
873 3867 992 3936 ””·ικά””“
998 3869 1038 3937 ffi-
1050 3871 1143 3940 ‘1³:¹⁰3st
1144 3872 1224 3902 '⁹⁸³²'

175 3925 274 3971 auitres
288 3939 460 3980 Deffences,
477 3915 563 3977 &ae
637 3915 656 3936 0
671 3915 705 3944 δ’
785 3915 801 3936 e
867 3915 882 3936 e
951 3915 996 3938 ura
1030 3931 1040 3946 ²
1080 3919 1098 3940 o
1124 3920 1169 3949 ες,
1188 3911 1221 3943 &

234 1975 380 2028 'Johannes
395 1993 489 2021 Caricr
501 1989 669 2028 Capelianus
684 1989 855 2023 Parochialis
877 1991 914 2023 de
928 1990 1009 2024 Bello
1031 2001 1132 2025 monte
1151 1993 1188 2025 de
1201 1993 1263 2025 Ha-

719 57 1935 113 CONVENTIONES,LITERAE,'

79 143 207 175 Aan.
265 145 410 185 Johannes
425 146 551 176 Cavelier
563 145 730 184 Capelianus
746 145 915 181 Parochialis
927 145 963 177 de
976 145 1145 185 Conquetot
1161 146 1187 177 le
1200 145 1286 177 Mau-

2401 142 2477 175 Ann·
2493 144 2548 177 Da*

2422 191 2508 222 1419.

2403 223 2464 249 Hen.
2484 231 2514 257 5.

2401 258 2417 274 *
2434 260 2487 288 IX.

1326 317 1445 373 REX
1456 341 1466 356 ‚
1485 328 1533 355 per
1548 318 1651 349 Literas
1663 319 1719 350 suas
1734 320 1863 352 Patentes
1873 344 1882 357 ,
1897 329 1947 359 per
1963 319 2048 350 Duos
2065 317 2178 350 Menses
2191 318 2322 356 proximo
2330 316 2378 347 fu·-
2397 298 2484 363 ἑξῆς

1405 366 1483 386 turos
1497 357 1651 395 duratum,
1670 358 1786 396 suscepit
1798 361 1826 389 in
1842 357 1952 390 'salvum
1973 357 2007 388 &
2029 357 2158 388 securum
2189 356 2377 387 Condu&um
2395 377 2425 399 H
2444 355 2468 407 ’ς
2487 357 2494 365 ’

1322 393 1383 422 δίε.
1402 396 1515 424 Petrum
1530 393 1685 433 Daufernet
1702 397 1737 426 de
1752 397 1885 436 Francia,
1903 397 1936 428 &
1948 395 2092 425 Robertum
2106 397 2200 435 Petit,
2219 395 2375 426 Servientes
2396 395 2478 440 Numi
2500 414 2519 440 6

1323 434 1432 462 Comitis
1452 433 1484 462 de
1504 433 1633 462 Vendome
1654 433 1799 465 Prisonarii
1820 435 1924 475 Regis,
1942 443 2026 472 penes
2043 433 2220 465 Praesentiam
2235 434 2311 464 suam
2326 433 2375 464 ad-
2395 454 2424 477 H
2457 434 2486 486 5'
2502 436 2527 488 p·

1322 476 1391 499 tunc
1416 470 1583 508 existentes,
1612 471 1703 501 versus
1727 472 1864 512 Regnum
1888 473 1978 512 Regis
1999 472 2111 510 Angliae
2131 471 2206 503 salvo
2229 473 2262 504 ὃς
2281 472 2376 503 secure
2397 498 2412 516 2
2426 471 2457 518 'm
2479 473 2484 480 ’
2503 472 2530 517 3'

1321 507 1505 546 transeundo,
1522 509 1626 539 ibidem
1641 510 1780 541 morando
1795 512 1828 543 &
1845 511 2131 549 perhendinandm&
2145 510 2246 542 exinde
2261 511 2296 540 ad
2310 520 2378 548 pro-
2418 510 2424 517 '
2460 512 2467 522 ⁹
2486 499 2498 527 3
2522 510 2531 520 ⁰

1321 547 1381 585 pria
1400 547 1546 578 redeundo
1557 570 1568 586 ‚
1593 557 1708 579 necnon
1733 549 1810 580 Bona
1822 573 1832 588 ‚
1859 549 1919 581 Res
1933 573 1945 589 2
1963 551 1997 581 &
2013 549 2150 581 Hernefia
2169 551 2213 580 sua
2230 557 2377 588 quaecum⁴

1321 593 1392 622 que:

1357 622 1396 653 Et
1413 623 1494 662 ideo,
1514 624 1574 655 &c.

1356 660 1475 692 Proviso
1500 663 1609 701 semper
1634 662 1712 702 quod
1735 662 1861 702 praediffi
1905 665 2002 695 Petrus
2020 665 2054 700 &
2078 665 2225 704 Robertus,
2245 664 2321 696 bene
2340 664 2375 696 &

1317 698 1439 731 honeste
1455 701 1480 731 se
1497 710 1595 744 gerant
1610 712 1675 740 erga
1690 702 1803 742 Regem
1818 703 1851 733 &
1865 687 2010 740 130pu1um
2023 703 2122 742 suum,

1355 738 1504 777 Qodque
1523 742 1570 778 ipli
1589 742 1761 779 quicquam,
1781 741 1857 780 quod
1873 741 1902 770 in
1920 740 2006 779 Regis
2017 740 2228 781 Contemptum
2242 741 2375 773 velPrae-

1313 776 1468 816 judicium,
1486 788 1532 809 aur
1545 778 1614 810 ditsti
1632 779 1734 817 Populi
1746 780 1839 817 Regis
1852 778 2023 817 Dampnum
2034 779 2185 819 aliqualiter
2198 781 2298 813 cedere
2322 790 2372 813 va-

1315 814 1385 883 leaIr‚
1403 825 1463 860 non
1481 825 1662 886 attgcmptenss
1678 819 1724 850 seu
1741 818 1842 850 faciant
1855 818 2022 855 attemptari.
2199 832 2201 834 ·

1337 866 1340 868 ·
1371 864 1388 883 n
1403 864 1438 885 cu
1449 865 1480 886 us
1551 866 1577 886 c.

1310 929 1330 968 J
1353 865 1447 936 TesteJ
1466 879 1551 931 R'ege
1569 895 1642 933 apud
1662 894 1787 936 castrum
1803 894 1880 935 ficum
1898 894 2060 935 Rothomagi
2079 894 2314 928 vicefimosexto
2326 894 2371 939 die

1331 939 1442 962 anuarn.

1325 232 1353 259 ²*
1382 236 1430 268 De
1442 233 1534 278 fhlvo
1554 235 1705 268 Condfflu
1717 247 1771 282 pro
1789 232 1996 269 Servientibns
2017 235 2141 266 Comitis
2159 231 2194 266 de
2226 228 2384 266 Vendome.

2004 975 2058 1004 Per
2070 972 2152 1013 ipsum
2166 975 2270 1011 Regem.

1590 1098 1650 1130 Pro
1668 1096 1847 1140 Cotfiliariis
1864 1100 1975 1145 Reginae
1993 1099 2108 1132 Sicilia.

1316 1180 1452 1237 REX,
1468 1190 1520 1228 ‘per
1534 1180 1641 1212 Literas
1655 1181 1712 1212 suas
1727 1181 1874 1220 Patentes‚
1892 1182 1979 1227 usque
1993 1192 2106 1228 nonum
2128 1183 2204 1215 diem
2228 1177 2370 1229 Februarii
2394 1178 2469 1210 Ann-
2479 1179 2520 1211 Da

1391 1230 1528 1258 proximo
1541 1220 1668 1264 futurum
1683 1220 1839 1258 duraturas,
1858 1222 1972 1260 suscepit
1994 1231 2022 1252 m
2046 1222 2168 1260 salvum,
2186 1224 2248 1254 &c.
2265 1220 2368 1266 Dtstq-
2409 1227 2495 1258 1419-

1312 1267 1375 1286 num
1393 1257 1421 1288 la
1444 1257 1541 1297 Jaelle
1562 1258 1709 1301 Militem,
1727 1260 1760 1289 &
1779 1259 1928 1298 Philippum
1949 1260 1982 1290 de
1995 1263 2118 1301 Coicquiz
2136 1261 2277 1299 utriusque
2289 1259 2365 1299 Jurrs
2385 1262 2438 1286 Au.
2456 1259 2485 1286 6-

1310 1294 1495 1334 Βοέὶοτειῃ,
1515 1297 1696 1328 Conlssiarios
1710 1300 1817 1335 Reginae
1830 1298 1941 1336 Siciliae‚
1959 1298 2045 1337 usque
2063 1299 2239 1330 Praesentiatn
2260 1298 2366 1337 Regis,
2385 1301 2422 1342 H:
2439 1305 2468 1332 5-

1310 1335 1508 1379 cum'Qecem
1523 1336 1556 1366 &
1568 1335 1649 1366 osto
1662 1336 1791 1367 Personis
1805 1338 1835 1366 in
1843 1336 1991 1368 Comitiva
2006 1337 2069 1376 sua,
2086 1338 2132 1368 vel
2144 1337 2229 1375 infra,
2247 1338 2364 1367 venien-
2384 1335 2447 1363 1an
2462 1344 2500 1363 m-

1309 1372 1365 1411 do,
1385 1373 1494 1404 ibidem
1508 1374 1647 1405 morando
1658 1375 1691 1406 &
1709 1375 1959 1414 perhendinando,
1975 1377 2008 1406 &
2021 1375 2124 1407 abinde
2137 1375 2213 1407 salvo
2228 1375 2364 1407 &secure
2384 1382 2431 1409 4¹·

1307 1411 1477 1481 {eideunsdof
1493 1423 1525 1444 ac
1548 1412 1646 1450 Equos
1663 1436 1673 1451 ,
1690 1412 1770 1452 Res,
1787 1413 1864 1444 Bona
1876 1438 1886 1453 ,
1901 1414 2010 1453 Jocalia
2022 1437 2032 1454 ‚
2051 1414 2171 1453 Libros,
2191 1414 2313 1452 Lioeras,
2331 1414 2366 1445 &

1342 1460 1444 1482 erneia
1469 1461 1501 1482 ua
1535 1462 1645 1483 uaecum
1670 1462 1716 1482 ue·

1344 1488 1463 1521 Proviso
1477 1461 1585 1536 seraper
1596 1463 1674 1536 ‘³992
1690 1477 1739 1529 ip'fi
1755 1492 1927 1530 quicquam,
1940 1492 2025 1538 .qu‘.³d
2044 1493 2075 1522 in
2094 1491 2183 1532 Regis
2205 1491 2370 1531 Contemp-

1307 1535 1370 1595 turIn
1380 1552 1389 1566 ,
1410 1527 1469 1572 &a
1483 1535 1556 1598 utsstcn
1563 1529 1694 1571 fimxlzbus
1708 1530 1740 1559 de
1755 1531 1891 1561 Conduli‘u
1905 1533 2017 1561 Literzs.
2192 1552 2195 1558 ·

1359 1576 1378 1595 n
1394 1576 1431 1597 cu
1443 1577 1473 1596 us
1545 1578 1570 1597 c.

1342 1577 1530 1681 'gesaejpxeg'e
1544 1606 1616 1644 apud
1632 1609 1781 1637 Civitatem
1790 1606 1873 1648 fitam
1887 1605 2124 1648 Rothomagenfim
2145 1606 2282 1640 vicesimo
2305 1607 2364 1638 sex-

1305 1651 1336 1673 to
1372 1653 1397 1673 ie
1426 1654 1535 1674 anuaru.

1684 1773 1733 1806 De
1751 1775 1840 1820 Regio
1859 1772 1994 1819 Afflnfh.

1303 1852 1591 1918 EXcellentiffimo
1614 1858 1642 1888 in
1668 1856 1786 1889 Christo
1807 1857 1954 1896 Principi,
1970 1868 2003 1889 ac
2028 1857 2166 1889 Domino
2189 1857 2289 1890 nostro
2303 1867 2365 1898 gra·
2384 1861 2461 1893 Arm,
2475 1862 2518 1895 D;

1386 1897 1534 1928 tioliffimo
1549 1920 1558 1935 ‚
1586 1896 1720 1927 Domino
1739 1899 1876 1935 Hernico,
1901 1896 1959 1928 Dei
1980 1897 2086 1936 gratia,
2107 1900 2171 1936 Regi
2191 1896 2305 1935 Angliae
2323 1895 2362 1932 ό
2404 1910 2490 1940 1419,

1300 1936 1439 1977 Eranciae,
1458 1937 1491 1966 ὃ(
1504 1935 1643 1966 Domino
1658 1935 1807 1966 Hibemiae
1822 1934 1940 1975 illustri,
1958 1936 2040 1973 ipsius
2054 1936 2176 1966 Domini
2191 1937 2282 1967 nostri
2302 1935 2365 1966 Re-
2382 1944 2435 1968 An.
2450 1943 2479 1969 6.

1301 1980 1344 2010 gis
1359 1995 1369 2010 ‚
1392 1974 1422 2003 in
1440 1974 1574 2005 Remotis
1593 1976 1697 2014 agentis
1710 1998 1720 2012 ‚
1747 1975 1972 2005 Locumtenenti
1992 1974 2026 2005 &
2049 1974 2146 2014 Regni
2167 1975 2278 2015 Angliae
2301 1973 2364 2005 Cu-
2383 1983 2418 2006 H.
2436 1988 2465 2015 5.

1302 2010 1393 2049 stodi,
1411 2011 1493 2042 vestri
1507 2013 1628 2044 humiles
1643 2014 1676 2044 &
1691 2012 1790 2045 devoti
1806 2012 1941 2044 Oratores
1957 2013 2107 2052 continui,
2126 2014 2220 2045 Frater
2239 2013 2365 2044 Edwar-
2382 2016 2455 2055 Infra

1300 2049 1349 2078 dus
1371 2053 1469 2081 Sutton
1485 2075 1494 2091 ‚
1528 2050 1611 2082 Prior
1636 2050 1841 2083 Conventualis
1870 2052 1926 2082 five
1951 2051 2099 2091 Regularis
2129 2051 2298 2084 Monasterii
2326 2051 2362 2083 de
2382 2056 2497 2092 Turrim-3

1302 2087 1486 2126 Middlet0n‚
1502 2089 1620 2120 Ordinis
1640 2090 1737 2120 Sanffl
1759 2090 1921 2128 Benediffl,
1939 2090 2040 2121 Sarum
2060 2090 2212 2130 Dioecese,
2237 2092 2271 2122 &
2292 2091 2363 2129 ejus-

1299 2127 1366 2158 dem
1387 2127 1462 2159 Loci
1484 2127 1676 2167 Conventus,
1700 2129 1875 2160 Orationum
1895 2128 2032 2167 Suffragia
2047 2151 2058 2168 ,
2081 2129 2114 2160 &
2137 2131 2167 2160 in
2192 2139 2227 2160 eo
2247 2129 2362 2166 gloriari

1298 2175 1349 2204 per
1370 2176 1458 2204 quem
1479 2166 1574 2207 Reges
1594 2176 1711 2210 regnant
1733 2169 1767 2200 &
1792 2167 1965 2208 Regnorum
1988 2167 2192 2199 Gubernacula
2210 2168 2364 2206 sustentanf

1298 2214 1353 2236 tur.

1339 2242 1480 2312 hgajestati
1511 2245 1610 2277 vestrae
1639 2245 1761 2286 Regiae,
1795 2244 1915 2277 Tenore
1951 2245 2136 2277 Praesentium
2153 2269 2164 2284 ,
2197 2245 2363 2278 intimamus

1318 2292 1356 2312 uo
1385 2306 1394 2320 ‚

1296 2291 1316 2321 q
1336 2320 1461 2353 Vacante
1474 2332 1563 2360 nuper
1578 2322 1756 2354 Monasterio
1769 2323 1826 2354 five
1842 2322 1964 2354 Ecclefia
1973 2321 2166 2354 Conventuali
2181 2321 2275 2353 nostra
2289 2330 2362 2360 prae-

1294 2359 1386 2399 dieta,
1404 2371 1454 2399 per
1470 2360 1619 2400 Mortem,
1638 2362 1724 2392 bonae
1738 2363 1901 2400 memoriae,
1920 2362 2021 2392 Fratris
2036 2361 2152 2392 Walteri
2173 2359 2299 2398 Archer,
2314 2360 2358 2391 ul-

1295 2399 1359 2429 timi
1382 2399 1499 2430 Abbatis
1523 2400 1643 2438 ejusdem
1669 2401 1767 2438 Loci,
1799 2401 1935 2440 *etitaque
1955 2402 1971 2431 {2
1988 2400 2080 2431 vestri
2100 2399 2190 2439 Regia
2211 2398 2359 2442 Excellen-

1293 2437 1352 2506 es,
1367 2436 2356 2515 &NMffle
2403 2480 2412 2485 -

2314 2498 2325 2513 Ί

1329 2513 1557 2546 Praecedentibus
1572 2517 1605 2547 &
1619 2515 1846 2547 Occurrentibus
1861 2526 1894 2547 ac
1908 2516 2038 2552 legitime
2052 2514 2203 2545 observatis
2217 2513 2354 2544 omnibus

1290 2553 1323 2583 &
1343 2553 1470 2592 stragulis,
1487 2562 1544 2584 tam
1569 2554 1605 2584 de
1622 2554 1712 2592 Jure,
1730 2556 1817 2593 quam
1838 2555 1874 2585 de
1894 2553 2108 2584 Consuetudine
2128 2552 2208 2591 ipsius
2234 2551 2354 2582 Ordinis

1290 2591 1399 2630 nostri,
1418 2591 1601 2622 Elestionem
1619 2593 1778 2631 hujusmodi
1793 2593 2046 2629 concernentibus,

1330 2629 1467 2660 Invocara
1488 2629 1606 2667 Spiritus
1624 2630 1720 2660 Sancti
1758 2629 1842 2668 tatii,
1869 2629 2046 2669 Religiosum
2070 2628 2173 2660 Virum
2187 2653 2197 2668 ,
2223 2628 2351 2660 Fratrem

1288 2668 1433 2697 Ricardum
1452 2667 1530 2708 chy,
1548 2668 1734 2699 Commonac
1757 2679 1806 2700 um
1829 2669 1863 2699 &
1884 2668 2066 2699 Confratrem
2080 2667 2228 2706 nostrum,
2246 2667 2350 2698 Virum

1289 2707 1383 2745 utique
1404 2706 1474 2736 Deo
1497 2707 1636 2736 devotum
1646 2729 1654 2743 ‚
1672 2707 1756 2737 nobis
1775 2708 1809 2738 &
1822 2707 1902 2738 dieto
1917 2706 2018 2737 nostro
2032 2706 2211 2737 Monasterio
2224 2706 2350 2737 necesst-

1288 2745 1380 2781 rium,
1408 2744 1552 2781 Vobisque
1572 2745 1606 2775 &
1630 2744 1735 2784 Regno
1756 2744 1851 2776 vestro
1871 2746 1969 2775 utilem
1990 2746 2024 2776 &
2040 2744 2170 2783 fidelem,
2187 2745 2264 2775 acin
2281 2744 2349 2781 Spi—

1287 2783 1429 2813 ritualibus
1450 2784 1484 2815 δε
1504 2783 1726 2821 Temporalibus
1747 2784 1905 2820 plurimum
1924 2783 2178 2821 circumspecmm,
2196 2782 2296 2813 Nobis
2312 2783 2346 2812 δε

1285 2821 1364 2889 gieio
1380 2821 1479 2852 nostro
1496 2821 1674 2852 Monasterio
1687 2823 1716 2852 in
1731 2822 1876 2853 Abbatem
1891 2821 2071 2853 concorditer
2085 2821 2219 2860 elegimus
2235 2822 2270 2852 δε
2290 2820 2346 2851 Pa-

1309 2869 1390 2890 orem

1319 2883 1419 2937 Queri]
1431 2921 1440 2937 ,
1460 2906 1543 2936 prout
1559 2899 1644 2929 moris
1658 2898 1716 2937 est,
1734 2900 1790 2930 una
1804 2909 1892 2937 cum,
1911 2897 2140 2929 Commonachis
2162 2897 2196 2928 &
2219 2895 2344 2928 Consta-

1283 2937 1369 2966 tribus
1385 2937 1500 2975 nostris,
1522 2938 1666 2967 Edwardo
1679 2940 1707 2967 Κ
1704 2937 1838 2978 ymerich,
1855 2939 1889 2969 &
1903 2937 2036 2977 Johanne
2051 2934 2217 2976 Hafi’lbery,
2236 2935 2271 2966 ad
2289 2945 2341 2967 ve-

1282 2974 1367 3005 stram
1384 2975 1589 3006 Cellitudinem
1602 2976 1791 3013 destinamus,

1320 3013 1425 3052 Omni,
1444 3015 1498 3053 qua
1514 3015 1673 3053 possumus,
1693 3015 1866 3057 humilitate-,-
1880 3011 2052 3051 devotione,
2070 3012 2251 3057 &instantii
2264 3012 2339 3051 Sup-

1281 3051 1415 3089 plicantes
1434 3056 1578 3091 quatinus,
1597 3053 1677 3090 ipfius
1698 3051 1867 3082 Monastern
1889 3052 1978 3082 nostri
1994 3052 2170 3082 Desolatiom
2183 3059 2268 3088 atque
2283 3061 2338 3082 no-

1280 3090 1344 3120 strae
1360 3091 1440 3121 solito
1458 3091 1570 3121 Pietatis
1585 3090 1691 3120 affeetu
1706 3090 1831 3129 benigne
1848 3092 2071 3128 compatientes,
2090 3090 2194 3120 nostris
2209 3089 2336 3120 Electioe

1278 3130 1307 3158 ni
1325 3130 1359 3160 &
1374 3129 1478 3160 Εἱεᾶο
1494 3129 1635 3167 praediCtis
1647 3128 1797 3159 Assensum
1811 3129 1830 3148 ³*
1847 3129 1955 3169 regium
1968 3129 2124 3168 dignemini
2147 3128 2335 3160 misericordi·
2353 3132 2373 3154 0
2392 3136 2446 3167 Ιχ,

1275 3176 1515 3243 ῑεΐύῗέξέῐῐυῃίὲιῖε,
1531 3204 1705 3235 Reverendo
1730 3205 1758 3235 in
1776 3203 1893 3235 Christo
1919 3204 2010 3250 Patri,
2032 3204 2165 3250 Domino
2186 3204 2334 3250 Johannf',
2354 3174 2420 3209 ⁶76⁸

1274 3242 1332 3272 Dei
1348 3243 1452 3281 gratia,
1470 3247 1565 3273 Sarum
1580 3243 1721 3283 Epistopo,
1741 3253 1790 3281 per
1805 3243 1908 3275 vestras
1922 3244 2048 3283 gratiosas
2064 3244 2185 3282 Literas,
2203 3243 2282 3274 Dare
2303 3254 2335 3274 m

1274 3280 1432 3319 Mandatis,
1452 3290 1482 3312 ut
1496 3280 1552 3319 ipse
1565 3281 1645 3312 faciat
1662 3283 1695 3313 δε
1709 3290 1861 3320 exequetur
1874 3283 1952 3322 quod
1966 3282 2000 3314 ad
2022 3281 2156 3314 officium
2177 3281 2258 3313 suum
2278 3281 2334 3314 Pa-

1273 3318 1374 3350 storale
1387 3321 1506 3358 pertinet
1519 3321 1548 3350 in
1562 3320 1614 3350 hac
1630 3328 1714 3360 parte.

1310 3394 1380 3426 Dat.
1400 3396 1448 3427 sub
1471 3396 1562 3434 figillo
1580 3396 1679 3427 nostro
1701 3399 1868 3437 communi,
1885 3399 1916 3428 in
1936 3397 2041 3430 Domo
2063 3396 2160 3428 nostra
2174 3394 2329 3433 Capitulari

1272 3433 1308 3464 de
1324 3434 1484 3465 Middleton
1494 3459 1503 3473 ‚
1522 3437 1606 3465 xxvii.
1626 3436 1672 3466 die
1688 3435 1795 3467 Mensis
1809 3437 1949 3476 januarii,
1967 3437 2056 3468 Anno
2071 3435 2195 3466 Domini
2209 3432 2328 3464 Millefi-

1272 3482 1323 3503 mo
1336 3497 1346 3511 ,
1364 3473 1666 3513 Qadringenrefimo,
1683 3474 1810 3506 Decimo
1821 3475 1960 3513 Septimo.
2218 3488 2221 3489 ⁷

1542 3601 1602 3632 Pro
1619 3595 1889 3642 Ambaffiatoribus
1907 3595 2065 3643 Dalphini.

1271 3680 1388 3739 REX
1399 3704 1409 3720 ‚
1425 3691 1474 3720 per
1486 3682 1590 3713 Literas
1601 3683 1659 3714 suas
1673 3682 1819 3720 Parentes,
1833 3682 1919 3720 usque
1933 3680 2225 3719 Quintumdecimum
2235 3681 2326 3714 Diem
2346 3676 2476 3710 Ann.D.·

1348 3720 1487 3751 Februarii
1510 3723 1644 3758 proximo
1664 3722 1788 3752 futurum
1809 3720 1972 3756 duraturas,
2003 3718 2121 3757 suscepit
2142 3721 2171 3750 in
2192 3721 2321 3761 sslvum,
2362 3725 2451 3756 1419·

1267 3758 1327 3788 &o
1353 3757 1551 3789 Venerabilem
1574 3759 1701 3795 Patrem,
1727 3758 1886 3797 Johannem
1906 3757 1938 3786 de
1957 3758 2049 3798 Norry
2063 3758 2319 3798 Archiepiscopum
2339 3759 2392 3784 An.
2408 3758 2438 3784 ⁶·

1266 3795 1474 3834 Senonensem,
1491 3798 1667 3827 Lodowicum
1678 3798 1710 3834 de
1724 3795 1829 3826 chalon
1843 3795 1992 3826 Comitem
2007 3795 2042 3826 de
2062 3797 2215 3828 Tonnerre
2249 3797 2318 3829 Ma-
2338 3796 2373 3821 H.
2389 3802 2418 3830 5-

1265 3833 1383 3871 gistrum
1405 3834 1564 3871 Johannem
1585 3836 1618 3866 de
1641 3835 1704 3866 Vail
1737 3833 1936 3877 Praefidentem
1947 3833 1978 3862 in
1994 3832 2203 3876 parliamento,
2221 3822 2319 3877 Magi-
2337 3836 2427 3860 NWm-
2443 3831 2474 3860 62
2489 3860 2498 3873 .

1265 3872 1354 3902 strum
1374 3872 1533 3910 Johannem
1557 3875 1659 3904 Tudert
1716 3881 1835 3903 ecanum
1858 3870 1972 3901 Panfius
2010 3872 2189 3904 Guillielmum
2214 3878 2318 3914 Seignet
2338 3873 2471 3907 H-5·1>·2·

1265 3909 1398 3940 Chivaler
1413 3933 1422 3948 ‚
1446 3911 1480 3942 &
1501 3911 1678 3948 Magistrum
1725 3910 1856 3954 ohannenq
1879 3909 1912 3938 de
1936 3894 2106 3955 Psiflebrjcsme
2128 3913 2317 3944 Secretarium
2340 3917 2432 3945 ''⁴³4-

1264 3948 1473 3988 consanguinei
1495 3949 1588 3989 Regis
1607 3952 1688 3987 Daup
1707 3952 1747 3980 im·
1761 3947 1793 3978 de
1811 3950 1939 3987 Vzenna,
1954 3957 1985 3979 m
2004 3948 2128 3983 Civitate
2147 3951 2237 3992 Regis
2252 3952 2320 4022 tzo-

2287 3999 2321 4021 0-
