2562 4274
256 153 335 182 120

106 222 182 254 Ann-
198 220 239 251 D·
253 228 296 258 cia
317 224 483 256 Praesentare
504 222 645 254 voluerint
660 246 669 260 ,
694 222 728 252 ad
749 222 776 252 V
777 222 885 252 alorem
902 221 1131 260 Qingentarum
1148 217 1315 249 Marcarum

128 260 212 299 1426·
254 275 305 304 per
323 265 440 295 Annum
451 286 460 301 ‚
479 262 637 299 Acceptarc
650 263 683 293 ὅτ,
700 261 840 296 Optinere
854 259 955 298 possit,

104 304 169 329 Hm·
185 302 215 327 ⁶-
294 302 411 332 Proviso
432 302 540 340 semper
558 300 637 338 quod
650 322 660 338 ,
680 299 699 329 fi
713 299 806 330 dietus
820 298 1012 329 Sanfflffimus
1027 297 1111 327 Pater
1121 294 1232 338 noster,
1250 301 1315 324 ante

252 341 433 379 qualemcum
457 349 491 369 ue
507 339 715 369 Executionem
733 336 873 375 praesentis
892 336 998 366 nostrae
1021 333 1223 365 Conceffioms
1237 357 1247 370 ‚
1266 342 1315 370 per

252 379 360 409 Literas
374 378 431 407 suas
469 377 577 415 ullatas,
597 377 679 406 nobis
693 375 894 414 praesentandas
911 376 946 407 &
966 373 1156 417 deliberandas
1167 395 1177 410 ‚
1194 371 1316 415 declaret

253 417 349 455 quod,
368 415 609 453 quandocumque
632 414 786 451 contigerit
808 413 969 451 hujusmodi
989 411 1126 443 Beneficta
1142 411 1191 454 seu'
1201 408 1315 446 aliquod

254 454 424 485 eorumdem
446 455 548 492 quovis
572 454 664 483 modo
688 462 786 482 vacare
800 474 810 490 ‚
835 461 883 482 aut
908 451 943 481 de
957 451 1026 490 jure
1043 459 1194 491 communi
1215 449 1317 478 debere

253 503 352 524 vacare
367 515 377 530 ‚
403 492 566 522 Donatores
582 515 591 528 ,
616 490 824 526 Conferentes,
841 490 972 528 Patroni,
993 491 1025 520 &
1042 489 1230 530 Dispolitores
1244 495 1317 523 prae-

251 531 337 569 dieti,
356 532 389 561 ὃ(
411 540 511 560 eorum
532 531 650 569 quilibet
671 529 809 560 Beneficia
832 529 876 560 illa
899 529 1070 566 &ipsorum
1087 526 1250 564 quodlibet,
1267 535 1316 554 va-

251 571 343 600 cantia
365 569 421 599 s1ve
440 579 557 606 vacans,
577 570 621 599 seu
639 568 675 598 de
687 567 758 606 Jure
773 569 925 597 communi
941 575 1040 596 vacare
1054 566 1184 596 debentia
1197 586 1207 601 ‚
1229 562 1317 607 Dare,

251 607 396 638 Conferre
410 629 419 646 ³
446 608 479 639 δε
505 607 539 638 ad
559 617 590 638 ea
612 607 782 637 Praesentare
796 629 807 645 ‚
825 606 858 636 &
876 605 912 635 de
925 605 1029 635 eisdem
1044 603 1191 635 Beneficiis
1208 601 1317 639 Dispo-

250 656 316 676 nere

288 669 464 715 Et³fimiliter
478 684 558 722 quod
573 683 640 722 ipsi,
659 684 760 721 quibus
780 682 939 720 hujusmodi
954 681 1155 718 Donationes,
1174 678 1316 723 Collatio-

250 733 316 761 ne3‚
342 723 388 753 seu
409 723 636 753 Praesentationes
659 721 727 752 fient
742 745 752 759 ‚
777 720 915 751 Beneficia
939 720 983 750 illa
1003 721 1091 750 libere
1113 719 1257 755 Recipere
1282 717 1315 747 &

249 761 407 800 Acceptare
424 761 557 799 possunt,
573 761 796 799 quib.1sti1n1que
817 759 1066 790 Reservationibus
1090 756 1168 788 Sedis
1188 755 1317 794 Aposto-

248 801 330 838 licae,
350 800 581 838 provisionibus,
599 798 830 836 Collaticmibus,
850 798 905 829 live
923 797 1182 833 Conceffionibus‚
1201 797 1230 825 in
1250 794 1315 824 Co-

248 839 382 869 mendam
400 861 410 877 ‚
435 838 479 868 seu
502 839 728 875 quibuscumque
748 838 805 867 aliis
829 836 1084 874 Dispofflionibus,
1104 835 1204 873 quovis
1222 833 1313 864 modo

249 878 330 909 fasti<
344 878 398 908 five
415 876 563 915 faciendis,
583 886 641 906 non
656 876 847 905 obstantibus:
877 890 881 893 -
1166 911 1171 916 ⁸

288 916 438 946 Nolumus
459 918 530 945 vero
557 916 637 952 quod
663 916 713 944 ista
735 913 852 952 piaesens
876 913 1004 944 Licentia
1025 913 1147 944 trahatur
1164 920 1194 941 in
1207 909 1314 941 Exem-

251 956 331 994 plum
346 955 505 991 aliquorum
523 954 551 983 in
569 954 704 983 futurum.

293 993 322 1022 [n
339 994 434 1030 cujus,
452 994 512 1022 &e

290 1030 382 1062 Teste
398 1030 477 1070 Rege
491 1030 564 1068 apud
584 1029 715 1071 Leycaestr.
735 1030 852 1062 decimo
865 1031 941 1061 sexto
954 1029 1000 1061 die
1018 1028 1127 1060 Martii.

740 1109 794 1137 Per
808 1110 901 1138 Breve
922 1108 955 1137 de
971 1109 1091 1137 Privato
1103 1103 1201 1144 sigillo.

347 1232 397 1263 De
415 1229 588 1272 Conduc‘lu,
609 1241 664 1276 pro
683 1232 797 1263 comite
813 1230 849 1264 de
865 1229 1013 1264 Pentheur
1029 1233 1064 1268 ρξ’
1083 1232 1202 1263 Fratre.

93 1323 170 1354 Ann.
182 1322 224 1352 D.
247 1315 304 1376 R
315 1314 397 1354 EX,
415 1325 464 1353 per
480 1315 586 1346 Literas
601 1317 656 1346 suas
671 1315 815 1355 Parentes,
834 1326 883 1352 per
896 1316 1002 1348 Unum
1018 1315 1136 1346 Annum
1149 1314 1307 1353 duraturas,

113 1364 197 1399 1425.
285 1392 294 1395 -
326 1355 440 1391 suscepit
458 1356 485 1384 in
504 1355 610 1386 salvum
625 1356 656 1385 ἃ
673 1355 799 1385 securum
815 1355 1006 1385 Conductum
1019 1353 1118 1391 suum,
1136 1363 1169 1384 ac
1187 1355 1215 1383 in
1233 1352 1305 1383 Pro-

89 1405 141 1428 An,
159 1410 187 1435 4,
244 1393 417 1430 tectionem,
435 1393 621 1432 Tuitionem‚
640 1394 673 1423 ὃς
689 1393 892 1424 Defenfionem
907 1393 963 1423 suas
983 1391 1127 1431 speciales,
1144 1391 1305 1430 Johannem

89 1443 124 1466 H.
144 1442 171 1465 6.
243 1430 276 1459 de
291 1433 455 1469 Ereta-’‘gm,
475 1431 599 1462 Fratrem
619 1431 799 1462 Germanum
813 1432 922 1462 oliveri
938 1435 1050 1462 Comitis
1073 1430 1105 1460 de
1120 1431 1158 1459 Pe
1174 1429 1301 1468 ntheure‚

88 1481 176 1504 franc.
191 1487 220 1511 4.
242 1478 344 1508 penes,
363 1469 535 1500 carissimum
552 1473 584 1502 &
602 1470 793 1508 pizedileetum
811 1470 997 1500 Avunculum
1016 1469 1125 1507 Regis,
1142 1441 1302 1508 {ohannem

88 1516 219 1545 H.6.1)›.8.
241 1511 344 1537 Ducem
368 1507 521 1545 Bedfordiae
535 1531 545 1546 ,
569 1508 729 1547 Regentcm
747 1508 843 1547 Regni
855 1508 943 1547 Regis
959 1509 1102 1546 Franciae,
1121 1508 1150 1537 in
1165 1507 1301 1538 Reanum

242 1545 332 1586 Regis
347 1547 371 1577 F
373 1548 490 1585 ranciae,
509 1547 554 1577 vel
570 1558 654 1584 penes
670 1546 839 1578 Concilium
854 1547 958 1586 Regis,
975 1549 1035 1578 tam
1051 1548 1079 1576 in
1095 1545 1200 1577 eodem
1211 1532 1300 1583 Reg-

240 1595 299 1623 no,
319 1586 408 1623 quam
431 1587 459 1615 in
481 1588 586 1615 Revno
610 1586 722 1623 Angliae
738 1609 747 1624 ,
769 1596 803 1616 ac
830 1585 947 1616 Ducatu
970 1586 1058 1624 Regis
1079 1585 1299 1623 Aequitanniae‚

240 1633 309 1654 cum
335 1624 480 1663 Sexaginta
503 1610 681 1656 Psominibus
702 1625 731 1654 in
757 1623 903 1655 Comitiva
927 1626 992 1662 lua,
1024 1624 1147 1654 Armatis
1169 1623 1214 1653 vel
1239 1634 1299 1654 non

240 1661 381 1700 Armatis,
401 1663 559 1700 veniendo,
578 1663 681 1693 ibidem
701 1663 862 1701 morando,
880 1662 1130 1701 perhendinando,
1149 1662 1183 1693 &
1199 1661 1299 1692 exinde

240 1701 332 1732 versus
353 1710 438 1738 parte<
450 1701 594 1739 praedic‘tas
610 1701 772 1738 1·edeundo;
1254 1736 1256 1738 .

274 1738 393 1769 Proviso
415 1740 524 1777 semper
547 1739 627 1778 quod
650 1739 725 1770 idem
745 1740 908 1780 Johannes,
926 1750 959 1771 ac
975 1740 1011 1769 illi
1023 1739 1060 1770 de
1074 1739 1222 1770 Comitiva
1238 1739 1298 1775 sua,

235 1777 403 1846 {moeste-s&
418 1777 534 1816 pacifice
549 1779 575 1808 se
588 1787 684 1817 gerant
698 1779 732 1810 &
748 1780 907 1818 gubernent
925 1788 989 1818 erga
999 1778 1111 1818 Regem
1122 1800 1132 1817 ,
1149 1778 1299 1810 &Fideles

265 1825 341 1853 igeos
353 1827 414 1847 ,uos

271 1853 309 1885 Et
323 1840 474 1894 quicqu’am
486 1880 495 1894 ,
511 1857 590 1895 quod
608 1857 636 1887 in
651 1855 741 1895 Regis
761 1856 806 1888 seu
827 1856 974 1888 dictorum
995 1855 1151 1894 Ligeorum
1165 1854 1299 1894 praejudi-

233 1894 313 1923 cium
328 1895 372 1924 vel
385 1894 541 1932 dampnum
558 1895 658 1926 cedere
675 1896 780 1934 valeat,
799 1905 860 1926 non
877 1903 1047 1932 attemptent
1063 1903 1109 1926 aut
1129 1903 1298 1933 attemptare

234 1931 337 1963 faciant
352 1935 453 1971 quovis
467 1936 574 1973 modo,

272 1971 418 2011 Qodque
438 1972 487 2009 ipsi
510 1972 624 2010 aliquod
647 1972 832 2011 Castrorum,
850 1972 1079 2010 Fortalitiorum,
1093 1972 1139 2003 vel
1156 1971 1294 2002 Villarum

231 2009 320 2047 Regis
333 2010 519 2048 firmatarum,
539 2013 657 2042 minime
671 2011 861 2051 ingrediantur
874 2011 977 2049 absque
993 2021 1028 2042 eo
1042 2011 1122 2049 quod
1144 2010 1193 2048 ipsi
1210 2010 1297 2040 dietas

233 2047 339 2078 Literas
354 2048 444 2088 Regis
459 2050 493 2080 de
511 2049 585 2080 salvo
599 2050 756 2081 Conduetu
778 2050 957 2088 Majoribus‚
974 2049 1100 2087 Ballivis‚
1120 2047 1297 2087 capitaneis,

232 2086 499 2126 Gubernatoribus‚
509 2088 554 2118 seu
569 2087 745 2119 Custodibus
761 2088 933 2120 eorumdem
950 2088 1079 2126 primitus
1091 2087 1296 2118 demonstrent.

246 2125 358 2169 “Teste
373 2126 456 2166 Rege
469 2127 541 2165 apud
555 2130 583 2157 V
585 2127 662 2157 illam
676 2131 754 2165 Regis
771 2126 902 2168 Leyceslr.
923 2126 1040 2157 decimo
1055 2126 1144 2157 Sexto
1157 2126 1204 2157 die
1214 2125 1297 2156 Mar-

230 2171 271 2195 tu.

732 2206 787 2235 Per
800 2207 896 2234 Breve
911 2204 942 2233 de
958 2205 1078 2234 Privato
1091 2202 1193 2242 Sigillo-

268 2280 419 2321 Confimiles
435 2283 546 2311 Literas
559 2284 637 2320 Regis
647 2282 678 2312 de
686 2281 773 2322 silvo
786 2281 925 2312 conduflu
936 2280 1018 2310 habet
1035 2281 1168 2312 oliverus
1181 2280 1217 2311 de
1226 2279 1292 2311 Bre-

231 2319 327 2387 ῗίᾗιὲε
342 2319 452 2350 Comes
466 2320 503 2351 de
516 2319 674 2384 Remheur,
690 2329 737 2360 per
753 2321 823 2350 idem
839 2328 939 2358 tempus
953 2320 1102 2350 duraturas
1112 2344 1122 2359 ,
1133 2318 1188 2359 fich
1202 2319 1294 2349 eadem

354 2487 381 2514 Δ*
406 2491 514 2521 Petitio
531 2492 568 2527 (ῤ’
591 2490 772 2522 Wzrantum
787 2499 842 2534 pro
863 2487 1016 2521 condam
1031 2486 1178 2534 pradiffo.

85 2545 138 2574 355
143 2557 150 2564 ·

231 2575 270 2607 A
295 2572 476 2618 Treslmult,
511 2576 723 2620 Trcfi’xcellent
743 2602 753 2617 ‚
784 2578 820 2613 ῤ’
845 2573 1045 2620 Trespusffmt
1061 2578 1168 2608 Prince
1191 2574 1217 2606 le
1237 2576 1295 2623 Ray

537 2623 746 2670 d'Englceerre
762 2627 798 2661 εγ
819 2621 854 2655 de
869 2625 995 2656 France.

84 2707 152 2738 Ann
175 2707 213 2738 D.

104 2747 190 2784 1426.

84 2790 136 2812 An.
156 2797 184 2821 4.

84 2828 119 2852 H.
139 2826 166 2852 6.

83 2866 156 2890 renes

85 2901 217 2930 clerfflell.

283 2707 316 2738 U
325 2716 342 2737 Ρ
355 2716 372 2737 Ρ
382 2716 400 2737 L
411 2717 422 2737 1
433 2718 450 2738 E
462 2716 483 2737 N
494 2717 517 2737 T
544 2707 798 2737 treshumblement
821 2707 858 2737 les
880 2712 963 2738 Conte
982 2709 1014 2738 de
1044 2709 1212 2739 Peinthieurs
1226 2731 1236 2746 ‚
1261 2708 1294 2739 δε

294 2750 404 2783 Seignur
418 2747 449 2775 de
467 2745 568 2783 Laigle
582 2746 722 2776 Germain
731 2769 740 2783 ,
760 2746 826 2784 qu‘il
842 2746 922 2783 plaile
936 2757 951 2776 a
965 2746 1060 2778 vostre
1068 2747 1219 2778 Treshault
1228 2746 1295 2777 Ma-

233 2785 302 2824 jeste
325 2786 384 2815 leur
406 2786 524 2815 ottroier
548 2793 606 2814 voz
628 2784 780 2823 gracieui'es
794 2784 920 2822 Lettres,
939 2785 971 2815 δε
985 2785 1075 2815 dire&
1088 2796 1103 2816 a
1119 2785 1213 2816 vostre
1225 2785 1294 2823 laige

238 2823 370 2854 Counl'ail
383 2823 418 2854 de
436 2822 601 2861 Bourdeux‚
621 2825 653 2853 &
666 2833 681 2853 a
697 2831 766 2852 touz
781 2831 840 2853 voz
864 2822 984 2859 Barons,
1004 2822 1177 2862 Chivafiers,
1195 2824 1227 2854 δε
1242 2824 1294 2854 Es-

237 2863 328 2892 cuiers
339 2863 374 2891 de
388 2861 483 2892 vostre
501 2861 617 2892 Duchie
630 2862 667 2891 de
681 2861 812 2899 Guiene,
831 2861 917 2899 qu’ilz
928 2862 1001 2892 aient
1015 2862 1053 2892 les
1065 2862 1171 2893 Terres
1185 2862 1233 2893 des
1245 2864 1295 2893 diz

237 2900 390 2938 Supplianz
404 2911 475 2938 pour
491 2900 755 2938 Recommendees,

271 2938 309 2969 Et
331 2938 397 2969 auffi
420 2939 538 2969 ottroier
557 2950 572 2968 a
591 2939 712 2969 chescun
727 2938 819 2968 d‘eulx
835 2947 894 2968 voz
913 2938 1024 2970 Lettree
1038 2938 1074 2969 de
1089 2938 1294 2978 Saufconduit,

233 2987 305 3015 pour
318 2978 380 3007 eulx
398 2979 430 3008 ἃ
444 2978 542 3008 sessent
557 2977 703 3007 Hommes
718 2988 752 3008 en
771 2977 794 3007 la
815 2976 1006 3015 Compaignie
1020 2977 1055 3008 de
1068 2978 1190 3008 chescun
1203 2977 1294 3009 d’eulx

231 3026 271 3045 ou
297 3026 330 3046 au
351 3015 509 3054 dess'oubz‚
536 3016 643 3046 Armez
664 3026 703 3046 ou
721 3026 798 3053 non,
818 3025 891 3054 pour
909 3017 988 3046 venir
1003 3015 1102 3047 devers
1117 3016 1256 3048 Monseur
1269 3017 1294 3048 le

234 3053 353 3091 Regem
369 3077 378 3092 ‚
403 3065 442 3085 ou
464 3053 558 3084 vostre
580 3055 718 3085 tresnoble
737 3054 871 3093 Conseil,
889 3063 946 3085 tant
960 3064 996 3085 en
1014 3054 1109 3085 vostre
1120 3054 1162 3087 dit
1179 3055 1297 3095 Royau-

236 3102 296 3123 mes
308 3092 344 3122 de
359 3092 381 3122 F
383 3103 465 3123 rance
480 3094 512 3124 &
525 3092 734 3132 d'Engleterre,
752 3102 806 3131 que
823 3103 859 3123 en
873 3092 970 3123 vostre
987 3092 1103 3124 Duchie
1116 3093 1152 3123 de
1168 3094 1298 3132 Guiene‚

233 3131 421 3200 {JSerurner
437 3155 448 3171 ‚
471 3132 504 3163 &
524 3131 587 3162 eulx
608 3141 644 3162 en
666 3131 825 3163 Retourner
842 3143 853 3170 3
872 3131 911 3162 les
937 3131 977 3162 dis
992 3131 1185 3164 Saufconduiz
1196 3133 1296 3164 durans

272 3180 291 3199 n
336 3180 364 3200 n.

786 3250 816 3276 T.
835 3247 961 3276 Dunelm.

785 3285 821 3324 J.
838 3285 960 3316 Bathon.
978 3285 1114 3316 Thesaur.

784 3323 940 3353 Cromwell.

783 3365 869 3399 Scrop.

784 3399 966 3439 Hungerford.

785 3441 893 3476 Typtot.

236 3245 342 3284 Johan.

237 3286 276 3313 H.
295 3283 451 3323 Gloucestre.

235 3323 274 3353 H.
294 3325 424 3352 Cantuar.

237 3358 333 3398 Norff

237 3397 274 3438 J.
295 3397 387 3428 Lond.

238 3440 269 3466 T.
287 3439 378 3466 Exon.

239 3511 324 3543 Dors.

277 3553 358 3580 Nono
378 3553 431 3579 Die
454 3552 557 3579 Martii
580 3554 667 3581 Anno
692 3551 805 3591 §Quarto
821 3575 831 3590 ,
853 3552 927 3590 apud
938 3553 1027 3590 Layce
1051 3555 1138 3590 riam,
1153 3551 1295 3591 eoncessum

234 3589 295 3629 suit
318 3588 392 3629 quud
402 3588 462 3631 fiat
481 3592 660 3619 Warrantum
681 3590 848 3620 cancellario
870 3591 902 3620 de
917 3589 1012 3629 facien
1071 3594 1198 3621 Litteras
1213 3591 1295 3621 Salvi

243 3627 392 3656 Condufflis
401 3626 523 3666 Perfhnis
535 3625 714 3666 infrascriptis
723 3651 732 3666 ‚
744 3628 890 3668 JEcundum
905 3629 976 3668 quod
989 3628 1067 3668 infra
1077 3633 1199 3668 petitur,
1210 3630 1294 3659 dura-

244 3673 320 3695 turas
332 3674 378 3703 per
393 3676 474 3694 unum
490 3668 620 3701 Annum,

284 3706 395 3733 Necnon
407 3702 651 3742 Conceffaefuerunt
668 3705 786 3732 Litterae
800 3704 1109 3744 Recommendationum,
1126 3705 1234 3735 direHae
1244 3704 1295 3735 Se-

241 3741 362 3772 nescallo
378 3741 554 3779 Aquitaniae,
579 3741 630 3771 vel
647 3740 702 3778 ejus
727 3744 947 3781 Locumtenenti,
964 3755 996 3772 ac
1018 3743 1131 3775 Comiti
1153 3743 1189 3772 de
1214 3743 1294 3772 Lon-

240 3780 342 3817 gevill,
354 3788 404 3817 pro
417 3779 595 3819 izgf‘rafiriptis
607 3778 743 3819 Perfim's,
753 3780 896 3818 secundum
912 3781 985 3822 quod
994 3785 1024 3813 in
1044 3786 1141 3821 copia,
1157 3781 1216 3812 huic
1229 3784 1294 3820 Sup-

237 3817 377 3855 plicationi
391 3829 501 3848 annexa
510 3841 519 3856 ,
536 3821 693 3848 continetur.

279 3855 454 3895 Praesentibus
468 3859 590 3887 Dominis
604 3855 790 3897 infraftriptis.

684 129 1492 178 CONVENTIONES,
1547 127 1939 180 LITERAE,

2435 242 2512 274 Ann.
2522 239 2562 274 D⁴

2454 282 2542 321 1426.

1704 305 1761 335 Pro
1777 301 1865 334 distis
1880 299 2053 335 Fratribus.
2431 325 2494 350 Hen.
2513 324 2543 350 6.

1419 382 1542 423 Refihier
1554 384 1593 420 ὠ
1600 385 1678 427 foial
1690 386 1798 426 Coufin,
1814 385 1902 416 Nous
1915 397 1986 417 vous
2001 386 2109 418 saluons
2121 387 2231 420 fovent.
2428 391 2479 415 An.
2499 399 2527 424 4-

1448 424 1487 454 Et
1502 434 1553 461 por
1571 434 1605 454 ce
1623 434 1680 461 que
1696 424 1799 463 Olyver
1819 425 1851 454 de
1877 426 2010 463 Bretaign
2029 429 2111 456 eante
2124 427 2156 456 de
2168 426 2360 468 Peynthicure‚
2377 427 2411 459 δε
2428 430 2463 454 H·
2485 427 2513 455 ⁶-

1351 461 1452 499 Johan
1473 462 1506 491 de
1527 464 1676 499 Bretaigne
1691 485 1701 500 ,
1727 463 1822 492 Freres
1838 462 2006 501 Germains,
2024 474 2083 495 noz
2099 464 2240 504 Cousins,
2256 476 2295 496 ou
2314 476 2414 498 enten-
2431 464 2492 492 Pell·

1351 500 1412 529 tion
1435 499 1471 530 de
1491 501 1573 530 venir
1588 525 1598 540 ‚
1616 510 1669 538 pur
1687 502 1819 531 certaines
1833 501 1940 541 causes,
1958 501 2055 534 devers
2068 503 2164 533 nostre
2177 504 2328 534 Treschier
2343 505 2415 535 Un-

1351 538 1396 568 cle
1419 537 1443 567 le
1466 540 1527 568 Duc
1550 539 1581 568 de
1600 537 1726 578 Bea'fhrd
1736 562 1746 576 ,
1773 538 1888 577 Regem:
1908 541 1943 571 de
1957 541 2053 572 nostre
2068 541 2221 581 Royaume
2236 542 2272 573 de
2288 542 2414 581 France,

1352 586 1392 606 ou
1409 576 1510 608 devers
1531 577 1628 608 nostre
1646 577 1779 608 Gounseil
1819 586 1876 607 tant
1891 589 1926 608 en
1949 589 2008 610 noz
2028 580 2185 611 Roiaumes
2206 581 2242 611 de
2259 581 2367 613 France
2380 583 2414 614 &

1353 614 1546 654 d'Engleterre
1556 638 1567 654 ,
1586 625 1672 647 corne
1687 626 1723 646 en
1740 600 1837 646 nostre
1852 615 1974 647 Duchee
1986 618 2021 650 de
2035 619 2193 659 Guyenne,

1391 651 1470 684 Pour
1508 654 1569 684 uele
1586 654 1749 693 encheson,
1767 665 1782 684 a
1799 654 1863 684 lour
1879 655 2022 695 instance,
2040 657 2157 689 Ottroie
2170 667 2259 689 avons
2274 666 2334 688 noz
2344 658 2413 690 Let-

1351 698 1406 722 tres
1429 692 1464 723 de
1511 692 1677 724 aufconduit
1692 716 1702 731 ,
1728 703 1800 732 pour
1821 701 1874 723 eux
1891 694 1924 724 δε
1937 697 2057 726 certaine
2071 696 2211 728 Nombre
2227 697 2264 727 de
2278 695 2359 728 Gens
2374 707 2411 728 en

1351 729 1413 760 lour
1428 730 1636 771 Compaignie‚
1654 742 1669 762 a
1686 732 1782 762 durers
1798 741 1846 768 par
1862 731 1917 761 Un
1934 732 2000 771 An,

1388 768 1417 799 Si
1434 769 1556 808 volons,
1572 769 1608 801 de
1622 771 1698 800 l'avis
1713 771 1746 801 &
1763 769 1946 800 deliberation
1959 770 1996 801 de
2011 770 2106 802 nostre
2119 771 2271 812 Counsess,
2288 774 2323 805 &
2338 784 2411 805 vous

1349 809 1444 846 prions
1458 808 1670 840 treschierment
1685 819 1740 846 que
1753 808 1790 838 les
1803 809 1908 839 Terres
1921 809 1954 839 &
1964 809 2136 840 Posseffions
2145 833 2155 849 ,
2173 810 2221 841 des
2233 812 2292 842 ditz
2304 812 2409 853 Olyver

1349 846 1383 877 &
1396 846 1493 884 John,
1508 857 1543 878 en
1559 848 1583 878 la
1602 846 1698 878 susdite
1713 846 1809 877 nostre
1829 847 1951 878 Duchee
1969 847 2004 879 de
2026 848 2187 888 Guyenne,
2202 850 2263 880 aiez
2277 860 2348 888 pour
2364 862 2411 882 re-

1349 885 1540 917 commendee
1562 886 1583 916 si
1603 895 1686 916 avant
1709 893 1796 916 come
1817 886 1973 917 bonement
1989 896 2125 924 pourrez,
2144 887 2207 918 sanz
2222 889 2361 925 prejudice
2374 889 2410 921 de

1348 923 1438 954 Nous
1452 934 1492 954 ou
1509 924 1627 964 damage
1639 925 1675 955 de
1695 933 1754 955 noz
1774 923 1859 955 foialx
1877 925 1962 962 Liges
1977 927 2010 956 &
2026 925 2135 964 Subgiz
2155 935 2190 956 en
2206 926 2288 956 celles
2302 926 2411 960 Parnes.

1383 999 1466 1031 Don.
1485 1010 1501 1031 a
1514 1001 1670 1041 Leycestre,
1686 1001 1713 1032 le
1730 1010 1748 1031 x
1760 1001 1830 1040 Jour
1849 1001 1885 1031 de
1901 1001 1997 1041 Mars,
2013 1002 2096 1041 l'An,
2114 1003 2176 1034 &c.
2196 1003 2297 1042 Qart.

1345 1121 1360 1146 t
1384 1076 1665 1147 AdnagrehTresthier
1678 1076 1716 1114 ό·
1730 1077 1809 1108 Foial
1824 1077 1915 1118 Cau-fin
1930 1078 1957 1109 le
1979 1077 2077 1111 Conte
2096 1079 2133 1110 de
2149 1079 2322 1120 Longuevill
2335 1084 2406 1120 Cap-

1360 1129 1397 1146 an
1434 1128 1447 1146 θ
1490 1128 1520 1146 uc
1541 1141 1547 1147 .

1382 1192 1530 1224 Semblable
1549 1197 1649 1224 Lettre
1664 1218 1675 1234 ‚
1699 1205 1717 1224 a
1742 1205 1796 1224 noz
1820 1193 1967 1235 Trefihierr
1988 1193 2027 1231 &
2044 1195 2141 1226 Foialx
2157 1195 2183 1226 le
2197 1195 2353 1228 Seneschall
2369 1196 2408 1228 de

1345 1230 1468 1276 Guyene
1483 1256 1492 1271 ‚
1518 1243 1550 1262 ou
1574 1246 1591 1262 a
1606 1233 1661 1274 fim
1684 1235 1855 1264 Lieutenant
1877 1233 1999 1274 illaeques
2016 1259 2026 1274 ‚
2050 1234 2089 1270 ό
2111 1234 2148 1265 les
2168 1242 2260 1266 autres
2275 1236 2307 1266 a'e
2321 1236 2407 1276 nostre

1345 1271 1468 1311 Counjcil
1483 1271 1618 1313 rcfidentz
1633 1273 1666 1302 de
1681 1273 1822 1302 Burdeux.

1454 1399 1480 1425 ᾗ
1506 1401 1555 1433 De
1568 1399 1669 1445 fhlvis
1688 1397 1885 1433 Condufiibus
1897 1411 1951 1447 pro
1969 1402 2083 1434 Comite
2100 1399 2137 1433 de
2154 1397 2278 1433 Niebla.
2438 1406 2453 1421 ⁸
2470 1406 2505 1434 X.

2421 1442 2486 1480 356·

1340 1489 1395 1544 R
1406 1487 1430 1518 E
1440 1487 1471 1518 X
1481 1513 1490 1527 ‚
1509 1498 1558 1527 per
1574 1488 1679 1520 Literas
1692 1490 1748 1520 suas
1758 1489 1887 1521 Parentes
1897 1513 1907 1527 ‚
1929 1500 1978 1527 per
1991 1489 2075 1521 Duos
2088 1489 2187 1520 Annos
2202 1489 2336 1527 proximo
2351 1488 2396 1520 fu·
2419 1481 2496 1512 Ann.
2508 1483 2550 1518 D.

1415 1535 1492 1558 turos
1511 1528 1651 1559 duraturas
1666 1551 1675 1566 ,
1695 1528 1730 1559 de
1743 1530 1916 1560 avisamenro
1931 1530 1963 1559 &
1982 1529 2086 1559 assensu
2104 1528 2229 1559 Concilii
2243 1527 2298 1566 sui,
2314 1537 2347 1558 ac
2361 1528 2397 1559 ad
2443 1523 2529 1560 1426.

1334 1563 1480 1601 specialem
1502 1566 1744 1605 Supplicationem
1769 1567 1866 1598 dileeti
1891 1566 2100 1608 Conlanguinei
2120 1567 2208 1606 Regis
2235 1569 2344 1597 Comitis
2365 1567 2397 1596 de
2417 1564 2468 1587 An.
2487 1571 2516 1597 4·

1335 1603 1437 1647 Nede,
1456 1605 1488 1635 ὃ(
1515 1614 1563 1642 per
1583 1605 1721 1643 quandam
1741 1606 1926 1636 Securitatem
1949 1616 2047 1637 coram
2071 1606 2156 1645 Rege
2174 1608 2205 1636 in
2221 1604 2396 1637 Cancellaria
2417 1603 2451 1626 H.
2471 1601 2498 1627 ⁶·

1334 1641 1378 1671 sua
1397 1652 1561 1681 inventam,
1577 1644 1691 1680 suscepit
1713 1645 1741 1673 in
1761 1644 1866 1674 salvum
1889 1646 1922 1674 &
1946 1646 2076 1675 securum
2094 1644 2284 1675 ConducCtum
2299 1645 2397 1682 suum,
2418 1642 2504 1666 me'·
2521 1648 2551 1674 4·

1335 1689 1367 1710 ac
1392 1682 1421 1710 in
1445 1680 1661 1712 protectionem
1678 1705 1687 1719 ,
1710 1681 1898 1719 Tuitionem‚
1917 1683 1948 1712 &
1964 1682 2168 1714 Defenfionem
2182 1683 2239 1713 suas
2252 1683 2398 1721 speciales,
2418 1680 2452 1704 H.
2472 1677 2500 1704 ⁶-
2513 1687 2552 1705 '⁷³-

1335 1719 1474 1756 quandatn
1497 1720 1615 1750 Navem
1636 1728 1768 1750 vocatam
1787 1720 1883 1750 Seinte
1906 1719 2000 1750 Marie
2022 1722 2057 1750 de
2073 1721 2196 1752 Bilbawe
2212 1723 2241 1751 in
2257 1721 2398 1761 ispannia,
2419 1723 2445 1750 7·

1334 1757 1409 1787 unde
1429 1760 1566 1799 Dymyngo
1585 1757 1727 1797 Johannit
1745 1758 1786 1788 est
1809 1758 2008 1795 Gubernator,
2028 1760 2084 1789 una
2097 1769 2165 1789 cum
2181 1758 2394 1791 Gubernatore·

1336 1795 1483 1833 Magistris
1497 1821 1506 1835 ,
1533 1796 1744 1827 Mercatoribus
1757 1821 1766 1834 ,
1793 1796 1967 1834 Matinatiis,
1986 1798 2020 1827 δε
2037 1797 2245 1834 ὃεῐνίεηῑίϋυε,
2263 1798 2348 1835 usque
2361 1784 2397 1829 ad

1334 1834 1503 1865 Numerum
1514 1835 1616 1873 Quadr
1651 1837 1707 1865 inta
1723 1836 1756 1866 ὃ(
1774 1835 1912 1874 Quinque
1921 1834 2125 1874 Personarum,
2144 1836 2172 1865 in
2188 1834 2324 1874 Regnum
2337 1837 2397 1867 Re-

1332 1875 1373 1941 gis
1389 1874 1518 1913 Augfiae,
1533 1884 1603 1905 cum
1639 1874 1733 1904 iverlis
1750 1873 1934 1904 Mercandilis
1957 1874 2092 1911 legalibus
2111 1873 2254 1904 veniendo
2268 1897 2278 1912 ,
2296 1876 2329 1906 ὃς
2342 1876 2398 1906 ibi-

1354 1923 1400 1943 em
1423 1913 1602 1944 discarcando
1617 1936 1627 1952 ‚
1654 1922 1686 1943 ac
1710 1913 1772 1942 alias
1789 1911 1976 1943 Mercandilas
1995 1912 2100 1942 ibidem
2117 1912 2261 1950 emendo,
2281 1922 2397 1945 necnon

1333 1952 1364 1981 in
1386 1952 1485 1982 eadem
1507 1951 1587 1983 Navi
1608 1952 1779 1982 recarcando
1793 1974 1802 1989 ‚
1821 1952 1854 1982 &
1869 1952 1970 1981 exinde
1988 1953 2016 1981 in
2030 1951 2138 1982 dietum
2157 1951 2291 1990 Regnum
2305 1951 2400 1990 Ispan-

1332 1991 1389 2020 niae
1406 1991 1591 2029 transeundo,
1606 2000 1639 2021 ac
1654 1991 1683 2021 in
1695 1990 1806 2020 dictum
1826 1989 1964 2028 Regnum
1993 1989 2081 2029 Regis
2095 1990 2208 2028 Angliae
2221 1991 2352 2027 quotiens
2365 1991 2399 2021 fi-

1334 2029 1364 2058 bi
1380 2029 1511 2067 placuerit
1526 2028 1672 2060 redeundo
1689 2053 1698 2067 ‚
1723 2038 1838 2059 necnon
1856 2028 2042 2059 Mercandisas
2053 2051 2063 2067 ‚
2082 2028 2157 2067 Res,
2173 2028 2269 2066 Bona,
2289 2030 2322 2060 &
2338 2028 2398 2062 Ca-

1332 2068 1395 2098 talla
1411 2069 1454 2098 sua
1471 2077 1680 2106 quaecumque,

1369 2106 1489 2138 Proviso
1504 2107 1610 2144 semper
1625 2106 1705 2144 qubd
1724 2105 1800 2137 idern
1821 2105 2022 2143 Gubernator,
2049 2115 2083 2136 ac
2106 2104 2238 2143 Magistri
2253 2129 2263 2143 ,
2283 2105 2398 2138 Merca-

1331 2152 1406 2175 tores
1421 2168 1430 2184 ‚
1459 2145 1602 2176 Marinarii
1618 2167 1628 2183 ‚
1652 2147 1685 2176 &
1707 2144 1862 2175 Servientes
1884 2145 2009 2182 praedicti
2031 2145 2106 2174 bene
2124 2146 2158 2176 ὃς
2174 2144 2295 2176 honeste
2308 2146 2335 2176 se
2347 2146 2397 2178 ha·

1330 2184 1415 2214 beant
1427 2186 1458 2216 δι
1474 2193 1569 2223 gerant
1585 2192 1648 2223 erga
1665 2183 1776 2222 Regem
1791 2185 1824 2215 &
1838 2182 1982 2220 Populum
2000 2183 2098 2221 suum,

1369 2222 1407 2253 Et
1421 2224 1589 2261 quicquam,
1609 2221 1687 2261 quod
1703 2223 1732 2252 in
1750 2222 1835 2260 Regis
1848 2220 2060 2261 (Jontemptum
2084 2229 2129 2252 aut
2145 2219 2250 2260 Populi
2265 2221 2302 2252 sui
2317 2222 2396 2253 Prae-

1327 2261 1468 2300 judicium
1485 2261 1585 2292 cedere
1600 2261 1704 2299 valeat,
1720 2271 1782 2291 non
1797 2269 1965 2298 attemptcnt
1987 2269 2034 2291 aut
2047 2262 2204 2298 attemptari
2219 2261 2310 2291 facere
2323 2271 2398 2299 prx-

1331 2301 1583 2370 sUIXZntCJustumas
1596 2361 1604 2376 ‚
1623 2336 1749 2369 Subsidia
1764 2360 1773 2375 ,
1795 2337 1828 2368 ὃς
1844 2337 1893 2367 alia
1910 2337 2052 2375 Deverta,
2071 2335 2146 2376 Regi
2162 2347 2215 2375 pro
2231 2335 2396 2369 Mercandi-

1329 2377 1382 2417 fis,
1401 2379 1516 2416 Rebus,
1532 2377 1618 2408 Bonis
1633 2401 1643 2415 ,
1669 2377 1701 2407 ὃς
1726 2375 1839 2406 Catallis
1852 2375 1904 2406 suis
1925 2376 2064 2414 praedietis
2081 2376 2190 2414 debita,
2209 2375 2326 2408 fideliter
2342 2378 2396 2408 sol-

1332 2426 1400 2448 vant

1368 2442 1500 2494 Et'quod
1515 2465 1575 2485 non
1590 2455 1695 2484 intrent
1709 2453 1800 2491 aliqua
1813 2452 1914 2484 Castra
1927 2475 1936 2489 ‚
1964 2452 2102 2483 Fortalitia
2112 2475 2122 2490 ,
2141 2451 2186 2482 seu
2203 2451 2289 2484 Villas
2301 2453 2394 2485 firma-

1330 2503 1368 2525 tas
1386 2494 1487 2533 Regis,
1505 2494 1608 2532 absque
1623 2494 1680 2522 hoc
1696 2493 1773 2530 quod
1790 2492 1919 2530 primitus
1935 2491 2094 2522 monstrent
2113 2491 2219 2521 Literas
2240 2491 2328 2531 Regis
2343 2493 2392 2523 sal-

1334 2534 1362 2564 vi
1377 2531 1551 2564 Conductus
1568 2530 2014 2570 Capitaneis‚Gubernator-ibus,
2033 2530 2078 2560 seu
2093 2528 2267 2560 Custodibus
2280 2540 2395 2561 eorum-

1372 2582 1400 2601 m

1333 2572 1503 2649 deEt’quod
1520 2611 1548 2639 in
1567 2608 1648 2639 Navi
1667 2607 1798 2646 praedicta
1814 2631 1823 2646 ‚
1841 2616 1978 2647 praetextu
1992 2605 2130 2644 praesentis
2144 2605 2207 2635 salvi
2221 2604 2395 2637 Conduetfis

1332 2649 1440 2689 Regis,
1460 2658 1520 2679 non
1537 2648 1669 2678 colorent
1682 2647 1727 2678 vel
1743 2647 1926 2677 subumbrent
1938 2645 2017 2676 Bona
2031 2645 2123 2682 aliqua
2139 2643 2327 2675 Im'micorum
2336 2645 2396 2676 Re-

1331 2697 1454 2769 glisTeste
1468 2724 1554 2762 Rege
1570 2723 1643 2762 apud
1662 2726 1690 2754 V
1690 2721 1768 2753 illam
1772 2722 1856 2762 fitam
1872 2721 2004 2761 Leycestr.
2014 2719 2129 2751 decimo
2142 2719 2248 2752 octavo
2261 2721 2306 2752 die
2313 2721 2395 2752 Mar-

1330 2772 1371 2794 tn.

1332 2881 1417 2940 RE
1428 2880 1477 2920 X,
1496 2880 1556 2917 &a
1575 2888 1605 2911 ut
1612 2880 1700 2921 Ju'apra
1714 2879 1794 2925 usqae
1809 2879 1866 2918 ibi,
1883 2877 2027 2923 speciales,
2045 2875 2084 2912 &
2107 2884 2170 2923 func
2177 2877 2233 2922 fic,
2251 2877 2392 2921 quandam

1402 2920 1521 2952 Navem
1545 2929 1677 2951 vocatam
1700 2919 1778 2950 Seint
1800 2918 1879 2957 John
1901 2918 1937 2947 de
1959 2916 2085 2947 Bilbawe
2105 2926 2135 2945 in
2158 2915 2296 2954 hpanma,
2315 2916 2393 2947 unde

1331 2961 1475 3036 Martinus
1496 2962 1618 2990 Martini
1639 2958 1681 2989 est
1705 2957 1908 2995 Gubernator,
1931 2956 1987 2986 una
2009 2963 2077 2985 cum
2093 2953 2309 2994 Gubernatore,
2328 2952 2389 2990 φα.

1330 3006 1361 3028 ut
1388 3006 1462 3037 upra.

1368 3074 1458 3106 Teste
1475 3082 1505 3105 ut
1517 3074 1605 3113 supra.

1832 2801 1886 2828 Per
1902 2800 1995 2828 Breve
2010 2797 2042 2827 de
2054 2798 2174 2827 Privato
2189 2797 2288 2836 Sigillo.

1823 3150 1876 3178 Per
1890 3149 1983 3178 Breve
1999 3148 2031 3178 de
2044 3149 2163 3178 Privato
2179 3145 2278 3186 Sigillo.

1633 3278 1682 3310 De
1703 3277 1840 3309 Licentia
1855 3274 2083 3324 Peregrinandi.

1333 3362 1465 3422 REX
1493 3361 1668 3393 Custodibus
1689 3361 1809 3399 Paflagii
1835 3362 1866 3391 in
1887 3360 1979 3391 Portu
2001 3359 2164 3391 Londoniae
2179 3382 2189 3398 ‚
2216 3358 2387 3398 Dovorriae,
2404 3368 2480 3400 Ann-
2493 3370 2534 3402 D,
2559 3369 2562 3380 ⁴

1409 3402 1552 3439 Orewell‚
1571 3401 1617 3431 vel
1635 3400 1810 3438 Sandewici‚
1827 3399 1961 3430 Salutem.
2138 3436 2143 3441 .
2158 3436 2164 3441 ι
2422 3411 2510 3448 1426.
2560 3403 2562 3416 ³

1368 3440 1538 3471 Mandamus
1553 3441 1635 3470 vobis
1650 3439 1747 3478 quud,
1764 3438 1900 3468 dilefflmm
1916 3439 1949 3468 &
1967 3436 2079 3467 fidelem
2097 3436 2224 3466 Militem
2238 3435 2383 3473 nostrum,
2398 3451 2450 3475 Aa.
2469 3459 2498 3484 4·

1331 3479 1509 3511 Willielmum
1532 3481 1631 3508 Bowes
1644 3502 1653 3515 ‚
1680 3479 1728 3516 qui
1750 3477 1787 3507 de
1807 3477 1934 3507 Licentia
1957 3475 2052 3506 nostra
2065 3484 2099 3505 ac
2117 3474 2153 3504 de
2166 3473 2334 3505 avissmento
2347 3475 2381 3505 δε
2396 3490 2432 3513 H.
2451 3488 2479 3515 ⁶·

1329 3518 1434 3549 assensu
1454 3517 1581 3548 Concilii
1599 3517 1686 3547 nostri
1709 3516 1801 3546 versus
1817 3515 1846 3545 T
1855 3524 1874 3545 E
1883 3523 1907 3545 R
1916 3523 1939 3545 R
1949 3523 1970 3544 A
1981 3521 2009 3543 M
2033 3513 2053 3543 S
2063 3522 2085 3543 A
2094 3521 2117 3542 N
2126 3522 2142 3542 c
2152 3519 2175 3541 τ
2184 3522 2203 3542 A
2212 3520 2240 3543 M
2286 3515 2381 3551 eregre
2399 3525 2464 3552 [bid.

1330 3556 1507 3595 profecturus
1529 3554 1588 3592 est,
1613 3557 1640 3584 in
1654 3555 1748 3592 aliquo
1765 3553 1905 3584 Portuum
1921 3551 2141 3595 predictorum,
2158 3550 2248 3593 versu?
2264 3588 2269 3593 ι
2286 3559 2382 3594 terram
2401 3561 2477 3592 „25-

1329 3595 1513 3635 praedictam,
1526 3603 1594 3623 cum
1609 3593 1819 3630 servientibus,
1837 3591 1938 3629 Bonis,
1955 3591 1988 3621 ὃς
2001 3589 2141 3619 Hernesns
2157 3588 2209 3617 suis
2224 3586 2304 3618 llcltls
2320 3591 2383 3627 qui-

1329 3633 1501 3670 buscumque
1511 3654 1521 3670 ‚
1538 3631 1625 3661 libere
1639 3632 1672 3662 &
1686 3631 1788 3668 absque
1802 3631 2010 3668 impedimento
2022 3627 2117 3671 aliquo
2133 3624 2245 3668 transire
2265 3629 2384 3670 permit-

1331 3673 1407 3708 tatis:,
1421 3671 1518 3708 aliquo
1540 3669 1679 3701 Mandato
1699 3669 1798 3699 nostro
1812 3691 1822 3706 ,
1839 3668 1922 3700 vobis
1935 3668 2008 3704 prius
2021 3675 2050 3705 iu
2067 3672 2239 3695 contranum
2255 3664 2386 3706 ἀιῐεᾶο,

1330 3708 1550 3778 ῃοῧιῗῐῗιίῑῗῐῗιξτῗ
1567 3746 1656 3784 aliqua
1667 3768 1676 3784 ‚
1695 3745 1794 3776 Nobis
1814 3745 1860 3775 seu
1882 3743 1988 3782 Regno
2005 3740 2104 3771 nostro
2126 3738 2239 3778 Angliae
2255 3742 2386 3782 praejudi..

1331 3787 1426 3823 cialia‚
1444 3785 1539 3815 secum
1554 3794 1612 3814 non
1626 3784 1729 3815 deferat
1743 3785 1843 3822 quovis
1855 3782 1954 3812 modo.
2170 3818 2176 3823 ·

1329 3823 1561 3901 die'I'gsseiERege
1582 3822 1656 3860 apud
1678 3822 1801 3862 castrum
1812 3821 1893 3860 sium
1909 3820 1941 3849 de
1955 3815 2130 3856 Wndesore,
2148 3817 2285 3850 vicefimo
2302 3821 2385 3851 tem'o

1826 3935 1880 3962 Per
1892 3934 1984 3961 Breve
1999 3931 2031 3961 de
2046 3933 2165 3963 Privata
2177 3930 2277 3971 Sigillo-

2346 4072 2391 4104 De
