2562 4274
709 195 822 235 ET
901 192 1169 235 ACTA
1251 190 1729 234 PUBLICA.

23 283 151 320 Anu-D.
167 282 224 315 five
244 281 322 314 Dam
343 289 412 312 num
431 279 460 310 in
481 277 588 318 Regno
608 278 735 318 Angliae,
754 278 871 311 Ducatu
893 279 1086 318 Aequitaniae,
1105 277 1223 314 Patriis,

45 332 130 364 1414.
165 322 279 360 Terris,
329 319 473 356 erritoriis,
491 318 525 348 δε
538 318 701 355 Dominiis,
717 318 787 348 dieti
801 318 972 349 Sereniffimi
986 319 1137 355 Principis,
1154 317 1220 347 Do-

25 370 85 393 Ην,
108 372 136 398 5.
168 360 238 391 mini
253 363 330 398 Regis
341 356 470 394 Angliae,
488 364 536 386 aut
545 356 598 386 suis
613 356 737 387 Subditis
752 358 785 387 ὃς
798 355 944 395 Vassallis,
962 357 1097 396 Bonisque
1113 357 1144 387 ὃ(
1160 354 1219 383 Re-

26 404 45 422 *
66 403 117 430 lX.
166 401 218 430 bus
235 398 286 429 suis
310 396 538 435 quibuscunque,
559 404 608 436 per
625 394 766 433 Terram,
784 395 803 414 2⁶
824 405 878 426 nec
903 406 951 434 per
972 395 1072 434 Mare,
1091 403 1222 431 tempore

29 451 92 476 ιο9.
166 436 327 475 hujusmodi
340 434 518 474 Treugarum
533 433 666 472 durante,

205 473 241 505 N
243 484 278 505 ec
296 472 366 503 dieti
380 472 543 503 Armatores
560 472 663 503 Prisam
683 471 938 510 aliquam,.justarn
959 473 1004 502 vel
1018 471 1165 510 injustam,
1183 468 1224 500 fa-

168 513 246 545 &am
261 511 318 542 sive
330 519 516 549 perpetratam
536 511 565 541 in
580 511 613 542 &
625 519 725 541 contra
739 511 868 548 dit‘tum,
883 511 1096 542 Serenissimum
1112 509 1224 539 Princi-

167 560 255 597 pem,
270 549 436 581 Dominum
450 552 545 587 Regem
558 548 686 587 Angliae,
705 557 751 579 aut
765 549 916 579 Subditum
936 550 980 580 seu
1000 549 1133 579 Subditos
1148 549 1224 584 suOS,

170 601 200 620 1n
215 589 337 620 Portum
350 588 455 626 alium,
473 597 559 626 quam
580 588 608 617 in
626 587 715 618 Portu
733 589 762 617 in
784 598 842 626 quo
865 588 1026 625 Navigium
1042 596 1089 617 aut
1103 586 1227 624 Navigia

172 628 325 660 Armatum
345 635 392 659 aut
414 627 531 657 Armata
551 626 671 664 fuerint,
693 626 799 657 ducent
822 625 876 657 sive
899 626 965 657 duci
988 627 1106 661 facient,
1129 624 1181 654 nifi
1199 625 1227 654 vi

172 666 352 705 Ventorum,
369 672 416 696 aut
434 664 630 704 prosecutione
645 664 835 695 inimicorum
855 664 944 703 dieti,
959 662 1129 695 Sereniffimi
1148 661 1229 692 Prin-

175 706 261 746 cipis,
280 704 406 735 Domini
418 703 494 741 mei,
512 705 589 741 Regis
601 702 723 744 Castellae
737 701 775 738 ἄν
791 706 931 741 Legionis,
949 703 992 733 seu
1001 701 1186 732 Subditorum
1196 701 1229 731 &

174 743 361 774 vassallorum
383 741 518 779 suorum,
536 750 586 772 aut
611 742 723 772 turbine
741 741 785 771 vel
802 741 921 779 impulsu
942 740 1030 771 Maris
1049 740 1100 769 sint
1117 738 1235 774 aretati,

174 783 276 821 quibus
287 779 469 818 cessantibus,
487 779 557 811 dicti
571 779 733 810 Armatores
747 779 853 810 dietam
868 779 973 809 Prisam
995 779 1028 808 ad
1045 778 1180 820 Locum,
1202 777 1230 805 in

173 831 232 859 quo
243 820 355 850 dietum
367 818 527 858 Navigiurn
539 819 585 850 seu
599 819 724 858 Navigia
741 818 892 849 Armatum
907 818 963 848 five
976 816 1093 847 Armata
1112 815 1233 852 fuerint,

173 860 278 896 ducere
291 866 436 889 teneantur
444 880 454 895 ,

212 894 270 934 Et,
288 896 307 926 fi
323 895 409 927 distae
429 895 604 935 fidejufforiae
625 893 779 926 Cautiones
795 893 980 931 sufficientes,
998 902 1047 930 per
1062 891 1135 935 ipsos
1157 889 1233 920 Offi-

178 937 279 966 ciatios
302 934 411 974 Regios
426 958 436 974 ,
462 935 508 966 seu
528 934 651 973 ipsorum
675 934 931 968 Locumtenentes,
956 940 1048 968 captae
1063 931 1179 974 suerint,
1199 939 1233 959 ac

176 975 247 1006 dieti
265 974 427 1005 Armatores
449 973 607 1011 hujusmodi
627 972 746 1010 Navigii
761 971 806 1001 seu
825 970 1023 1013 Navigiorum·
1041 969 1130 1013 aliqua
1154 966 1233 1012 Mala

176 1013 411 1053 perpetraverint,
428 1020 460 1042 ut
472 1011 663 1050 supradffitum
674 1009 735 1047 est,
754 1009 915 1039 Armatores
937 1009 970 1040 ὃς
993 1007 1235 1045 Fidejussores1p-

177 1053 270 1083 sorum
286 1050 419 1089 praedieta
434 1049 512 1080 Mala
526 1051 559 1080 ὃς
576 1048 730 1086 Dampna,
749 1057 799 1086 per
813 1046 884 1086 ipsos
892 1054 1060 1086 perpetrata,
1079 1055 1108 1076 ut
1121 1044 1236 1085 praefer-

178 1100 241 1130 tur,
257 1091 311 1120 una
325 1099 392 1120 cum
412 1088 573 1126 DampniS,
588 1086 737 1125 Expensis»,
755 1086 789 1117 ὃς
808 1085 960 1123 Interesse,
977 1085 1084 1117 solvere
1107 1085 1140 1116 &
1156 1083 1238 1115 resar-

179 1130 230 1160 ciri
245 1136 388 1158 teneantur
401 1125 478 1156 Parti
490 1125 577 1164 laesae,

217 1167 273 1204 Et,
292 1167 312 1197 fi
326 1166 398 1196 dieti
412 1164 558 1194 Officiales
573 1163 665 1202 Regi,
684 1163 730 1195 seu
743 1163 868 1202 ipsorum
888 1163 1148 1197 Locumtenentes‚
1166 1168 1239 1202 prae-

178 1205 268 1236 dietas
283 1202 452 1235 sufficientes
466 1202 662 1239 Fidejufforias
674 1202 829 1233 Cautiones
844 1203 968 1240 recipere
983 1211 1043 1231 non
1066 1205 1242 1240 curaverint,

180 1253 212 1274 ut
227 1243 389 1282 praefertur,
408 1242 441 1272 &
463 1242 553 1272 dietus
570 1240 702 1271 Armator
722 1241 778 1272 sive
794 1241 956 1271 Armatores
971 1238 1131 1278 hujusmodi
1146 1236 1243 1266 Nam-

201 1283 220 1312 ii
234 1281 281 1311 seu
297 1280 495 1319 Navigiorum
509 1279 746 1319 depraedaverint,
764 1279 808 1310 seu
832 1281 957 1318 ceperint
978 1287 1025 1309 aut
1044 1274 1159 1320 aliquod
1175 1273 1242 1304 Ma-

196 1330 245 1350 um
261 1319 318 1350 five
337 1318 511 1356 Dampnum
526 1316 658 1356 fecerint,
676 1317 722 1348 seu
737 1326 785 1356 per
805 1316 914 1347 Gentes
936 1317 1018 1357 ipsius
1039 1315 1176 1351 Navrgn,
1194 1311 1242 1342 vel

185 1359 215 1388 in
230 1358 291 1398 ipfis
303 1357 436 1394 Navigiis
451 1356 612 1394 existentes,
630 1357 659 1385 in
675 1356 780 1395 aliquo,
797 1364 897 1385 contra
908 1355 1084 1394 praesentium
1092 1353 1242 1383 Tenorem

182 1396 363 1435 Treugarum
372 1418 383 1434 ,
399 1394 481 1426 fuerit
493 1395 700 1431 Attemptatum
710 1417 720 1432 ‚
739 1395 767 1424 in
782 1393 864 1424 dietis
878 1394 985 1432 Regno
997 1393 1124 1431 Angliae,
1144 1389 1244 1433 Duca-

185 1444 216 1465 tu
238 1435 434 1473 Aequitaniae,
459 1433 575 1470 Patriis,
589 1432 704 1471 Terris,
722 1431 899 1471 Territoriis,
916 1434 950 1464 &
972 1431 1136 1467 Dominiis,
1153 1427 1244 1471 dieti,

185 1472 356 1505 Sereniffimi
370 1471 525 1509 Principis,
543 1470 668 1501 Domini
683 1474 761 1509 Regis
776 1470 908 1509 Angliae,
926 1471 954 1500 in
974 1471 1007 1502 &
1029 1478 1129 1500 contra
1141 1466 1245 1510 Subdi-

183 1521 230 1543 tos
252 1512 285 1542 &
309 1510 445 1542 Vaffallos
465 1510 528 1541 suos
541 1532 553 1548 ,
571 1509 618 1540 seu
635 1509 759 1547 ipsorum
776 1508 856 1539 Bona
881 1518 1076 1548 quaecunque,
1099 1504 1245 1537 Officiales

187 1550 276 1589 Regii
298 1548 425 1588 praedieti
446 1547 605 1586 hujusmodi
628 1547 877 1586 Depraedationes,
901 1547 1071 1586 captiones,
1097 1544 1194 1581 Mala,
1212 1543 1245 1573 &

188 1588 340 1625 Dampna,
359 1595 409 1625 per
423 1586 516 1617 dietos
528 1586 692 1617 Armatores
706 1594 877 1624 perpetrata,
893 1585 963 1616 ficut
983 1586 1016 1616 &
1032 1585 1099 1615 Pars
1114 1584 1245 1619 Attemp-

187 1636 268 1663 tans,
283 1625 359 1656 Parti
376 1624 600 1662 Dampnificatae
618 1625 723 1654 realiter
741 1624 849 1656 solvere
863 1625 896 1655 δε
911 1624 1053 1654 restituere
1066 1631 1231 1657 teneantur,

226 1664 313 1703 Super
336 1663 439 1701 quibus
463 1663 572 1701 dictus,
596 1662 790 1693 Serenissimus
813 1662 964 1703 Princeps,
982 1662 1127 1693 Dominus
1154 1672 1248 1699 meus,

186 1705 246 1734 Rex
262 1701 381 1742 Castellae
397 1700 435 1737 &
448 1704 587 1740 Legionis,
604 1702 687 1732 faciet
699 1701 746 1732 vel
757 1701 815 1732 fieri
829 1701 930 1740 faciet,
949 1712 999 1738 per
1014 1701 1075 1731 suos
1084 1699 1249 1731 Officiarios

186 1743 221 1777 ὃς
239 1740 408 1778 Ministros,
421 1739 544 1779 Justiriae
565 1740 832 1778 complementum,
851 1749 965 1771 necnon
990 1739 1199 1770 Executionem
1219 1740 1248 1768 in

188 1779 275 1812 Bonis
295 1780 439 1812 dictorum
458 1779 661 1817 Armatorum,
679 1777 896 1810 Officiariorum
907 1778 1042 1818 suorum,
1059 1778 1105 1809 seu
1127 1777 1250 1817 Fidejus-

187 1820 283 1853 sorum
293 1841 303 1857 ‚
320 1818 476 1850 secundum
492 1817 569 1855 quod
584 1816 669 1848 Casus
682 1818 823 1857 exhigent.

226 1857 299 1887 ΙτΕ
311 1865 356 1895 M,
374 1865 427 1894 ego
442 1855 585 1894 Johannes
600 1856 737 1894 Roderici,
756 1855 943 1887 Ambaffiator
957 1855 1011 1887 five
1026 1855 1162 1886 Nuncius
1178 1863 1250 1893 prae-

189 1896 300 1934 dietus,
313 1896 433 1926 nomine
448 1905 506 1933 quo
519 1894 613 1932 supra,
632 1893 818 1925 Concordavi
832 1904 916 1933 cum,
932 1894 1010 1925 dieto
1027 1894 1185 1925 Venerabili
1200 1893 1251 1924 Vi-

190 1944 243 1972 ro,
260 1933 395 1966 Domino
415 1933 550 1971 Johanne
572 1933 723 1970 Donore,
741 1933 951 1964 Ambaffiatore
971 1934 1004 1963 δε
1026 1932 1168 1970 Nuncio,
1187 1932 1251 1962 vice

189 1973 225 2004 ὃς
251 1973 368 2002 nomine
393 1971 480 2010 dieti,
499 1970 670 2001 Sereniffimi
696 1971 850 2010 Principis,
876 1971 1001 2001 Domini
1019 1973 1096 2009 Regis
1120 1970 1251 2009 Angliae,

191 2009 364 2042 considerata
379 2007 513 2040 Utilitate
528 2010 585 2040 Rei
600 2010 721 2049 publicae
737 2012 878 2048 utriusque
886 2010 1056 2049 Regnorum
1072 2011 1104 2040 δε
1114 2009 1251 2047 Partium,

191 2051 227 2082 δε
240 2057 270 2080 ut
283 2048 412 2079 Personae
425 2047 662 2086 Dampnificatae,
681 2050 761 2079 unius
774 2049 806 2080 δε
819 2049 928 2079 alterius
942 2049 1046 2086 Partis,
1062 2049 1144 2078 citius
1157 2050 1190 2079 &
1211 2048 1251 2079 fa-

192 2089 273 2120 cilius
286 2087 389 2126 poffint
401 2086 441 2118 de
451 2087 607 2126 Darnpnis,
625 2087 676 2119 sibi
693 2086 775 2118 faeris
795 2087 841 2120 seu
862 2087 958 2125 illatis,
975 2092 1032 2119 tam
1050 2096 1098 2125 per
1112 2087 1252 2125 Terram,

191 2127 278 2165 quam
289 2136 339 2165 per
353 2125 452 2162 Mare,
471 2125 556 2156 conse
577 2127 605 2156 ui
619 2125 739 2165 justitiae
760 2125 1022 2164 complementum,
1042 2125 1122 2164 quod
1144 2125 1254 2164 dic‘tus,

193 2164 388 2196 Sereniffimus
401 2164 553 2203 Princeps,
604 2166 718 2195 ominus
734 2174 830 2203 meus,
847 2166 907 2194 Rex
921 2164 1043 2205 Castellae
1057 2164 1096 2200 ὠ·
1111 2167 1253 2203 Legionis,

191 2204 331 2237 Domino
345 2202 533 2242 concedente,
549 2200 611 2235 suos
625 2204 717 2236 mittat
731 2203 890 2241 solempnes
906 2202 1124 2236 Ambaffiatores
1133 2205 1166 2234 ad
1175 2204 1254 2233 Fon-

192 2252 253 2281 tem
267 2242 411 2275 Rabidum
426 2242 501 2274 circa
515 2242 728 2282 primam‘diem
744 2241 850 2273 Mensis
867 2242 936 2281 Julii
956 2243 1090 2280 proximo
1111 2243 1253 2281 futuram,

194 2281 241 2315 vel
254 2280 289 2312 ad
305 2280 392 2319 ipsam
408 2281 528 2320 primam
542 2281 620 2314 diem
634 2280 705 2313 dieti
721 2278 826 2313 Mensis
838 2280 906 2319 Julii
915 2304 925 2319 ‚

288 2319 426 2360 iquidem
440 2318 661 2353 Ambaffiatores
675 2319 892 2351 concordabunt
913 2320 949 2353 de
964 2319 1054 2352 mocio,
1076 2319 1101 2349 se
1121 2318 1254 2358 videndi,

194 2358 229 2392 δε
243 2360 270 2390 in
284 2357 354 2389 imul
366 2357 555 2391 conveniendi
579 2358 612 2390 &
627 2357 717 2391 standi
733 2367 803 2392 cum
826 2358 1078 2390 Ambaffiatoribus
1098 2357 1187 2398 dieti,
1205 2358 1255 2389 Se-

194 2396 330 2430 reniffimi
348 2395 506 2435 Principis,
523 2395 648 2427 Domini
661 2398 738 2434 Regis
750 2396 880 2436 Angliae,

201 2468 203 2470 ,
232 2435 269 2469 Et
281 2434 361 2474 quod
373 2435 444 2467 dieti
458 2431 692 2474 Ambaffiatores,
706 2435 763 2474 fic,
781 2444 811 2469 ut
831 2435 1026 2474 praemittitur,
1044 2435 1188 2473 mittendi,
1206 2435 1255 2467 ha-

193 2473 279 2505 beant
297 2472 482 2504 sufficientem
500 2472 674 2504 potestatem
697 2473 857 2512 Audiendi,
876 2473 1092 2513 Cognoscendi,
1110 2474 1255 2505 Deciden-

194 2514 225 2544 di
239 2515 273 2545 &
285 2511 342 2545 fine
356 2513 454 2545 debito
469 2511 661 2544 Terminandi
673 2522 773 2544 omnes
787 2514 819 2544 &
834 2513 951 2552 singulas
966 2513 1043 2545 Lites
1063 2513 1119 2544 sive
1135 2512 1255 2551 Causas,

194 2561 285 2582 motas
301 2551 357 2582 five
373 2550 528 2582 movendas
540 2559 589 2589 per
604 2551 782 2591 quascunque
799 2551 932 2585 Personas
952 2552 1092 2590 utriusque
1108 2550 1230 2582 Patrium
1241 2573 1251 2590 ,

193 2590 229 2622 de
241 2592 274 2622 &
289 2588 368 2628 super
383 2590 517 2622 omnibus
531 2590 564 2620 &
576 2589 687 2629 singulis
702 2589 850 2628 Roberiis‚
866 2589 991 2628 Praedis,
1009 2589 1153 2628 Marcffis,
1172 2589 1254 2621 Con-

193 2629 373 2666 tramarchis,
392 2627 436 2659 seu
449 2628 506 2659 aliis
529 2627 717 2668 Captionibus
737 2629 966 2667 quibuscunque,
984 2629 1062 2661 saetis
1081 2630 1136 2659 five
1157 2639 1254 2669 perpe-

194 2668 285 2707 tratis,
302 2677 350 2707 per
363 2667 503 2704 Terram,
519 2667 563 2696 vel
580 2676 628 2704 per
644 2666 744 2705 Mare,
763 2675 811 2705 per
825 2668 1002 2705 quascunque
1016 2667 1166 2706 Personas,
1181 2668 1255 2698 Sub-

193 2706 267 2737 ditos
281 2707 314 2737 ὃ(
328 2705 462 2738 Vassallos
477 2706 617 2744 utriustiue
632 2704 806 2742 Regnorum
822 2707 855 2736 &
871 2706 1096 2745 Dominiorum,
1135 2707 1254 2736 raeter&

197 2752 299 2775 contra
312 2744 450 2774 Formam
464 2744 657 2783 Treugarum,
674 2745 736 2775 alias
750 2745 820 2775 inter
835 2744 926 2774 dictos
941 2743 1089 2775 Domitios
1106 2715 1139 2776 ἕ(
1155 2754 1254 2776 eorum

198 2782 301 2821 Regna
315 2783 467 2821 initarum,
483 2784 550 2814 citra
565 2792 676 2824 tempus
691 2793 749 2823 quo
763 2792 877 2823 regnare
892 2784 1014 2822 incepit,
1032 2783 1148 2816 celebris
1161 2793 1255 2815 recor-

197 2822 316 2852 dationis
330 2822 363 2852 &
378 2822 540 2859 memoriae,
560 2820 709 2852 Dominus
728 2823 859 2852 Henricus
873 2825 933 2851 Rex
955 2820 1077 2862 Castellae
1098 2820 1135 2856 ὠ
1158 2825 1255 2861 Legio-

197 2864 257 2898 nis,
273 2859 356 2890 Pater
383 2859 472 2898 dieti,
494 2859 666 2891 Sereniffimi
695 2859 850 2898 Principis,
874 2860 996 2890 Domini
1022 2862 1093 2899 mei,
1115 2860 1254 2898 Johanm'r

198 2901 274 2937 Regis
287 2898 408 2939 Castellae
428 2897 467 2933 ὠ
483 2899 607 2935 Legionis
624 2898 773 2937 moderni,
796 2899 878 2936 usque
898 2898 931 2928 ad
951 2898 1026 2930 diem
1049 2898 1256 2930 Purificationis

198 2936 288 2968 beatae
304 2937 408 2969 Maria:
423 2937 546 2975 Virginis
566 2937 701 2974 proximo
716 2937 853 2975 futuram,
873 2938 901 2966 in
923 2947 977 2975 qua
998 2938 1144 2975 praesentes
1160 2939 1256 2970 Treu—

200 2984 248 3012 gae
260 2976 383 3013 incipere
397 2977 517 3013 debent,
535 2985 569 3006 ac
584 2975 754 3006 Sententiam
768 2975 813 3005 seu
829 2975 982 3006 Sententias
997 2975 1174 3014 proferendi,

236 3012 277 3056 Et
290 3015 425 3053 quicquid
437 3025 486 3053 per
499 3014 592 3044 dictos
612 3013 831 3045 Ambaffiatores
852 3014 935 3044 fuerit
951 3013 1132 3053 Judicatum,
1151 3016 1256 3046 Deter-

202 3059 357 3090 minatum,
379 3054 411 3083 &
433 3053 654 3092 Sententiarum,
678 3052 782 3084 debitae
801 3052 970 3083 Executioni
991 3053 1184 3091 demandabit,
1209 3063 1256 3085 aut

201 3089 365 3120 demandari
382 3091 484 3129 faciet,
497 3091 604 3129 didius,
622 3091 814 3121 Sereniffimus
829 3090 978 3131 Princeps,
998 3091 1143 3122 Dominus
1159 3102 1257 3131 meus,

201 3131 262 3157 Rex
275 3127 395 3167 Castellae
408 3128 445 3164 &
463 3132 586 3166 Legionis
606 3130 634 3159 in
652 3130 778 3169 Regnis,
794 3129 954 3168 Dominiis,
973 3129 1085 3169 Patriis,
1104 3130 1138 3161 &
1159 3131 1257 3161 Terri-

201 3167 279 3198 toriis
293 3167 361 3205 suis,
378 3166 456 3197 bona
470 3166 542 3205 fide,
560 3168 593 3197 &
605 3168 662 3197 fine
676 3169 767 3207 aliqua
780 3168 851 3198 dece
872 3170 963 3205 tione,

240 3205 305 3235 Fuit
318 3213 432 3243 tamen,
447 3205 525 3243 super
538 3205 613 3243 hoc,
631 3207 703 3237 inter
727 3217 791 3245 me,
810 3207 838 3237 di
872 3217 919 3237 um
942 3205 1100 3245 Johannem
1120 3208 1256 3247 Roderici,

197 3254 231 3275 ac
246 3243 377 3282 dietum,
393 3243 592 3274 Venerabilem
608 3243 726 3283 Virum,
746 3246 907 3275 Dominum
915 3245 1074 3283 Johannem
1087 3245 1258 3285 Doctorem,

201 3282 439 3313 Ambaffiatorem
461 3281 517 3311 five
536 3281 688 3312 Nuncium
708 3284 796 3322 dieti,
822 3284 992 3314 Sereniffimi
1015 3284 1176 3323 Principis,
1194 3285 1258 3316 Do-

203 3322 276 3352 mini
293 3323 371 3358 Regis
385 3319 515 3358 Angliae,
533 3318 769 3360 Concordatnm,
787 3322 884 3361 quod,
902 3324 920 3341 ⁴*
935 3323 996 3352 casu
1010 3333 1068 3361 quo
1081 3323 1190 3362 dietus,
1208 3325 1257 3355 Se-

205 3359 363 3391 reniffimus
384 3358 537 3395 Princeps,
554 3357 699 3389 Dominus
719 3370 815 3397 meus,
830 3359 894 3390 Rex
916 3359 1046 3391 Castellae
1067 3362 1099 3392 ὅ(
1124 3362 1259 3402 Legionis

203 3409 263 3430 non
279 3397 370 3437 poflet
382 3397 474 3427 dictos
488 3396 550 3427 suos
562 3396 718 3437 solempnes
734 3397 970 3436 Ambaffiatores,
990 3400 1058 3429 citra
1072 3399 1148 3431 diem
1164 3402 1210 3431 vel
1223 3403 1257 3432 ad

200 3438 277 3470 diem
290 3436 497 3475 supradictum,
515 3434 548 3465 ad
572 3434 685 3465 Locum
704 3435 887 3476 praetac'mm,
905 3437 984 3476 super
997 3436 1137 3474 Negotiis
1157 3441 1259 3477 praedi-

202 3476 256 3553 {32⁵
261 3475 535 3552 iiififflssiifflffiitss'et
550 3474 978 3552 {fifgffsse‘iffluss‘ssssssffieassssn
990 3475 1126 3552 ιὲῗῃῖζᾞὲ
1133 3501 1145 3545 'i
1161 3478 1256 3547 {5¹:¹13

429 3537 437 3551 ι
1206 3528 1222 3547 u

202 3554 334 3591 durante,
351 3553 382 3583 in
395 3552 433 3582 sui
447 3551 555 3582 roboris
572 3550 707 3581 firmitate.
745 3535 755 3551 ³
963 3536 973 3552 ³
1146 3526 1164 3555 p

239 3591 284 3622 I·r
294 3600 311 3621 E
321 3599 366 3629 M,
385 3591 419 3622 ad
435 3589 576 3627 Maiorem
593 3588 740 3620 Cautelam
755 3589 921 3627 roborisque
935 3589 1103 3629 Firmatem,
1121 3602 1180 3630 ego
1197 3593 1255 3632 J0-

201 3629 305 3662 hannes
327 3629 462 3668 Roderici,
481 3627 671 3659 Ambaffiator
690 3628 745 3658 slve
765 3627 897 3658 Nuncius
919 3630 1063 3667 praefatus,
1082 3634 1256 3662 concordavi

199 3678 285 3706 cum,
299 3667 379 3699 dieto
389 3666 549 3698 Venerabili
566 3666 653 3705 Viro,
673 3665 805 3696 Domino
821 3665 952 3704 Johanne
976 3667 1120 3705 Dediore,
1138 3670 1255 3700 Ambas-

203 3706 304 3737 fiatore
322 3706 379 3737 sive
399 3706 541 3744 Nuncio,
558 3705 625 3736 diCti
647 3704 816 3735 Serenissimi
838 3704 974 3743 Principis
988 3728 998 3743 ,
1025 3706 1147 3737 Domini
1167 3708 1254 3748 Regis

202 3744 332 3784 Angliae,
378 3744 439 3775 uod
461 3744 576 3782 dietus,
601 3743 791 3774 Sereniffimus
817 3742 967 3782 Princeps,
992 3744 1139 3776 Dominus
1157 3755 1235 3776 meus

202 3781 269 3812 Rex
282 3754 412 3813 Castgilae
427 3783 460 3813 &
482 3782 632 3822 Legionis,
650 3792 718 3812 curn
743 3780 992 3811 Ambaffiatoribus
1011 3783 1078 3820 suis,
1099 3794 1147 3821 per
1164 3771 1255 3822 ipsurri

201 3821 232 3850 in
246 3820 368 3851 Fontem
383 3820 528 3852 Rabidum
544 3822 701 3858 mittendis,
718 3822 784 3850 citra
797 3820 872 3850 diem
886 3820 930 3850 vel
951 3818 985 3848 ad
999 3821 1073 3850 diem
1093 3822 1170 3859 supra
1184 3833 1254 3861 prae-

202 3858 327 3897 dietam,
346 3860 436 3890 mittat
448 3859 505 3889 suas
515 3860 643 3890 Patentes
659 3859 780 3897 LiteraS,
795 3858 843 3888 suo
868 3858 978 3896 Magno
1000 3859 1099 3897 Sigillo
1116 3861 1253 3900 figillatas,

199 3894 432 3927 Confirmatorias
453 3899 487 3929 δε
505 3898 720 3936 Approbatorias
744 3897 902 3935 hujusmodi
922 3895 1104 3927 Praesentium
1127 3898 1255 3938 Treuga-

196 3944 260 3965 rum
269 3957 279 3972 ,
297 3944 329 3964 ac
344 3936 475 3965 omnium
487 3936 607 3967 aliorum
621 3938 654 3969 ὃ(
663 3936 835 3976 singulorum
849 3936 877 3965 in
887 3934 997 3966 Litteris
1011 3936 1151 3968 diastarum
1159 3938 1253 3970 Treu-

198 3982 298 4012 garum
311 3981 511 4004 contentorum
521 3997 531 4012 ‚

237 4010 451 4047 Promittendo,
469 4011 545 4042 bona
558 4012 628 4050 fide,
645 4013 678 4044 &
692 4014 722 4043 in
735 4013 823 4043 verbo
836 4011 951 4050 Regio,
969 4022 1017 4050 per
1038 4013 1147 4043 easdem
1164 4014 1256 4046 Litte-

195 4059 254 4088 ras,
270 4049 350 4089 quod
365 4048 509 4090 praedictas
520 4049 662 4089 TreugaS,
683 4062 715 4082 ac
731 4052 827 4081 omnia
849 4051 898 4080 alia
917 4052 950 4082 &
972 4051 1075 4090 singula
1099 4053 1126 4081 in
1142 4052 1256 4084 Litteris

194 4088 379 4127 Treugarum
394 4095 546 4127 contenta,
562 4098 611 4127 per
624 4089 651 4120 se
665 4091 819 4122 tenebit&
841 4088 1015 4129 observabit,
1033 4100 1067 4123 ac
1083 4099 1133 4129 per
1149 4090 1253 4123 Subdi-

54 3330 74 3349 *
90 3332 140 3358 ΙΧ.

58 3378 119 3397 110.

2271 197 2325 238 69

1261 282 1305 306 tos
1321 276 1354 307 &
1374 276 1509 307 Vassallos
1523 276 1585 307 suos
1599 276 1706 308 Teneri
1722 277 1755 309 ὃς
1771 276 1923 310 Observari
1944 277 2045 314 faciet,
2063 283 2147 316 prout
2161 276 2190 307 in
2211 276 2315 308 eisdem
2336 270 2411 303 Anti·
2430 271 2470 302 D„

1263 322 1457 351 continentur,
1477 314 1557 344 bonti
1572 315 1644 353 fide,
1662 316 1696 346 ὃς
1709 316 1764 346 sine
1779 317 1867 355 aliqua
1880 317 2048 352 deceptione
2058 338 2066 351 ,
2360 319 2448 349 1414·

1300 352 1463 383 Tradendas
1482 353 1731 384 Ambaffiatoribus
1746 355 1832 392 dieti,
1850 354 2018 385 Sereniffimi
2038 353 2191 390 Principis,
2211 351 2320 381 Domi·
2336 353 2400 377 Hm.
2420 359 2436 384 5
2442 369 2448 376 ν

1264 390 1294 419 ni
1311 389 1398 429 Regis
1419 391 1549 427 Angliae‚
1568 401 1614 428 per
1638 393 1726 428 ipsum
1749 393 1778 422 in
1803 393 1947 432 Bayonam
1970 391 2130 429 mittendis,
2147 391 2180 420 ad
2199 389 2321 420 Conve-

1264 428 1401 458 niendum
1416 439 1483 459 cum
1498 429 1580 459 dietis
1595 429 1844 460 Ambasfiatoribus
1870 431 1956 468 dieti,
1974 429 2142 460 Serenissimi
2163 429 2319 466 Principis,

1266 465 1388 496 Domini
1403 468 1472 505 mei,
1491 466 1578 504 Regis
1592 466 1722 497 Castellae
1734 469 1767 498 δε
1782 468 1934 507 Legionis,
1948 469 2027 507 super
2041 467 2175 507 Negotiis
2189 468 2220 497 in
2239 466 2321 497 dietis

1267 504 1380 534 Litteris
1394 504 1577 542 Treugarum
1591 507 1730 537 contentis

1305 542 1447 573 Dumodo
1468 543 1568 573 similes
1588 543 1704 573 Litteras
1724 528 1971 581 Confirmatorias,
1990 543 2186 581 Laudatorias,
2204 544 2237 575 &
2261 543 2324 582 Ap-

1270 581 1444 617 probatorias
1467 582 1605 612 did‘carum
1631 581 1830 620 Treugarum,
1855 582 1888 611 &
1911 583 2029 612 aliorum
2055 583 2084 612 in
2108 583 2190 612 dietis
2209 582 2325 612 Litteris

1268 619 1446 657 Treugarum
1469 628 1672 650 contentorum
1688 643 1697 657 ,
1729 620 1778 656 ipsi
1807 619 2019 649 Ambaffiatores
2044 620 2128 658 dieti,
2153 620 2324 650 Sereniffimi

1270 655 1425 695 Principis,
1442 657 1564 687 Domini
1578 659 1648 696 mei,
1666 657 1754 696 Regis
1769 657 1901 688 Castellae
1912 658 1944 687 ὃς
1961 657 2112 696 Legionis,
2131 659 2264 696 recipiant
2286 660 2321 689 ab

1270 694 1372 762 eisdgm
1387 695 1640 761 1Ambaffiatoribus
1653 695 1739 733 dieti,
1756 695 1927 727 Sereniffimi
1950 695 2104 734 Principis,
2123 695 2246 726 Domini
2265 696 2326 728 Re-

1292 743 1327 762 ιε,
1348 743 1364 762 n
1398 743 1441 763 iae.

1270 741 1289 771 g
1309 770 1343 800 Iri
1359 741 1482 808 {uorum
1504 772 1636 801 omnium
1656 772 1688 802 δε
1711 772 1882 811 singulorum
1903 770 2044 801 fastorum
2061 770 2255 801 testimonium
2273 781 2327 812 ego

1271 807 1418 845 Johannes
1437 809 1574 847 Roderici,
1591 810 1779 840 Ambassiator
1793 810 1847 839 sive
1860 809 1998 839 Nuncius
2014 813 2159 847 praeiatus,
2184 811 2328 845 praesentes

1272 846 1402 877 Patentes
1420 847 1557 891 Litteras,
1576 857 1663 878 manu
1681 849 1792 887 propria
1810 848 1934 887 scriptas,
1955 847 2052 886 Sigillo
2076 856 2142 876 meo
2163 847 2328 884 inpendenti

1273 894 1465 915 communiw.

1311 923 1388 954 Data
1402 924 1434 954 &
1457 923 1531 954 Acta
1552 925 1582 954 in
1604 923 1727 954 Civitate
1749 924 1971 960 Londoniarum,
1988 923 2047 953 Die
2067 921 2210 953 Vicesimi
2229 922 2331 954 oftavi

1276 960 1384 992 Mensis
1392 962 1532 1000 Januarii,
1552 963 1639 994 Anno
1655 963 1670 993 a
1683 963 1842 995 Nativitate
1854 962 1979 993 Domini
1993 961 2168 999 Millefitno,
2187 961 2332 1000 Qadrin-

1274 1002 1446 1039 gentefimO,
1464 1001 1700 1040 Qartodecimo.

1373 1127 1563 1172 Treugarum
1588 1129 1718 1159 Franciae
1743 1138 1782 1159 ex
1799 1136 1888 1172 parte
1912 1128 1999 1171 Regis
2025 1124 2226 1170 Confirmatio.

1280 1209 1402 1266 REX
1419 1210 1583 1248 Omnibus,
1596 1211 1632 1241 ad
1646 1221 1734 1249 quos,
1751 1212 1811 1242 &c.
1827 1211 1962 1242 Salutem.
2187 1233 2190 1237 ,
2355 1207 2482 1239 Ann.D.

1394 1248 1649 1279 Inspexnvius
1676 1249 1826 1280 Tenorem
1851 1249 2033 1288 quarumdam
2051 1248 2248 1288 Treugarum,
2267 1248 2338 1278 inter
2376 1255 2463 1285 1414.

1283 1284 1502 1317 Ambassiatores
1517 1287 1647 1324 nostros,
1661 1297 1694 1316 ex
1710 1297 1762 1317 una
1778 1297 1870 1325 parte,
1890 1289 1923 1318 &
1943 1286 2339 1325 Ambasfiatores,Nuncios,
2355 1289 2407 1312 An.
2426 1295 2449 1313 ι.

1285 1325 1318 1355 &
1340 1324 1557 1355 Commissarios
1580 1324 1750 1364 Adverfizrii
1771 1326 1851 1366 nostri
1874 1328 2011 1364 Franciae,
2029 1335 2062 1356 ex
2084 1325 2166 1356 altera
2188 1332 2282 1363 parte,
2297 1324 2338 1355 fa-
2356 1328 2389 1351 H·
2406 1332 2434 1359 5·

1287 1363 1396 1394 &tarum
1422 1364 1453 1393 in
1471 1364 1533 1394 haec
1555 1365 1657 1403 verba,
2359 1365 2448 1389 Franc.

2363 1410 2387 1428 1.
2400 1404 2427 1428 H
2465 1419 2472 1426 .

1323 1439 1392 1470 Nos
1411 1439 1547 1478 Thomas,
1565 1440 1750 1472 permissione
1767 1439 1896 1477 Divina,
1914 1438 2099 1481 Dunelmenfis
2119 1439 2211 1479 Episto
2228 1451 2275 1479 us,
2293 1443 2342 1471 Ri-
2359 1449 2396 1469 m·
2413 1406 2462 1467 8·5

1285 1478 1399 1509 chardur
1410 1484 1501 1508 Comes
1518 1481 1698 1517 Warrewici,
1716 1481 1750 1510 &
1772 1478 1906 1517 Magister
1928 1481 2058 1507 Henrz‘cus
2078 1480 2176 1515 Ware,
2226 1480 2342 1509 icentia-

1285 1526 1328 1548 tus
1343 1519 1371 1547 in
1385 1518 1600 1557 utroqueJure‚
1618 1517 1780 1549 Canonicus
1792 1517 1928 1547 Ecclesiae
1947 1517 2145 1555 LandavenfiS,
2168 1516 2344 1547 Illustriffimi

1288 1557 1315 1585 in
1334 1555 1452 1586 Christo
1467 1556 1602 1594 Principis
1614 1557 1646 1587 δε
1665 1555 1788 1586 Domini
1804 1555 1910 1592 nostri,
1926 1554 2049 1585 Domini
2067 1557 2193 1592 Henrici,
2213 1555 2270 1584 Dei
2283 1564 2345 1594 gra-

1287 1594 1341 1631 tia,
1357 1597 1435 1632 Regis
1449 1594 1578 1632 Angliae,
1596 1594 1634 1629 (ὧν
1648 1597 1784 1632 Franciae,
1804 1596 1837 1625 ὃ(
1853 1597 1965 1623 Domini
1976 1592 2134 1631 Hiberniae,
2152 1592 2327 1631 Consulatu,

1323 1633 1369 1663 Ad
1389 1633 1601 1671 Tractandum,
1621 1632 1926 1670 Communicandum,
1942 1631 2207 1669 Concordandum,
2224 1632 2257 1661 &
2279 1631 2347 1662 fina-

1288 1672 1348 1702 liter
1365 1671 1624 1711 Concludendum,

1324 1710 1421 1748 Cum,
1440 1709 1613 1740 Reverendo
1629 1712 1657 1739 in
1672 1709 1788 1740 Christo
1802 1709 1883 1740 Patre
1898 1709 1931 1739 &
1950 1708 2100 1746 Domino,
2119 1708 2254 1738 Domino
2275 1707 2351 1738 Wila

1288 1748 1390 1787 lielmo,
1410 1749 1466 1778 Dei
1482 1749 1586 1787 gratia,
1603 1747 1805 1788 Archiepifiopo
1823 1747 1989 1788 Bitrucenfi,
2009 1746 2112 1776 Καναῖα
2132 1749 2248 1776 Domino
2269 1747 2301 1775 de
2318 1746 2348 1776 la

1289 1791 1377 1825 Bret,
1396 1786 1613 1817 Constabulario
1627 1787 1796 1826 Adversarii
1810 1790 1931 1816 Franciae
1941 1809 1950 1824 ,
1969 1788 2002 1817 δε
2012 1786 2151 1823 Magistro
2164 1789 2280 1814 Goutero
2287 1784 2349 1823 Col,

1290 1825 1478 1864 Confiliariis,
1511 1825 1762 1856 Ambaffiatoribus
1776 1849 1785 1863 ,
1806 1825 1931 1855 Nunciis
1946 1847 1954 1862 ,
1985 1826 2018 1855 δε
2047 1823 2257 1854 Commissariis
2278 1824 2348 1854 dieti

1290 1864 1463 1933 Adzsieifizrii
1474 1868 1611 1933 Ffapscljae,
1628 1865 1661 1896 δε
1675 1864 1710 1895 ad
1722 1863 1903 1895 Praesentiam
1916 1862 1986 1893 dieti
1999 1865 2110 1892 Domini
2125 1862 2206 1902 nostri
2220 1865 2297 1899 Regis
2311 1862 2349 1893 de

1290 1913 1348 1941 prae
1359 1912 1417 1933 enti
1429 1912 1487 1934 tran
1503 1913 1543 1933 tm
1565 1913 1603 1940 is,

1327 1941 1378 1972 De
1391 1943 1424 1973 δε
1439 1942 1518 1980 super
1531 1942 1600 1980 hiis,
1617 1951 1681 1979 quae
1695 1940 1810 1972 Bonum
1824 1940 1978 1971 Publicum
1988 1963 1998 1978 ,
2019 1939 2052 1970 &
2071 1938 2222 1977 specialiter
2243 1937 2350 1970 Pacem

1291 1980 1324 2010 &
1341 1980 1536 2010 Concordiam
1554 1981 1695 2018 utriusque
1711 1979 1823 2022 Regni,
1842 1980 2024 2009 Subditorum
2035 2001 2043 2015 ,
2062 1977 2271 2009 &incolarum
2289 1987 2351 2007 am-

1291 2019 1390 2063 barum
1404 2019 1531 2050 Partium
1554 2028 1727 2050 concernere
1750 2019 1868 2057 possint,
1884 2016 2080 2048 Commiffarii
2098 2016 2248 2055 specialiter
2263 2016 2352 2054 depu-¹

1290 2065 1357 2096 tati,

1330 2134 1463 2204 &iarum
1488 2134 1605 2174 quidem
1630 2131 1877 2166 Commi-iiionum
1901 2133 2030 2165 Tenores
2062 2131 2211 2171 sequuntur
2235 2132 2264 2162 in
2292 2131 2354 2163 haec

1292 2184 1341 2205 ver
1384 2197 1394 2213 ,

1354 2252 1487 2289 Enricm,
1507 2249 1564 2281 Dei
1584 2251 1688 2290 gratie,
1715 2253 1777 2280 Rex·
1797 2247 1910 2287 Angli-a
1936 2247 1974 2283 <ly
1999 2251 2137 2286 Franciae,
2155 2246 2194 2283 &
2219 2249 2353 2278 Dominae

1365 2289 1522 2327 Hiber-nire,
1542 2290 1678 2320 omnibus
1693 2311 1703 2327 ,
1727 2290 1761 2320 ad
1781 2299 1853 2328 quos
1872 2288 2018 2327 praesentes
2036 2287 2139 2318 Literae
2160 2287 2355 2325 pervenerint,

1293 2325 1417 2358 Salutem
1433 2330 1462 2359 in
1479 2329 1616 2361 Domino
1630 2328 1837 2366 sempiternam.

1331 2366 1414 2397 Ctim
1435 2376 1524 2407 nuper
1554 2365 1731 2397 Adversarius
1750 2365 1845 2396 noster
1871 2365 2014 2402 Franciae,
2038 2362 2099 2399 ὢν.
2118 2369 2201 2402 prout
2217 2361 2305 2402 fitpra
2323 2364 2354 2393 in

1292 2406 1417 2444 Treugis,
1434 2406 1466 2436 de
1481 2408 1552 2435 Dat.
1566 2413 1614 2445 24.
1631 2404 1705 2443 Jan.
1729 2404 1810 2444 usque
1824 2404 1879 2434 haec
1895 2405 1984 2435 verba
2005 2403 2088 2441 (ziz.)

1327 2481 1397 2513 Nos
1410 2491 1521 2523 autem,
1540 2480 1690 2513 Tenorem
1704 2482 1874 2520 praedictum
1889 2481 1996 2512 Ratum
2011 2480 2143 2511 habentes
2162 2481 2196 2511 ὃς
2210 2479 2353 2518 Gratum,

1292 2521 1399 2560 ipsum,
1420 2522 1540 2554 Tenore
1560 2523 1578 2540 ²*
1601 2521 1802 2558 Praesentium,
1823 2530 1856 2550 ex
1878 2529 1950 2550 certa
1969 2520 2080 2550 scientia
2102 2518 2211 2555 nostra,
2238 2517 2350 2548 Lauda·
2370 2512 2390 2534 ²¹*
2406 2514 2460 2543 IX-

1293 2568 1370 2598 mus,
1397 2561 1611 2599 Acceptamu3‚
1638 2560 1864 2598 Approbamus,
1890 2558 2097 2596 Ratificamus,
2129 2558 2162 2588 δε
2187 2556 2349 2587 Confirma-
2371 2562 2432 2581 1¹1·

1293 2607 1530 2668 rmIl³sr⁷omittentes
1550 2636 1635 2674 Nos,
1655 2637 1733 2667 bonai
1749 2636 1819 2674 fide,
1836 2637 1869 2668 ὃς
1884 2635 1970 2665 verbo
1984 2633 2098 2673 Regio,
2117 2633 2185 2664 illud
2197 2633 2352 2665 Tenere&

1293 2675 1461 2714 Custodire,
1480 2686 1532 2714 ac,
1554 2685 1607 2716 pro
1627 2675 1712 2706 Poffe
1734 2675 1848 2713 nostro,
1871 2673 1975 2712 absque
1995 2673 2158 2715 Frafflone,
2179 2681 2229 2712 per
2250 2672 2355 2702 Fideles

1293 2716 1325 2745 &
1339 2715 1472 2745 Subditos
1485 2714 1595 2744 nostros
1629 2714 1819 2753 uoscurnque,
1837 2713 1938 2751 quovis
1955 2712 2060 2748 modo,
2079 2711 2230 2741 secundum
2249 2711 2350 2742 Teno-

1293 2763 1353 2822 rerffi
1368 2754 1401 2785 &
1415 2752 1548 2822 Eormgacm
1562 2724 1682 2791 ejusiiem
1691 2774 1702 2791 ,
1716 2754 1825 2792 integre
1841 2751 1951 2782 Teneri
1966 2751 1999 2782 ὅ(
2015 2749 2163 2780 Custodiri
2178 2751 2279 2780 facere.

1344 2801 1617 2869 'ffeci'ijelsfiegecapud
1633 2828 1888 2869 Wstmonasterium
1894 2852 1905 2868 ,
1923 2828 1997 2857 xxix.
2008 2827 2052 2857 die
2062 2825 2194 2865 januarii.

1885 2907 1937 2934 Per
1949 2903 2030 2943 ipfitm
2044 2906 2149 2940 Regem.

1326 3034 1374 3066 De
1397 3032 1633 3066 Proclamatione
1655 3034 1846 3076 Treugarum
1864 3028 2073 3074 praetao‘z‘arnm
2096 3030 2127 3059 in
2150 3029 2322 3072 Aquitania

1730 3077 1888 3123 fizcienda.

1296 3165 1438 3221 REX,
1457 3163 1609 3195 Cariffimo
1628 3163 1781 3195 Avunculo
1800 3163 1866 3201 suo,
1883 3161 1988 3192 Thomae
2008 3165 2104 3192 Comiti
2118 3160 2268 3199 Dorsetiae,
2288 3160 2349 3191 Lo-
2368 3153 2497 3186 AnnDl

1371 3205 1546 3235 cumtenenti
1565 3203 1661 3233 nostro
1675 3204 1705 3232 in
1720 3202 1834 3233 Ducatu
1848 3201 1943 3232 nostro
1959 3201 2149 3239 Aquitanniae,
2167 3199 2297 3230 Salutem.
2387 3201 2473 3232 1414.

1332 3242 1411 3273 Cum
1450 3252 1497 3279 per
1513 3241 1746 3279 Ambassiatores,
1772 3239 1924 3277 Nuncios,
1941 3240 1974 3270 &
1997 3239 2212 3269 Commissarios
2232 3237 2350 3266 Adver-
2367 3236 2418 3259 An.
2440 3242 2464 3259 1-

1287 3281 1360 3322 fiarii
1376 3292 1409 3310 no
1432 3285 1456 3310 ri
1471 3284 1610 3318 Franciae,
1627 3290 1679 3317 pro
1693 3279 1746 3317 Se,
1763 3279 1888 3318 Regnis,
1905 3278 2014 3316 Terris,
2035 3277 2198 3313 Dominiis,
2216 3275 2350 3313 Subditis,
2367 3274 2400 3297 H-
2419 3279 2444 3304 5·

1294 3322 1327 3351 &
1343 3320 1468 3359 Alligatis
1480 3319 1559 3357 ipsius
1576 3317 1745 3356 Adveriiirii,
1759 3327 1792 3347 ac
1807 3327 1853 3355 per
1875 3315 2089 3347 Ambaffiatores
2103 3315 2136 3345 δε
2150 3314 2285 3345 Nuncios
2297 3324 2351 3344 no-
2368 3309 2434 3344 msc.
2453 3312 2480 3335 ¹-'

1294 3359 1380 3396 stros,
1402 3368 1455 3396 pro
1476 3357 1592 3394 Nobis,
1615 3357 1729 3394 Terris,
1749 3355 1912 3394 Dominiis,
1935 3354 2078 3392 Subdids,
2097 3354 2129 3384 &
2153 3353 2277 3391 Alligatis
2298 3363 2352 3384 no·
2368 3349 2400 3372 H.
2418 3355 2445 3381 5-

1295 3399 1372 3436 stris,
1397 3406 1445 3435 per
1463 3396 1606 3433 Terram,
1623 3395 1656 3426 &
1677 3404 1725 3432 per
1745 3393 1844 3432 Mare,
1869 3404 1902 3424 ac
1925 3394 1990 3423 citra
2005 3393 2037 3424 &
2058 3392 2127 3422 ultra
2141 3391 2242 3429 Mare,
2261 3400 2348 3422 certae
2367 3393 2403 3412 m·
2426 3393 2452 3412 ¹-

1294 3438 1420 3474 Treugae
1432 3434 1586 3474 generales,
1601 3443 1654 3472 pro
1673 3443 1733 3463 uno
1750 3433 1854 3470 Anno,
1874 3432 2022 3469 incipiente
2043 3432 2077 3461 ab
2093 3429 2168 3460 Ortu
2184 3429 2256 3461 Solis
2276 3430 2345 3460 Diei

1294 3474 1497 3506 Purificationis
1510 3496 1520 3511 ,
1543 3471 1706 3502 beatiffimae
1730 3473 1762 3502 ὃς
1783 3471 1911 3509 gloriosae
1931 3470 2052 3513 Virginis
2073 3470 2207 3508 proximo
2228 3469 2346 3505 fururae,

1293 3515 1379 3552 usque
1392 3512 1426 3542 ad
1443 3510 1586 3542 Occasum
1599 3510 1671 3541 Solis
1686 3510 1754 3541 Diei
1772 3509 1895 3548 ejusdem
1910 3507 2115 3539 Purificationis
2133 3507 2221 3538 Anno
2236 3506 2346 3538 revolu-

1292 3561 1340 3589 to,
1356 3550 1469 3590 quierit
1488 3549 1576 3579 Anno
1599 3548 1723 3578 Domini
1744 3547 1897 3578 Millesimo
1917 3546 2203 3586 Qadringentefimo
2221 3546 2347 3582 Qiarto—

1292 3591 1422 3626 decimo,
1440 3588 1488 3618 sub
1502 3587 1580 3618 certa
1591 3586 1702 3624 forma,
1720 3587 1747 3616 in
1761 3586 1865 3616 eisdem
1880 3585 2001 3625 Treugis
2022 3585 2173 3622 contenta,
2192 3584 2283 3620 initae,
2303 3583 2344 3626 fa-

1293 3630 1365 3666 dtae,
1383 3626 1527 3666 promiffae
1542 3627 1593 3655 sint
1614 3626 1647 3655 &
1662 3626 1862 3662 concordatae,
1880 3625 1948 3654 ficut
1966 3633 2014 3662 per
2038 3623 2141 3653 Literas
2160 3622 2287 3652 Parentes
2301 3631 2343 3658 ip-

1291 3669 1384 3698 sorum
1404 3664 1642 3695 Ambaffiatorum
1657 3663 1800 3700 Franciae,
1816 3673 1899 3702 penes
1911 3672 1962 3693 nos
1974 3662 2118 3696 residentes
2138 3662 2265 3702 (quarum
2280 3658 2342 3690 Te=

1292 3714 1392 3736 norem
1408 3703 1488 3735 vobis
1503 3702 1642 3733 mittimus
1653 3702 1830 3740 praesentibus
1845 3703 1997 3736 annexum)
2014 3700 2124 3738 plenius
2137 3705 2240 3735 peterit
2257 3706 2342 3735 appa-

1288 3754 1364 3781 rere,
2339 3778 2344 3780 ἡ

1328 3782 1365 3812 Et
1380 3781 1443 3819 quia
1455 3779 1583 3818 Treugas
1595 3778 1740 3819 praedfflas
1752 3778 1785 3809 ad
1799 3777 1942 3808 Notitiam
1957 3778 2088 3809 omnium
2103 3774 2136 3805 ὃς
2157 3772 2344 3814 fingulorum,

1289 3828 1411 3862 quorum
1426 3817 1555 3856 interest,
1575 3819 1603 3848 in
1619 3818 1740 3856 partibus
1752 3817 1908 3855 praedietis,
1928 3815 2030 3845 deduci
2045 3812 2201 3848 Volumus,
2270 3850 2276 3855 ⁵

1327 3859 1419 3889 Vobis
1442 3855 1612 3886 Mandamus
1630 3856 1725 3895 quod,
1752 3854 1811 3885 viso
1831 3863 1928 3885 tenore
1949 3852 2103 3895 praedifio,
2123 3849 2249 3892 Treugas
2268 3849 2342 3893 illas,

1291 3900 1319 3928 in
1336 3895 1448 3932 singulis
1472 3894 1560 3926 Locis
1575 3893 1706 3925 Ducatfis
1719 3894 1862 3933 praediffl,
1880 3893 1929 3921 ubi
1947 3899 2031 3928 magis
2045 3887 2192 3931 expediens
2204 3888 2290 3932 fuerit
2304 3890 2338 3919 &

1291 3934 1415 3971 necesse,
1434 3932 1553 3963 Publice
1564 3932 1735 3964 Proclamari
1747 3933 1780 3962 &
1794 3931 1827 3961 N
1829 3930 1943 3961 otificari
1952 3951 1961 3965 ,
1979 3937 2011 3971 ac
2024 3937 2066 3956 eas
2079 3926 2234 3956 firmiter&
2249 3936 2342 3957 invio·

1292 3975 1407 4005 labiliter
1420 3970 1571 4000 Observari
1593 3973 1626 4002 ὃ(
1641 3971 1746 4002 Teneri
1762 3970 1881 4005 faciatis,
1898 3975 1982 4006 prout
1998 3974 2075 4004 Juxta
2091 3965 2214 3995 formam
2229 3974 2339 3996 earum-

1290 4014 1355 4044 dem
1369 4010 1451 4044 fuerit
1460 4009 1631 4040 faciendum¹
1944 4042 1949 4047 ,
2015 4042 2019 4046 ,
2152 4041 2167 4047 ..

1328 4048 1417 4082 Teste
1434 4046 1517 4088 Rege
1527 4047 1601 4087 apud
1617 4044 1888 4088 Wstmonasterium,
1907 4050 1977 4074 xxix.
1993 4040 2038 4086 die
2047 4039 2177 4079 Januarii.

1764 4119 1777 4142 Ῐ
1954 4082 2008 4113 Per
2026 4078 2108 4122 ipfim}
2125 4081 2229 4120 Regem.

1798 4129 1811 4140 Ἰ

1763 4143 1777 4153 ἢ
1799 4141 1812 4159 ἲν

2301 4118 2345 4150 De
