2562 4274
0 243 71 276 Ann.
86 242 127 274 D.

17 291 100 322 1419.

0 327 59 349 Her}-
79 329 106 356 5.

0 438 28 461 tr.
45 436 72 467 ς’.
84 415 91 422 ’

0 471 58 499 thid.

0 519 29 537 m.
45 508 89 544 78.

5 1041 25 1062 ¹*
43 1042 97 1069 IX.

6 1080 69 1115 728.

7 1370 84 1401 Ann.
97 1368 138 1399 D.

28 1417 111 1446 1419.

7 1452 58 1475 Au.
78 1457 102 1480 7.

23 1506 95 1551 ilias

25 2238 104 2270 Arm.
118 2235 159 2267 D.

56 2285 142 2317 1419.

28 2321 82 2347 An.
98 2325 125 2352 7-

29 2361 64 2385 H.
83 2364 112 2391 5.

28 2395 94 2422 ibid.
110 2402 146 2420 m·

29 2432 77 2460 80.
90 2432 147 2459 dor.

50 3694 68 3711 ³*
92 3693 145 3721 IX.

48 3741 125 3799 2²33.
135 3768 176 3799 D.

68 3816 154 3847 1419.
190 3823 197 3827 -

46 3850 100 3874 An.
119 3856 146 3881 7.

48 3888 82 3912 H.
99 3893 128 3919 5.

47 3926 106 3950 Par.

48 3965 138 3987 Norm.
153 3970 180 3997 7.

48 4003 81 4025 H.
108 3997 220 4037 5.pL

50 4043 76 4064 1.
90 4038 180 4073 m.69.

669 127 782 168 ET
866 126 1134 168 ACTA
1218 123 1701 165 PUBLICA.

373 298 422 329 De
445 295 564 342 Capella
581 295 685 328 Sanfli
700 294 844 327 Nicholai
864 297 962 328 Data.

140 382 273 446 REX
299 386 326 412 V
328 384 452 411 icecomiti
465 380 549 420 nostro
564 381 722 417 d’Eureux,
741 379 874 409 Salutem.

239 421 328 458 Tibi,
345 420 464 450 Tenore
481 420 677 454 Fraesentium,
697 417 882 457 significamus
897 417 977 456 quod
997 417 1109 448 alteram
1122 417 1196 448 Por-

141 462 248 490 tionem
267 459 435 496 Capelianiae
449 458 544 488 Sinffl
560 457 714 494 Nicholai,
734 459 760 486 iti
777 456 860 486 Loco
877 457 922 487 seu
938 456 1039 486 Placea
1054 458 1083 486 in
1096 456 1196 494 quibus

141 498 275 529 Castrum
296 499 323 527 in
345 496 469 526 Civitate
489 495 585 525 nostra
599 494 763 525 Ebroiccnii
785 494 974 525 aedificabatur
991 495 1124 524 Fundatae
1149 504 1197 530 per

142 536 274 567 Mortem
293 534 422 573 Magistri
440 533 563 563 Nicholal
571 535 669 562 Franci
684 542 846 570 vacantem,
864 543 893 564 ut
906 534 1027 572 dicitur,
1045 533 1077 568 δε
1092 533 1124 562 ad
1145 543 1198 561 no-

143 574 226 605 stram
251 574 446 603 Donationem
472 577 555 609 psseno
574 581 634 609 jure
657 570 826 608 spectantem
841 595 850 609 ,
875 571 993 601 Dilecto
1016 572 1097 601 nobis
1118 573 1198 600 Lau-

140 620 225 642 rento
241 611 395 649 Bachalary
412 610 583 647 Capeliano,
602 618 669 638 cum
688 611 738 639 suis
755 609 869 648 Juribus
887 610 919 640 ὃς
942 609 1116 639 Pei-tinentiis
1137 610 1199 645 qui-

138 652 331 688 buicumque,
349 648 532 678 Conserimus
549 648 580 677 ὃς
600 647 769 684 Donamusq
788 648 948 677 manlantes
964 656 993 677 ut
1014 647 1105 685 ipsum
1119 649 1199 675 Lau-

142 693 257 718 rentium
273 691 301 718 in
316 687 504 724 Corporalem
526 684 730 716 Poflei'fionem
747 686 887 716 Portionis
904 685 1047 722 praedietae
1064 694 1149 722 ponas
1165 685 1199 715 &

141 728 274 763 inducas,
293 726 336 755 seu
358 725 424 760 poni
444 724 477 754 ὅ(
499 724 595 754 induci
617 725 715 754 facias:
743 734 775 754 ac
790 725 879 762 ipsum
896 724 1061 761 Frugibus,
1079 722 1200 752 Obven-

144 765 284 802 tionibus‚
303 765 336 793 &
358 761 566 792 Emolumentis
580 786 588 799 7
616 762 649 792 ad
665 762 782 792 eandem
805 762 991 800 spectantibus
1003 784 1012 799 ,
1028 763 1068 792 uti
1085 761 1118 790 &
1133 770 1199 799 gau·

144 804 209 870 deie
224 802 444 869 permittagccum
460 801 710 838 Solempnitatibus
725 800 784 831 fieri
802 801 950 830 coniuetis.

195 851 212 869 n
228 849 323 878 cujus,
378 848 404 868 c.

182 878 271 909 Teste
284 878 368 916 Rege
381 876 454 914 apud
469 876 592 916 castrum
598 876 678 915 fimm
691 876 723 905 de
735 878 840 906 Vernon
855 876 975 914 septimo
990 874 1036 905 die
1051 874 1164 912 Aprilis.

828 953 881 980 Per
896 949 976 990 ipficm
993 953 1099 989 Regem.

183 1034 202 1053 *ὲ
224 1031 394 1063 Confimiles
416 1030 522 1062 Literas
538 1052 547 1067 ,
565 1028 599 1059 ad
618 1033 764 1060 cantorem
781 1028 817 1064 «ἐν
833 1027 982 1067 Capitulum
998 1027 1130 1057 Ecclesiae
1146 1027 1203 1057 Ca-

145 1071 274 1103 thedralis
291 1069 536 1106 Constanciensis,
555 1068 626 1099 Sele
645 1078 777 1106 vacante,
797 1068 935 1104 directas,
955 1065 1205 1103 liabetReginala'us

146 1111 178 1140 de
200 1112 298 1150 Griney
316 1108 442 1138 Clericus
459 1117 510 1144 pro
527 1106 640 1143 Cipe*11
661 1107 705 1136 seu
728 1106 889 1143 Capelania
906 1106 1003 1134 Sanc‘ti
1018 1105 1143 1147 *Martini
1158 1104 1206 1146 des

149 1149 254 1179 Preaux
269 1148 300 1177 in
317 1146 454 1177 Parochia
471 1147 558 1175 beatae
578 1144 680 1175 Mariae
691 1145 727 1174 de
742 1144 800 1174 Bris
814 1144 1041 1174 Constancieulis
1055 1143 1205 1172 Dioecelis.

203 1270 251 1301 De
267 1268 361 1301 Salvo
379 1268 530 1302 Condueru
543 1281 596 1316 pro
617 1266 881 1312 Ambnffiaroribus
899 1271 1009 1314 Regina:
1030 1266 1150 1299 cecilia.

157 1359 213 1414 R
224 1357 300 1425 Eg<
321 1358 455 1403 universis
469 1359 502 1389 δε
520 1358 627 1398 lingulis
645 1357 820 1396 Capitaneis,
837 1358 897 1389 &c.
919 1356 1051 1387 Salutem.

276 1405 353 1425 Clatls
369 1397 448 1434 quod
458 1419 467 1433 ‚

192 1433 238 1464 Ad
255 1433 431 1472 Instantiam,
451 1434 670 1465 Prceclarisfimae
684 1433 823 1464 Dominae
839 1457 849 1472 ,
869 1433 1007 1464 Dominae
1024 1431 1126 1461 Yolaud
1137 1434 1215 1469 Regi-

156 1483 198 1501 nae
215 1471 318 1501 cecilia>
334 1472 371 1507 ὠ
386 1472 542 1512 Jerusalem
553 1497 562 1511 ,

193 1511 371 1547 Suscepimus
386 1512 467 1541 Duos
480 1513 515 1540 de
533 1510 782 1541 Ambassiatoribus
797 1511 829 1541 ὃς
847 1509 974 1539 Nunciis
988 1509 1038 1538 suis
1053 1532 1062 1547 ,
1081 1518 1152 1546 quos
1166 1518 1210 1545 pe-

155 1558 204 1578 nes
218 1548 305 1585 Nos,
322 1551 405 1579 certis
420 1550 456 1578 de
472 1549 585 1586 Cauiis,
604 1549 712 1578 duxerit
726 1548 902 1578 destinandos
927 1549 1064 1585 (quorum
1080 1556 1150 1577 unus
1165 1547 1215 1576 erit

156 1586 263 1624 Miles,
281 1587 314 1616 ὅ(
334 1587 401 1618 alter
419 1587 558 1623 Clericus)
582 1597 650 1616 cum
670 1587 785 1617 Decem
806 1587 839 1617 &
865 1585 945 1616 Οέῒο
964 1585 1090 1615 Personis
1110 1586 1137 1614 in
1153 1583 1216 1614 Co-

157 1625 256 1654 mitiva
284 1624 328 1654 sua
343 1648 352 1663 ,
378 1635 410 1655 ac
425 1625 513 1663 Equis
527 1647 537 1663 ,
557 1625 658 1663 Bonis,
680 1625 787 1661 Libris,
811 1625 926 1662 Literis,
945 1625 976 1654 ὃς
991 1624 1134 1653 l-lerneiiis
1148 1623 1217 1660 suis,

158 1661 318 1698 veniendo,
337 1663 442 1693 ibidem
464 1663 602 1693 morando
624 1663 656 1693 ὃς
673 1662 916 1700 perliendinandO,
935 1664 967 1693 δε
983 1663 1084 1692 exinde
1100 1661 1134 1691 ad
1152 1671 1217 1699 pro-

158 1702 219 1739 pria
242 1700 402 1739 redeundo,
420 1712 448 1730 iri
470 1702 574 1731 salvum
598 1701 630 1732 &
652 1702 780 1731 securum
805 1701 993 1731 Conductum
1017 1699 1165 1737 nostrum,
1185 1709 1217 1729 ac

161 1741 191 1769 in
211 1738 445 1777 Proteetionem‚
460 1740 630 1769 Tuitionem
641 1763 649 1777 ,
667 1741 701 1770 &
717 1740 921 1769 Defensionem
938 1739 1044 1768 nostras
1061 1739 1204 1775 speciales,

201 1776 237 1806 Et
261 1777 326 1806 ideo
343 1800 353 1815 ,
379 1778 438 1808 &c.
467 1788 526 1807 non
549 1778 721 1815 inferentes,
745 1780 805 1808 &o
832 1778 864 1807 &
892 1777 909 1806 fi
926 1777 1009 1814 quid,
1025 1778 1086 1807 δίε.
1105 1776 1222 1813 proviso

164 1815 379 1883 semper-&quod
397 1816 445 1853 ipsi
470 1817 621 1854 quicquam
637 1838 646 1854 ,
670 1816 729 1846 &c.
747 1816 882 1853 quodque
902 1816 951 1852 ipsi
976 1814 1085 1845 nullum
1106 1813 1223 1845 Castro-

166 1863 228 1884 rum
303 1862 328 1882 c.

201 1876 342 1929 ln³cujus,
360 1893 420 1923 &c.
440 1901 488 1929 per
506 1901 595 1922 unum
612 1890 745 1923 Mensem
763 1893 895 1930 proximo
912 1891 1038 1922 futurum
1055 1890 1204 1921 duraturas.

200 1929 287 1960 Teste
302 1929 384 1968 Rege
400 1930 472 1969 apud
492 1930 614 1970 Castrum
621 1931 784 1968 praedidi‘um
801 1932 915 1961 decimo
931 1932 976 1960 die
994 1930 1103 1969 Aprilis.

857 2008 910 2037 Per
925 2005 1008 2046 ipsum
1020 2008 1124 2043 Regem.

465 2132 514 2164 De
536 2130 773 2163 Proclamatione
785 2127 941 2175 facienda.

172 2214 313 2272 REX,
332 2213 446 2246 Ballivo
455 2214 506 2256 fico
522 2217 555 2247 de
569 2220 682 2254 Rouen,
702 2216 747 2247 vel
762 2217 820 2254 ejus
836 2214 1057 2246 Locumtenenti
1069 2236 1078 2251 ‚
1095 2213 1228 2244 Salutem.

265 2253 355 2284 Vobis
368 2276 377 2291 ,
402 2253 516 2284 firmiter
538 2255 714 2293 injungendo
726 2278 735 2293 ,
761 2254 931 2284 Mandamus
955 2253 1035 2290 quod
1049 2275 1059 2290 ,
1077 2253 1105 2282 in
1121 2253 1232 2290 singulis

178 2290 278 2329 Locis,
296 2292 367 2321 infra
388 2291 522 2322 Ballivam
539 2294 662 2325 vestram
678 2316 688 2332 ,
713 2294 761 2323 ubi
776 2294 862 2331 magis
874 2292 1020 2330 expediens
1035 2291 1118 2321 suerit
1133 2291 1166 2321 &
1181 2300 1232 2320 ne-

175 2329 268 2367 cesse,
287 2330 403 2368 publice
419 2340 452 2359 ex
468 2341 544 2368 parte
557 2332 650 2362 nostra
662 2332 829 2369 proclamari
844 2331 950 2361 faciatis
962 2353 972 2366 .,
1175 2346 1181 2356 -

211 2368 265 2398 Ne
289 2371 349 2406 quis
369 2368 512 2399 Soldarius
526 2393 535 2406 ,
554 2370 598 2400 seu
616 2370 700 2408 alius,
717 2371 746 2399 in
764 2369 886 2407 Castris,
905 2369 1005 2405 Villis,
1024 2368 1056 2398 &
1071 2366 1234 2406 Garnefiis,

174 2407 219 2438 vel
238 2406 327 2445 alibi,
350 2407 420 2437 infra
437 2407 544 2438 dietam
561 2407 692 2438 Ballivam
709 2408 846 2445 vestram,
861 2406 1008 2437 existentes
1023 2406 1235 2444 (cujuscumque

174 2444 268 2475 Status
279 2466 289 2482 ‚
315 2444 428 2475 Gradus
443 2469 452 2483 ,
478 2446 524 2477 seu
537 2446 719 2477 Conditionis
731 2446 826 2484 fuerit)
841 2446 931 2483 aliqua
948 2444 1105 2481 Viamata,
1125 2444 1170 2474 seu
1186 2445 1236 2474 ali-

173 2493 242 2521 quas
261 2482 450 2513 Pecuniarurn
473 2484 605 2515 Summas
624 2508 634 2523 ,
657 2485 692 2515 de
717 2485 854 2522 aliquibus
877 2484 971 2522 Ligeis
993 2482 1093 2512 nostris
1113 2482 1235 2520 JuratiS,

173 2520 277 2558 absque
294 2521 428 2559 prompta
441 2522 589 2553 Solutione
603 2532 655 2560 pro
668 2524 787 2560 eisdem,
804 2532 862 2560 prae
880 2522 1007 2552 manibus
1022 2520 1165 2558 facienda,

213 2558 283 2589 Nec
299 2558 413 2597 Equos,
431 2562 475 2590 seu
489 2561 644 2598 Animalia,
663 2562 806 2592 dietorum
822 2561 981 2597 Ligeorum
997 2558 1159 2589 nostrorum
1174 2581 1183 2596 ,
1201 2558 1236 2588 ad

176 2596 309 2667 1Cametas
321 2620 331 2636 ,
358 2597 481 2629 Carucas
497 2621 507 2637 ‚
531 2601 565 2631 &
580 2599 709 2640 Cariagia
726 2600 771 2630 sua
785 2599 967 2638 pertinentia,
985 2598 1042 2627 sine
1056 2607 1156 2627 eorum
1175 2597 1238 2627 Vo-

189 2644 298 2673 untate,

178 2675 271 2743 stAut
293 2683 485 2713 quaecumque
507 2675 609 2714 Blada,
634 2676 678 2706 seu
693 2676 807 2713 Gratia,
828 2674 995 2706 eorumdem
1011 2673 1164 2713 Ligeorum
1185 2683 1239 2704 no-

205 2722 318 2748 rorum,

216 2750 328 2789 Absque
354 2761 390 2780 eo
413 2752 490 2789 quod
511 2752 547 2782 de
564 2752 672 2796 speciali
687 2752 827 2782 Waranro
844 2751 943 2782 nostro
959 2751 1016 2780 hoc
1034 2750 1147 2787 fecerit,
1167 2760 1240 2787 quo-

178 2790 222 2820 vis
244 2789 361 2826 quaesito
381 2788 512 2828 Colore,
536 2799 626 2827 capiat
643 2814 653 2829 ,
674 2791 724 2821 sub
743 2791 835 2821 Poena
856 2789 1103 2828 Imprisonamenti
1121 2790 1155 2819 ὃς
1177 2788 1238 2818 Re-

179 2828 350 2865 demptionis
363 2827 397 2857 ad
415 2827 597 2859 Voluntatem
613 2829 753 2859 nostram:

217 2865 255 2910 Et
278 2866 335 2910 hoc
350 2888 360 2904 ‚
384 2866 454 2896 sicut
474 2865 543 2896 Nos
560 2867 593 2897 &
616 2867 771 2898 Honorem
791 2866 919 2897 nostrum
941 2866 1069 2905 diligitis,
1085 2865 1241 2895 nullatcnus

181 2911 324 2934 omittatis.

183 2940 408 3017 diglegessssege
426 2941 499 2981 apud
522 2942 643 2982 Castrum
661 2942 741 2983 ficum
760 2942 792 2972 de
809 2945 913 2973 Vernon
926 2943 1006 2980 super
1021 2942 1110 2981 Sayne
1123 2942 1240 2973 decimo

293 2990 305 3009 i·
326 2990 358 3010 is.

873 3021 926 3048 Per
939 3018 1020 3058 ipsum
1032 3021 1136 3055 Regem.

256 3092 421 3124 Confimiiia
434 3094 533 3127 Brevia
545 3095 702 3135 diriguntur
716 3095 827 3127 Ballivis
841 3094 1011 3132 subscriptis,
1029 3093 1160 3124 videlicet
1169 3118 1179 3131 ,

187 3169 299 3200 Ballivo
313 3169 346 3199 de
361 3173 451 3208 Cam,
469 3168 530 3204 &aa
732 3171 849 3202 Ballivo
865 3171 1024 3208 d'Eureux,
1042 3168 1104 3204 &a

185 3208 297 3239 Ballivo
308 3209 340 3237 de
354 3208 511 3248 Constantyn
545 3207 606 3243 αὐτ.
732 3209 847 3239 Ballivo
864 3211 895 3240 de
911 3214 1004 3246 Caux,
1025 3208 1084 3244 &a

186 3247 299 3277 Ballivo
311 3247 332 3276 d
335 3245 483 3283 ’Alcncon‚
537 3258 558 3276 c·
734 3247 848 3278 Ballivo
861 3248 894 3278 de
909 3247 1015 3288 Gisbrr,
1034 3246 1094 3282 (γε.

189 3323 318 3381 REX
344 3325 496 3367 Vjcecomih
511 3322 637 3366 af'Auge,
653 3322 785 3354 Salutem.
1226 3361 1230 3366 Ι

286 3361 468 3398 Praecipirnus
490 3361 561 3390 Tibi
575 3383 585 3398 ,
609 3360 724 3391 firmiter
747 3363 921 3399 injungentes
940 3385 949 3401 ,
976 3362 1056 3400 quod
1081 3362 1110 3390 in
1135 3360 1246 3399 lingulis

187 3400 273 3432 Locis
273 3422 290 3468 ἰ
299 3400 368 3430 infra
375 3398 614 3430 vicecomitatum
630 3407 709 3429 tuum
720 3398 798 3438 ,φα
815 3400 939 3438 utsupra
953 3423 962 3438 ,
976 3403 1088 3430 mutatis
1100 3400 1245 3429 mutandis.

191 3439 313 3508 A‘seiie
333 3434 417 3476 Rege
437 3436 513 3476 apud
525 3436 647 3476 castrum
663 3437 738 3476 ficum
759 3438 791 3467 de
806 3441 910 3468 Vernon
923 3440 1004 3477 super
1022 3439 1113 3477 Sayne
1131 3447 1179 3470 xv.
1197 3439 1244 3468 die

220 3487 262 3516 pri
282 3487 303 3507 s.

318 3551 485 3583 Consimilia
497 3551 597 3585 Brevia
608 3551 764 3591 diriguntur
777 3552 949 3592 subscriptis3
965 3552 1097 3584 videlicet
1107 3576 1117 3590 ,

226 3632 254 3659 V
254 3632 377 3658 icecomiti
392 3629 425 3658 de
439 3628 648 3659 Pontaudemer.

230 3670 257 3696 V
260 3671 385 3699 icecomiti
400 3667 514 3698 Dorbec.

348 3798 376 3824 'k
399 3803 448 3834 De
457 3801 547 3845 fhlvo
568 3799 721 3834 Condul'lu
735 3810 790 3846 pro
813 3800 896 3832 Duce
915 3800 1085 3833 Britanniae.

197 3880 344 3937 REX,
363 3884 494 3915 univerfis
514 3886 548 3916 &
569 3886 682 3923 fingulis
704 3884 828 3924 Alligatis
848 3883 950 3914 nostris
963 3907 973 3921 ,
998 3883 1179 3922 Capit-aneis,
1197 3883 1255 3914 Ca-

218 3958 222 3962 ,
266 3919 407 3964 ‚stellas-lis,
425 3923 459 3953 &
473 3932 572 3954 eorum
588 3925 669 3955 Loca
683 3924 861 3960 tenentibus,
878 3931 911 3952 ac
923 3922 983 3952 aliis
1000 3921 1173 3960 Officiariis,
1194 3922 1256 3952 Mi-

194 3956 286 4001 nistris
299 3981 308 3996 ,
324 3958 417 3996 Ligeis
432 3982 441 3996 ,
455 3960 603 4003 ,Fideiibus
615 3986 624 3999 ,
647 3964 680 3994 ὃς
694 3961 818 3994 Subditis
833 3960 951 3999 nostris,
968 3959 1003 3991 ad
1017 3970 1089 4000 quos
1105 3961 1257 3999 praesentes

223 4004 300 4025 iterae
317 4005 510 4035 pervenerint,
528 3999 660 4031 Salutem.

228 4037 298 4066 Tom.
322 4037 370 4064 IV.
390 4037 423 4064 P.
442 4037 500 4066 ΙΙΙ.

2206 138 2286 178 107

1264 207 1361 239 Sciatis
1397 209 1453 239 uod
2310 209 2384 241 Arm.
2397 208 2436 238 D.

1272 246 1350 275 Luni
1360 219 1618 285 ,quni'anguineus
1633 247 1726 277 noster
1737 246 1881 285 Johannes
1896 249 1965 276 Dux
1982 248 2137 277 Britannia>
2153 246 2238 285 usque
2251 247 2284 278 ad
2330 255 2417 285 1419.

1233 283 1412 314 Praeientiam
1432 285 1555 315 nostram
1570 309 1580 322 .,
1603 294 1655 322 pro
1677 289 1757 316 certis
1780 286 1875 315 Caufis
1894 287 1925 316 &
1944 285 2090 323 Mateiiis,
2116 285 2204 323 ipsum
2221 296 2284 316 mo-
2307 291 2370 314 Hen.
2389 294 2419 322 5.

1234 323 1382 360 ventibus,
1401 323 1547 366 &Nobis
1562 325 1589 353 in
1606 323 1739 354 Adventu
1755 323 1803 353 suo
1819 324 1987 354 declarandis
2002 346 2011 361 ,
2028 323 2164 354 accedere
2177 323 2286 354 deside-

1236 369 1275 389 ret
1287 382 1295 397 ,
1314 369 1344 390 ut
1357 371 1530 399 accepimus,

1273 397 1357 440 Nos,
1377 399 1410 429 ea
1428 399 1667 437 conlideratione,
1683 398 1849 436 suscepimus
1864 399 1951 437 ipsum
1969 399 2199 438 Ducem,usque
2208 398 2287 429 Prte-

1234 435 1348 465 sentiarti
1362 437 1488 467 nostrain
1503 437 1664 474 praediCtam
1674 459 1682 472 ,

1274 473 1352 504 Cum
1372 475 1512 506 Gentibus
1531 475 1600 513 suis,
1626 475 1674 503 sub
1688 474 1825 504 Numero
1839 475 2068 513 Qingentarum
2084 475 2266 506 Personarum
2277 497 2288 514 ‚

1238 513 1265 542 in
1284 512 1432 544 Coniitiva
1446 514 1507 550 sua,
1527 512 1707 550 equestrium
1727 513 1771 542 tel
1787 513 1961 543 Pedestdmr
1972 536 1981 551 ,
1996 523 2062 544 cum
2077 524 2176 544 eorum
2191 514 2215 544 E
2225 515 2289 552 iuis,

1238 551 1336 586 Auro,
1358 552 1485 590 Argento
1501 573 1509 588 ,
1528 551 1672 589 Jocalibus
1686 572 1695 588 ‚
1724 550 1815 580 Libris
1828 573 1837 589 ‚
1864 551 1961 581 Literis
1977 575 1985 588 ,
2010 551 2043 581 &
2064 551 2120 582 aliis
2138 552 2222 582 Bonis
2237 552 2290 582 suis

1239 587 1480 627 quibuscumque,

1269 626 1442 694 Xenigmdo,
1462 627 1567 658 ibidem
1585 625 1724 657 morando
1741 626 1774 658 ὃς
1789 625 2034 665 perhendinando,
2053 629 2087 659 &
2100 628 2201 659 abinde
2212 628 2292 659 salvo

1239 674 1268 694 re
1290 675 1342 694 eun
1363 675 1383 694 0

1278 688 1400 740 Absque>
1413 702 1552 740 Dampno
1571 703 1609 733 cis
1631 711 1680 739 Per
1707 701 1775 732 Nos
1790 724 1800 739 ,
1826 700 1935 732 Gentes
1950 725 1958 739 ‚
1977 702 2021 733 vel
2037 702 2172 740 Alligatos
2184 704 2295 734 nostros

1241 740 1389 778 faciendo,
1407 742 1453 772 vel
1469 741 1525 771 fieri
1542 741 1689 778 patiendo,
1706 740 1738 770 ὃς
1758 740 1860 776 absque
1876 739 2054 778 Impetitione
2069 741 2157 771 dinda
2175 743 2202 771 in
2216 740 2295 772 Cor-

1241 780 1357 815 poribus
1372 780 1427 809 iive
1442 778 1542 816 Bonis,
1562 788 1742 816 quacumqie
1761 778 1796 808 de
1816 776 1905 807 Causa
1921 779 1965 808 vel
1984 778 2143 809 Occasione
2159 781 2295 816 temporis

1242 818 1373 853 praeteriti
1385 840 1394 855 ‚
1418 817 1569 847 occasione
1583 816 1761 854 Treugarum
1772 838 1781 853 ,
1796 816 1839 845 vel
1858 816 2080 847 Promiffionurn
2098 818 2174 854 (quas
2190 818 2295 847 Homo

1241 857 1336 884 dicere
1360 856 1441 885 vellet
1463 855 1561 886 fraeras
1581 855 1673 890 fuisse)
1697 855 1740 883 vel
1764 854 1840 883 aliter
1853 878 1862 891 ,
1881 856 2122 892 qualitercumque
2135 856 2234 891 fuerit,
2252 854 2316 884 seu'

1242 903 1296 931 pro
1316 903 1494 932 quacumque
1515 893 1562 923 Re
1585 902 1649 930 quae
1667 893 1795 923 accidere
1817 892 1911 929 potest
1928 915 1938 930 ,
1961 894 2074 923 durante
2099 892 2198 932 Viagio
2212 916 2222 931 ‚
2246 902 2297 930 per

1243 932 1389 969 praefatum
1406 932 1521 962 Ducem
1537 931 1684 969 faciendo,

1281 970 1313 999 In
1334 970 1438 1000 salvum
1462 972 1495 1001 ὅ(
1514 970 1642 1000 securum
1663 968 1850 999 Condutstum
1872 967 2001 999 nostrum
2016 993 2024 1006 ,
2043 978 2075 999 ac
2090 969 2118 998 in
2133 969 2296 1000 Proteffio·

1244 1018 1311 1038 nem
1322 1032 1331 1047 ,
1349 1009 1537 1047 Tuistonem,
1556 1009 1588 1038 &
1606 1007 1810 1038 Defenliouem
1825 1006 1931 1037 nostras
1945 1007 2089 1046 speciales,

1280 1047 1316 1077 Et
1332 1048 1369 1076 eis
1384 1070 1393 1084 ‚
1419 1047 1539 1077 Terrore
1561 1046 1762 1084 Praesentium,
1779 1045 1856 1076 bona
1869 1045 1925 1076 fide
1940 1047 1973 1076 ὃς
1990 1047 2081 1077 verbo
2101 1046 2213 1083 Regio,
2229 1043 2302 1075 fide-

1246 1086 1302 1115 lem
1319 1085 1503 1115 Securitatem
1518 1085 1633 1121 damus,

1283 1123 1421 1153 Volumus
1443 1125 1526 1153 etiam
1547 1124 1579 1153 &
1601 1122 1798 1153 Concedimus
1821 1122 1898 1160 quod
1922 1120 2049 1152 Ducatus
2073 1122 2116 1152 seu
2137 1120 2228 1152 Patria
2242 1120 2306 1151 Bri-

1247 1163 1368 1198 tanniae,
1383 1163 1416 1192 &
1437 1161 1546 1191 Subditi
1569 1161 1649 1198 ipsius
1672 1160 1780 1198 Ducis,
1799 1162 1829 1190 in
1843 1160 1923 1190 dietis
1939 1160 2052 1191 Ducatu
2069 1162 2102 1191 ὃς
2115 1159 2203 1191 Patria
2219 1169 2303 1190 com-

1249 1209 1387 1229 morantes
1409 1199 1581 1236 (durantibus
1603 1198 1682 1228 dietis·
1704 1199 1803 1238 Viagio
1831 1200 1865 1230 &
1885 1199 1961 1229 salvo
1985 1199 2153 1235 Conductu)
2176 1197 2304 1228 aNobis

1251 1237 1409 1275 Gentibus,
1428 1237 1567 1274 StibditiS,
1586 1236 1750 1274 &Alligatis
1768 1236 1870 1266 nostris
1884 1237 2106 1274 quibuscumque
2121 1236 2224 1274 securi,
2241 1236 2304 1266 abs-

1252 1286 1307 1313 que
1330 1275 1384 1305 tilla
1410 1274 1612 1305 Molestriione
1627 1274 1765 1312 Guenae,
1784 1284 1980 1312 permaneant,
2000 1277 2017 1305 fi
2034 1275 2175 1306 Guertam
2191 1276 2304 1305 interim

1253 1323 1351 1344 contra
1365 1323 1416 1343 nos
1435 1324 1480 1344 aut
1497 1313 1608 1343 nostros
1625 1323 1684 1342 non
1705 1313 1822 1342 fecerint
1837 1312 1881 1341 seu
1898 1314 2025 1352 inierint,

1290 1352 1326 1381 Et
1342 1352 1406 1381 ideo
1429 1362 1479 1381 vos
1500 1352 1634 1389 Alligatos
1660 1350 1773 1380 nostros
1794 1351 1943 1387 praedictos
1966 1352 2147 1389 Requirimus
2162 1349 2307 1390 &Roga-

1255 1400 1317 1421 mus
1331 1415 1340 1427 ,
1367 1391 1502 1427 vobisque
1525 1389 1683 1424 Capitaneis
1700 1412 1708 1426 ,
1733 1388 1896 1418 Castellanis
1908 1412 1918 1425 ,
1945 1389 2094 1427 vestrisque
2110 1390 2308 1420 Locatenenti-

1255 1430 1325 1467 bus,
1343 1438 1375 1458 ac
1389 1429 1443 1458 aliis
1458 1429 1628 1465 Officiariis,
1650 1427 1804 1464 Ministris,
1825 1427 1935 1465 Ligus,
1955 1426 2112 1465 Fidelibus,
2136 1429 2168 1458 δε
2186 1428 2310 1458 Subditis

1255 1467 1354 1497 nostris
1368 1468 1508 1504 praedicis
1524 1467 1708 1503 praecipimus
1724 1466 1757 1496 &
1774 1465 1961 1503 Maudamus,
1981 1466 2057 1503 quod
2072 1466 2161 1503 ipsum
2175 1466 2310 1504 Ducem,

1257 1507 1340 1544 usque
1363 1507 1538 1535 lJI'ieiessliuiii
1559 1505 1683 1535 nostram
1708 1504 1872 1541 praedic‘tatii
1887 1525 1897 1541 ,
1918 1513 1986 1533 cum
2008 1503 2150 1534 Gentibus
2172 1505 2223 1534 suis
2238 1527 2246 1542 ,
2262 1504 2312 1534 sub

1257 1544 1391 1574 Numero
1407 1544 1636 1583 Qtiinger·arurr;
1652 1542 1836 1573 Personarum
1850 1543 1878 1571 in
1895 1540 2043 1573 Comitiva
2060 1542 2119 1579 sua,
2133 1542 2313 1580 Equestrium

1258 1583 1302 1612 vel
1321 1582 1514 1619 Pedestrium,
1534 1592 1600 1613 eim
1623 1591 1723 1612 eorum
1749 1580 1853 1618 Equis,
1873 1579 2030 1617 Hernefiis,
2048 1580 2145 1618 Auro,
2163 1583 2289 1618 Argento
2303 1602 2316 1618 ,

1254 1621 1414 1659 Jocalibus,
1435 1620 1546 1659 Libris,
1571 1620 1688 1657 Literis,
1704 1618 1835 1656 Catallis,
1854 1619 1886 1648 ὃ(
1901 1619 1957 1647 aliis
1972 1618 2056 1648 Bonis
2069 1620 2120 1648 suis
2137 1619 2318 1657 quibuscum-

1259 1670 1314 1697 que
1329 1683 1337 1697 ,
1363 1661 1525 1696 veniendo,
1552 1658 1660 1688 ibidem
1682 1658 1821 1687 morando
1841 1657 1875 1687 &c
1897 1656 2145 1696 perhendinandQ
2168 1659 2201 1689 &
2215 1657 2318 1687 abinde

1259 1699 1352 1736 salvo,
1371 1708 1400 1728 ut
1415 1699 1605 1736 praemittitur,
1623 1696 1785 1733 redeundo,

1298 1736 1413 1772 Absque
1434 1736 1573 1773 Dampno
1597 1737 1634 1765 eis
1658 1745 1705 1771 per
1732 1734 1801 1764 Nos
1815 1756 1826 1771 ,
1851 1733 1976 1770 Gentes,
1995 1733 2039 1763 vel
2057 1733 2191 1772 Alligatos
2206 1733 2320 1764 nostros

1261 1774 1409 1812 faciendo,
1426 1775 1470 1804 vel
1487 1775 1545 1804 fieri
1558 1774 1748 1813 patiend0,&
1765 1774 1866 1810 abique
1882 1772 2063 1809 impetitione
2076 1772 2167 1802 danda
2178 1795 2186 1809 ,
2203 1774 2230 1802 in
2241 1771 2319 1802 Cor-

1262 1814 1378 1851 poribus
1400 1813 1456 1843 sive
1476 1812 1579 1851 Bonis,
1603 1821 1780 1850 quacumque
1794 1810 1828 1840 de
1842 1810 1921 1840 causa
1936 1810 1981 1839 vel
1997 1810 2147 1840 occasione
2163 1811 2219 1840 Te:
2245 1812 2320 1848 poris

1262 1852 1394 1889 praeteriti
1411 1874 1420 1888 ‚
1445 1852 1596 1882 occasione
1619 1850 1803 1889 Treugarum
1828 1850 1871 1879 vel
1893 1848 2116 1878 Plomlffionum
2134 1850 2211 1886 (quas
2227 1851 2320 1879 homo

1262 1890 1356 1920 dicere
1381 1889 1463 1920 vellet
1488 1889 1588 1920 frncCtas
1608 1888 1700 1920 fuiffe)
1724 1888 1769 1918 vel
1789 1887 1882 1924 aliter,
1901 1886 2139 1924 qualitercumque
2156 1889 2255 1925 fuerit,
2274 1888 2320 1917 seu

1263 1938 1317 1966 pro
1333 1939 1513 1966 quacumque
1526 1928 1571 1958 Re
1587 1937 1650 1964 quae
1662 1926 1796 1957 accedere
1810 1925 1901 1964 potest
1916 1927 2031 1956 durante
2048 1925 2070 1955 V
2076 1927 2166 1964 iagio,
2184 1936 2233 1963 per
2247 1936 2321 1964 prae-

1264 1967 1353 1997 saturn
1371 1966 1487 1997 Ducem
1502 1967 1650 2003 faciendo,

1305 2004 1530 2042 Manuteneatis,
1550 2003 1721 2043 protegaris,
1738 2003 1770 2033 &
1788 2001 1957 2037 defendatis,

1302 2043 1377 2073 Non
1399 2043 1546 2073 inferentes
1568 2044 1607 2072 eis
1622 2065 1632 2081 ,
1654 2043 1698 2072 seu
1720 2049 1856 2079 quantum
1880 2042 1909 2069 in
1931 2039 2012 2069 vobis
2033 2039 2093 2075 est,
2108 2040 2144 2069 ab
2160 2039 2215 2070 aliis
2229 2039 2324 2070 inferri

1266 2083 1458 2120 permittentes
1472 2081 1606 2119 injuriam
1616 2103 1625 2119 ,
1645 2079 1811 2110 Molestiam
1824 2101 1834 2116 ,
1854 2077 2022 2115 Dampnum
2032 2101 2042 2116 ,
2054 2077 2227 2108 Violentiam
2236 2102 2246 2117 ,
2264 2078 2323 2108 Im-

1268 2120 1462 2158 pedimentum
1476 2119 1591 2157 aliquod
1601 2141 1611 2156 ,
1628 2118 1673 2149 seu
1688 2117 1872 2160 Gravamenl,
1895 2155 1900 2160 .

1303 2158 1359 2196 Et,
1379 2159 1398 2188 si
1416 2159 1483 2196 quid
1500 2159 1539 2190 eis
1553 2157 1727 2188 Forifacffmm
1747 2156 1803 2185 sive
1818 2154 1980 2192 anuriatum
1997 2154 2098 2193 fuerit,
2117 2153 2145 2184 id
2161 2154 2199 2184 eis
2212 2154 2268 2185 sine
2283 2154 2327 2185 di-

1269 2196 1372 2227 latione
1388 2197 1490 2226 faciatis
1503 2197 1607 2235 corrigi
1624 2196 1656 2226 &
1678 2194 1775 2224 debite
1791 2193 1951 2231 reformari,

1308 2234 1427 2265 Proviso
1444 2235 1551 2272 semper
1567 2233 1644 2272 quod
1655 2234 1723 2262 idem
1741 2235 1809 2262 Dux
1821 2232 1941 2269 aliquem
1958 2253 1968 2268 ,
1988 2231 2031 2260 vel
2049 2231 2173 2269 aliquos,
2193 2231 2228 2261 de
2243 2231 2327 2262 Gen-

1271 2273 1345 2304 tibus
1361 2274 1411 2303 suis
1427 2273 1567 2310 praedietis
1578 2295 1588 2310 ,
1604 2273 1638 2302 ad
1654 2269 1897 2308 praemuniendum
1915 2267 2085 2306 capitaneos
2100 2270 2212 2299 nostros
2228 2270 2328 2301 Loco-

1272 2321 1355 2350 rum,
1372 2311 1406 2341 ad
1428 2321 1492 2349 quae
1511 2311 1601 2350 ipsum
1625 2310 1722 2340 venire
1743 2310 1776 2340 ὃς
1800 2308 1938 2338 declinare
1954 2309 2126 2347 contigerit,
2143 2309 2179 2338 de
2193 2308 2329 2340 Adventu

1273 2350 1322 2380 suo
1336 2350 1370 2380 ad
1383 2350 1479 2380 eadem
1494 2349 1575 2380 Loca
1590 2349 1739 2385 praemittat
1753 2346 1942 2384 omnimodo,

1311 2388 1459 2456 Qodque
1472 2388 1579 2417 Gentes
1596 2396 1640 2416 aut
1653 2385 1783 2416 Person‘e
1799 2384 1941 2422 praedietae
1956 2384 2124 2422 quicquam,
2142 2384 2220 2420 quod
2235 2385 2263 2414 in
2277 2395 2331 2416 no—

1275 2426 1323 2457 stri
1369 2436 1551 2464 ontemptum
1565 2425 1609 2456 vel
1626 2424 1839 2462 praejudicium,
1855 2432 1900 2453 aut
1921 2422 2025 2460 Populi
2040 2421 2126 2452 nostri
2141 2421 2331 2462 Dumpnum,

1273 2465 1426 2503 aliqualiter
1443 2466 1544 2495 cedere
1559 2463 1646 2495 valeat
1663 2487 1672 2499 ,
1694 2473 1755 2492 non
1777 2470 1960 2499 attemptent,
1981 2469 2032 2490 nec
2048 2461 2150 2492 faciant
2167 2462 2334 2499 quomodo-

1274 2504 1343 2533 libet
1361 2504 1534 2541 attemptari,

1313 2541 1354 2572 Ita
1373 2552 1467 2573 tamen
1487 2540 1583 2579 quod,
1601 2539 1620 2569 fi
1635 2539 1781 2576 contingat
1796 2538 1918 2575 aliquem
1933 2536 2117 2566 Personarum
2134 2537 2334 2575 praedierarum

1277 2580 1378 2618 aliquid
1392 2603 1402 2618 ,
1427 2581 1506 2618 quod
1530 2580 1560 2609 in
1583 2578 1671 2608 nostri
1691 2576 1900 2613 Contemptum
1916 2575 1960 2605 vel
1980 2575 2196 2613 Praejudicium,
2213 2585 2259 2606 aut
2274 2576 2334 2607 Po-

1278 2620 1333 2656 puli
1348 2618 1437 2649 nostri
1446 2618 1629 2656 Dampnurn,
1648 2615 1746 2646 cedere
1759 2615 1861 2652 valeat,
1876 2621 2040 2650 attemptare
2056 2614 2100 2643 vel
2116 2613 2206 2643 facete
2216 2623 2337 2652 attemp-

1277 2659 1341 2694 tari,
1356 2658 1430 2695 ipse,
1450 2657 1488 2686 sic
1508 2665 1673 2693 attemptans
1686 2679 1695 2690 ,
1720 2653 1765 2684 seu
1791 2653 1951 2691 attemptari
1965 2652 2086 2690 faciens,
2106 2662 2153 2689 per
2167 2653 2214 2682 has
2231 2653 2337 2684 Literas

1278 2696 1384 2726 nostras
1408 2697 1443 2725 de
1465 2694 1540 2724 salvo
1565 2692 1723 2723 Condusm
1747 2692 1762 2721 a
1778 2691 1868 2721 Poena
1885 2700 1944 2720 non
1960 2690 2121 2727 excusetur,
2139 2691 2184 2732 sed
2200 2691 2337 2730 subjaceat

1278 2736 1311 2766 ὅ(
1329 2743 1452 2764 teneatur
1465 2733 1565 2763 Poenis
1582 2733 1611 2761 in
1627 2741 1657 2761 ea
1673 2739 1749 2770 parte
1760 2730 1858 2760 debitis
1872 2729 1905 2760 &
1918 2729 2082 2767 condignis,
2103 2730 2163 2766 ipiis
2178 2738 2270 2760 tamen
2288 2732 2338 2760 Li-

1279 2774 1343 2804 teris
1366 2772 1469 2802 nostris
1487 2772 1522 2801 de
1536 2771 1612 2802 salvo
1626 2769 1785 2800 Conduelu
1799 2768 1935 2798 omnibus
1949 2768 2004 2797 aliis
2019 2766 2146 2798 Personis
2162 2767 2340 2810 supradietis,

1280 2822 1339 2842 non
1360 2809 1589 2848 attemptantibus
1604 2832 1614 2847 ,
1642 2817 1697 2837 nec
1713 2807 1870 2846 attemptari
1888 2806 2071 2843 facientibus,
2090 2805 2211 2835 valituris
2225 2808 2256 2836 ὃς
2272 2819 2339 2846 pro-

1279 2850 1367 2881 fituris
1382 2872 1392 2887 2
1414 2859 1447 2879 ac
1474 2849 1503 2878 in
1523 2848 1573 2878 suis
1595 2848 1700 2878 robore
1721 2846 1754 2876 ὃς
1775 2844 1906 2875 firmitate
1933 2844 2070 2874 duraturis
2087 2844 2120 2874 &
2141 2847 2338 2886 permansuris,

1316 2891 1334 2906 ¹*
1357 2887 1535 2925 Attemptato
1548 2885 1592 2915 seu
1610 2884 1788 2921 Attemptatis
1803 2882 1961 2921 hujusmodi
1976 2891 2036 2912 non
2051 2881 2234 2913 obstantibus.
2375 2879 2391 2895 ⁴
2413 2879 2466 2907 IX·

1316 2926 1350 2963 ln
1365 2936 1460 2963 cutm,
1475 2926 1535 2955 δίε.
1554 2923 1638 2959 usque
1654 2923 1709 2951 xvi.
1730 2921 1800 2950 Maii
1817 2922 1949 2958 proximo
1965 2920 2092 2950 futurum
2106 2921 2256 2952 duraturas.
2359 2926 2424 2953 730·

1318 2963 1512 3032 TgsteAIZepe
1531 2963 1604 3000 apud
1624 2960 1747 3000 Castrum
1758 2961 1838 2998 suum
1860 2959 1892 2989 de
1907 2962 2011 2989 Vernon
2026 2958 2105 2996 supra
2119 2958 2210 2999 Sayne
2224 2960 2339 2991 undeci-

1281 3013 1332 3034 mo
1364 3012 1390 3032 ie
1435 3012 1475 3040 pri
1488 3011 1519 3031 is.

1966 3076 2019 3103 Per
2035 3072 2116 3118 ipsum
2131 3077 2235 3112 Regem.

1412 3219 1460 3250 De
1474 3214 1658 3249 admittendo
1675 3213 1718 3246 ad
1735 3216 1877 3246 Gratiam
1898 3216 1929 3246 in
1949 3216 2043 3247 Curia
2065 3217 2212 3248 Romana.

1288 3309 1422 3368 REX,
1440 3308 1601 3339 Venerabili
1619 3309 1646 3337 in
1665 3306 1783 3337 Christo
1801 3306 1898 3344 Patri,
1915 3306 1951 3343 J.
1973 3306 2071 3337 eidem
2090 3307 2199 3346 gratia,
2217 3306 2342 3347 Epfiapo
2364 3301 2489 3332 Anu-D·

1365 3347 1540 3387 Coventrenfi
1552 3345 1589 3381 (ἶν’
1607 3345 1768 3385 Lichftlden
1779 3356 1806 3382 ι,
1823 3356 1855 3375 ac
1866 3368 1875 3383 ,
1893 3345 1998 3374 dileeto
2023 3345 2141 3376 Clerico
2160 3346 2230 3385 suo,
2248 3346 2342 3385 Magi·
2384 3350 2468 3380 1419·

1285 3388 1344 3418 stro
1363 3388 1468 3417 Thomae
1486 3385 1581 3415 Polton
1597 3384 1719 3415 Decano
1737 3384 1762 3414 E
1786 3384 1928 3422 orzicensi2
1946 3383 2081 3414 Salutem.
2359 3384 2409 3408 Aa.
2426 3389 2454 3414 7.

1323 3427 1420 3456 Sciatis
1434 3423 1511 3463 quod
1532 3423 1618 3460 Nos,
2361 3422 2396 3444 H.
2416 3426 2443 3452 5.

1322 3464 1371 3494 De
1394 3463 1537 3493 Fidelitate
1551 3484 1560 3500 ‚
1577 3460 1842 3499 Circumspectione
1860 3484 1868 3498 ,
1889 3461 1922 3491 &
1944 3458 2080 3491 Industria
2109 3460 2207 3493 vestris
2235 3461 2343 3500 plenius
2362 3460 2418 3483 ΡΜ-

1288 3502 1477 3539 confidentes,
2364 3499 2452 3521 Norm.
2467 3501 2495 3528 1-

1328 3540 1469 3571 Dedimus
1485 3538 1567 3569 vobis
1578 3561 1586 3574 ,
1605 3547 1637 3568 ac
1653 3537 1762 3575 plenam
1773 3561 1783 3574 ,
1801 3537 1918 3566 Tenore
1933 3534 2117 3567 Praesentium
2128 3561 2137 3574 ,
2157 3536 2265 3567 Damus
2286 3536 2346 3567 Po·
2365 3537 2398 3560 H·
2409 3537 2497 3567 ›tp-¹·

1288 3580 1416 3610 testatem
1434 3579 1467 3608 δε
1486 3577 1711 3613 Auctoritatem,
1729 3575 1762 3605 ad
1777 3584 1880 3605 omnes
1899 3576 1932 3605 ἂ
1949 3574 2072 3612 iingulos
2083 3575 2344 3610 Normannos(cu-
2369 3567 2495 3604 ’ΛΨ-ὅτ

1286 3618 1452 3657 juscumque
1477 3615 1581 3644 fuerint
1601 3613 1695 3643 Status
1717 3614 1761 3643 seu
1788 3612 1982 3651 Conditionis)
2009 3614 2037 3642 in
2056 3612 2141 3643 Curia
2161 3613 2290 3642 Romana
2308 3612 2345 3643 de

1289 3656 1413 3694 praesenti
1434 3653 1586 3689 degentes,
1604 3653 1636 3682 ὃ(
1655 3652 1704 3682 sub
1725 3651 1780 3681 side
1795 3653 1828 3682 δε
1851 3651 1996 3690 Ligeantia
2014 3652 2113 3681 nostris
2127 3652 2228 3680 morari
2244 3651 2345 3683 volen-

1290 3703 1330 3725 tes
1364 3693 1398 3722 ad
1418 3690 1547 3721 Gratiam
1562 3690 1687 3720 nostram
1703 3689 1914 3728 Recipieudum
1927 3690 1960 3720 &
1979 3689 2197 3720 Admittendum
2208 3713 2216 3725 ‚

1329 3716 1365 3762 lit
1384 3730 1472 3768 ipsos,
1490 3729 1523 3760 &
1547 3738 1647 3759 eorum
1673 3729 1847 3766 quemlibet,
1866 3729 1946 3764 super
1972 3727 2155 3769 Sacramento
2180 3726 2246 3764 suo,
2265 3727 2347 3758 nobis

1293 3772 1321 3801 in
1345 3770 1398 3800 hac
1424 3778 1502 3806 parte
1522 3767 1639 3804 debito,
1665 3766 1780 3798 firmiter
1798 3765 1985 3796 onerandum
2008 3764 2160 3803 (videlicet)
2182 3765 2263 3806 quod
2281 3766 2350 3804 ipsi,

1295 3810 1329 3840 ὃς
1347 3816 1448 3837 eorum
1466 3805 1584 3843 quilibet
1595 3828 1604 3843 ,
1623 3804 1722 3835 Nobis
1733 3829 1743 3842 ,
1761 3805 1793 3835 δε
1814 3803 2002 3840 l-laeredibus,
2019 3811 2051 3832 ac
2069 3801 2278 3833 Succeiloribus
2295 3814 2350 3834 no-

1295 3847 1375 3882 stris,
1395 3844 1520 3882 Fideles,
1540 3844 1640 3883 Ligei‚
1654 3845 1688 3875 &
1714 3842 1826 3873 Subditi
1847 3849 1945 3878 erunt,
1961 3841 1993 3870 &
2019 3841 2089 3881 erit,
2109 3840 2143 3870 &
2168 3842 2195 3869 in
2215 3843 2352 3873 omnibus

1297 3887 1329 3916 &
1357 3893 1405 3923 per
1421 3884 1537 3921 omnia,
1556 3891 1640 3920 prout
1658 3882 1718 3913 veri
1738 3881 1821 3917 Ligei
1845 3878 1979 3908 Dominis
2002 3877 2052 3908 suis
2071 3878 2217 3916 Supremis
2237 3879 2273 3910 de
2288 3881 2352 3918 jure

1296 3932 1444 3958 tenentur,
1462 3929 1642 3959 permaneant
1658 3921 1863 3957 imperpetuum
1874 3939 1882 3953 ,
2003 3954 2008 3959 ·
2026 3954 2030 3959 Ι

1337 3959 1483 3989 Omnibus
1502 3959 1617 3997 quidem
1637 3957 1836 3991 sacramentis,
1856 3954 1892 3983 sic
1919 3952 2062 3991 praestum,
2081 3964 2115 3984 ac
2142 3954 2198 3985 aliis
2220 3955 2356 3988 Circum-

1301 3998 1422 4036 statiuis,
1440 3999 1470 4027 in
1488 4008 1520 4028 ea
1539 4005 1615 4036 parte
1632 3995 1786 4026 necessariis
1804 3994 1836 4024 ὅ(
1862 3993 2027 4030 οΡοῐῑυηίε,
2043 4002 2144 4023 eorum
2172 3993 2284 4033 singulis
2306 3994 2357 4024 Li-

1792 4030 1823 4060 Ο
1844 4040 1862 4060 2
2287 4040 2359 4064 teras
