2562 4274
37 220 115 252 Arm.
129 217 171 248 D.

61 265 146 297 1423.

49 308 111 335 Heu.
129 297 145 323 6

69 1471 198 1504 Ann-D.

91 1521 175 1552 1423.

65 1555 119 1580 Aa.
143 1561 165 1578 1.

66 1596 103 1618 H.
117 1591 145 1617 6.

70 1633 107 1655 Ex
126 1630 182 1656 Au-

64 1674 132 1704 ugr.

72 2167 210 2207 ‘X-299.

186 143 244 193 98

187 237 228 259 tra
260 227 411 258 Libertates
430 226 463 257 &
486 224 633 262 Privilegia
654 221 789 262 praedicsta
805 243 814 257 ,
839 217 1018 250 diversmode
1043 214 1199 253 Impeditus
1222 213 1256 244 &

191 267 332 303 Vexatus,
350 276 382 296 ac
405 265 438 294 ad
460 262 626 293 solvendum
648 262 714 292 tales
736 259 890 290 Custumas
907 258 941 288 &
956 255 1168 293 Impositiones,
1183 252 1261 283 aliter

149 315 157 323 ·
191 307 281 344 quam
304 304 364 342 Ipse
382 304 426 334 seu
450 300 673 332 Praedeceffores
692 299 733 329 sui
745 297 891 338 praedicti,
910 293 1121 333 Archiepiscopi
1136 291 1261 328 ibidem,

191 346 286 377 facere
299 351 344 373 aut
360 351 424 372 ante
437 341 501 370 haec
513 349 642 376 tempora
658 338 763 369 solvere
776 336 994 371 consueverunt,
1011 331 1141 363 Coactus
1154 329 1263 367 existit,

192 383 228 415 ad
240 391 324 421 grave
338 379 535 418 praejudicium
547 377 623 416 Juris
637 376 773 408 Ecclesiae
785 374 869 404 dietae
882 373 938 404 suae
952 369 1175 410 Burdegaliae,&
1189 377 1263 399 con-

192 429 233 454 tra
247 421 420 452 Libertatem
437 418 471 449 &
483 417 699 447 lmmunitatem
714 413 837 452 eiusdem
846 435 857 451 ‚

233 459 343 495 Unde,
362 465 396 486 ex
422 464 499 493 parte
516 453 631 494 praefati
643 452 855 492 Archiepiscopi,
874 450 975 481 Nobis
991 448 1032 480 est
1043 446 1186 478 humiliter
1199 444 1264 484 sup-

194 498 333 567 pliffitum
347 495 397 526 sibi
411 495 447 526 de
463 494 610 526 Remedio
631 495 661 524 in
676 494 729 524 hac
742 501 819 532 parte
834 488 1001 528 providere,

270 545 302 565 os

235 558 372 604 Vole’ntes
389 572 470 610 quod
487 571 555 611 Jura
570 571 603 601 δε
621 570 777 600 Libertates
789 567 903 599 Sanctae
919 563 1054 596 Ecclefiae
1067 561 1179 593 cunffls
1190 568 1266 591 tem-

197 614 314 652 poribus
335 611 546 649 custodiantur,
564 611 615 648 ὃς,
634 617 771 648 quantum
786 609 814 637 in
832 606 915 636 nobis
926 604 985 643 est,
1002 603 1039 634 de
1051 601 1186 632 omnibus
1202 599 1267 640 Op-

197 650 384 692 preffionibus
393 649 571 681 Secularibus
609 648 805 684 raeserventur,

236 690 328 721 Vobis
343 689 380 719 de
393 689 565 719 avisamento
597 687 705 717 *oncilii
721 685 807 716 nostri
821 682 965 722 praedieii,
984 679 1157 711 Mandamus
1164 675 1269 716 prefa-

199 737 260 760 tum
282 726 514 767 Archiepifiopum
535 736 584 766 per
602 725 697 763 Ipsum
712 748 722 763 ,
752 723 910 755 Familiares
923 744 932 760 ,
963 721 995 752 &
1018 719 1173 750 Servitores
1190 717 1269 754 suos,

201 769 226 799 F
228 768 374 799 tancheliis
389 768 422 797 δε
440 766 593 805 Privilegiis
609 765 661 796 suis
676 763 816 803 praediftis
830 770 942 792 exnunc
958 759 1045 790 libere
1062 758 1102 788 uti
1117 757 1151 788 δε
1164 755 1269 795 gaude-

201 817 233 838 re
256 807 441 847 permittatis,
459 814 544 844 prout
565 803 624 843 Ipse
641 805 673 835 &
691 801 912 833 Piaedeceffores
925 799 964 829 sui
980 795 1195 836 Arcbiepiscopi
1216 794 1272 824 ibi-

202 846 291 884 dem,
307 853 371 876 ante
393 844 456 874 haec
476 852 621 882 tempora,
640 840 839 873 rationabiliter
859 839 898 869 usi
918 838 1029 868 fuerunt
1043 838 1076 866 ὃ(
1090 834 1192 873 gavili,
1211 833 1271 863 abs-

204 895 262 924 que
285 884 378 923 aliqua
397 884 426 914 in
450 883 600 913 uietatione
615 904 624 920 ,
651 881 847 911 molestatione
862 901 871 916 ,
895 876 940 906 seu
962 875 1144 913 gravamine,
1172 879 1272 902 contra

204 925 330 956 formam
350 923 384 953 &
405 932 420 952 e
446 922 543 952 ectum
563 920 795 951 Francheiiarum
819 918 851 947 &
867 914 1086 951 Privilegiorum
1102 912 1216 943 suorum
1228 911 1272 942 su-

204 962 415 1001 pradictorum,
433 961 470 991 ita
495 959 574 999 quod
595 959 664 989 idem
684 954 900 995 Archiepiscopus
918 963 978 983 non
992 952 1092 983 habeat
1105 950 1215 981 causam
1229 959 1273 979 ra-

203 1001 369 1033 tionabilem
391 1009 504 1030 exnunc
525 998 558 1028 ad
578 998 646 1027 Nos
668 997 712 1026 vel
734 996 843 1026 ditium
868 991 1037 1023 Concilium
1053 989 1202 1027 nostrum,
1219 997 1273 1028 pro

205 1040 318 1110 defl'echi
333 1037 473 1108 JUstigcae'
490 1039 519 1067 in
535 1037 586 1066 hac
600 1044 694 1074 parte,
711 1035 833 1072 amplius
849 1029 1031 1068 Querelandi.

263 1089 281 1109 n
296 1088 331 1108 cu
345 1088 374 1106 us
444 1086 471 1106 c.

285 1087 473 1154 TeJste’Rege
486 1114 559 1155 apud
573 1109 832 1154 Wstmonasterium
840 1132 850 1149 ,
868 1109 985 1140 decimo
998 1106 1104 1138 ostavo
1118 1104 1164 1136 die
1174 1103 1254 1144 Julii.

651 1191 706 1221 Per
723 1192 816 1219 Breve
834 1188 866 1218 de
884 1188 1004 1217 Privato
1021 1183 1120 1223 Sigillo.

214 1324 376 1370 Commtffio
410 1324 625 1359 Gubernatoris
661 1325 755 1370 Regni
775 1323 875 1355 Scotiae
896 1317 942 1351 ad
964 1315 1173 1352 Traelandum
1188 1315 1280 1362 sitper

430 1372 621 1409 Liberatione
642 1369 760 1419 Jacobi
784 1373 870 1417 Regis
891 1371 1060 1401 Scotorum.

217 1463 437 1515 MUrdacus,
453 1463 521 1491 Dux
542 1458 692 1496 Albania,
711 1455 821 1487 Comes
848 1453 884 1484 de
902 1452 964 1483 Fife
985 1453 1018 1484 &
1031 1451 1066 1482 de
1082 1449 1232 1488 Mentem,
1248 1459 1282 1480 ac

313 1502 409 1541 Regni
430 1500 537 1530 Scotiae
554 1498 755 1533 Gubernator,
781 1492 927 1528 univer-iis,
951 1490 984 1522 ad
1006 1500 1130 1530 quorum
1154 1490 1283 1520 notitiam

218 1545 365 1586 prsesentes
382 1539 485 1569 Literae
501 1538 695 1576 pervenerint,
713 1534 836 1564 Salutem
850 1533 878 1561 in
894 1530 1030 1561 Domino
1043 1529 1252 1569 sempiternam.

257 1581 387 1615 Noverit
402 1576 576 1608 Universitas
590 1574 679 1605 vestra
693 1573 773 1610 quod
788 1570 873 1608 Nos,

257 1623 306 1653 De
317 1619 464 1653 fidelitate,
483 1613 752 1654 circumspeffione,
771 1607 933 1648 prudentia,
951 1607 985 1638 δε
1001 1605 1114 1644 experta
1133 1605 1287 1646 diligentia,

221 1662 391 1693 dilectorum
416 1656 448 1686 &
472 1652 596 1683 fidelium
620 1650 854 1681 Coniiliariorum
879 1647 912 1678 &
935 1645 1219 1676 Consanouineorum
1233 1655 1287 1674 no-

221 1702 360 1733 strorum,
378 1692 537 1725 Reverendi
559 1692 588 1721 in
610 1689 730 1721 Christo
751 1688 857 1725 Patris,
874 1684 1033 1722 Willielmi,
1051 1670 1109 1714 Dei
1123 1683 1226 1723 gratia,
1245 1685 1287 1712 E-

215 1745 246 1779 pi
258 1742 311 1776 copi
332 1739 357 1765 G
364 1734 465 1773 'assuen
478 1742 499 1760 15
524 1728 691 1761 Cancellai·ii
713 1727 818 1758 Scotiae
836 1749 845 1764 ,
868 1727 976 1761 Georgii
996 1727 1107 1753 Comitis
1131 1723 1287 1759 Marchiae,

250 1777 323 1807 acobi
344 1774 374 1803 de
388 1770 551 1808 Douglasde
566 1769 678 1799 Balbani
695 1767 796 1797 Fratris
811 1764 915 1800 nostri,
935 1762 1144 1793 Venerabilium
1159 1763 1188 1791 in
1204 1761 1288 1790 Chri-

220 1817 266 1848 sto
283 1815 414 1847 Parrum,
434 1809 582 1840 Abbatum
599 1805 824 1847 Monasteriorum
839 1803 870 1833 de
889 1800 1102 1832 Cambusktneth
1115 1799 1153 1835 ὠν
1172 1800 1204 1829 de
1218 1799 1289 1829 Bal-

219 1851 376 1890 murinach,
395 1851 510 1879 patricii
531 1848 563 1877 de
585 1846 706 1877 Dunbar
723 1845 759 1874 de
775 1843 858 1880 Bele,
873 1840 985 1871 Roberti
997 1841 1029 1869 de
1044 1839 1184 1870 Lawedre
1198 1839 1233 1869 de
1248 1838 1289 1870 E-

220 1895 372 1932 drington,
391 1888 540 1926 Militum,
555 1894 669 1916 necnon
689 1881 821 1919 Magistri
836 1883 943 1918 Georgli
957 1879 988 1908 de
1004 1877 1170 1908 Borthwi'ke
1184 1878 1288 1908 Archi-

220 1932 333 1964 diaconi
357 1926 554 1964 Glasgueniis,
572 1925 605 1955 ὃ(
629 1921 758 1962 Magistri
777 1923 891 1951 Patricii
907 1919 939 1948 de
957 1917 1077 1958 Houston
1095 1916 1245 1948 Licentiati
1261 1918 1290 1947 in

211 1972 346 2010 Legibus
360 1967 504 1999 Canonici
519 1962 711 2003 Glasguensis‚
733 1960 881 1992 Secretarii
896 1956 1002 1996 nostri,
1021 1954 1129 1994 plenius
1143 1955 1292 1987 confiden-

221 2019 262 2043 tes

261 2035 337 2088 1'psos
355 2046 504 2081 Fecimus,
522 2040 748 2077 Censtituimus,
767 2037 993 2074 Deputavimus‚
1012 2032 1237 2072 ordinavimus,
1258 2033 1291 2064 &

222 2087 445 2122 stabiilivimus,
467 2080 674 2118 Facimtisque,
697 2076 926 2111 constituimus,
952 2072 1145 2111 Deputamus,
1170 2071 1293 2102 Ordina-

224 2137 305 2165 mus‚
322 2127 355 2157 &
375 2121 562 2158 Stabillimus‚
579 2119 679 2157 pariter
690 2126 724 2147 ex
738 2115 816 2147 certa
829 2112 944 2144 scientia
957 2113 989 2143 &z
1005 2111 1157 2142 deliberato
1172 2110 1293 2141 consilio

224 2166 332 2198 Trium
352 2163 481 2194 Statuum
497 2159 614 2195 Regni,
631 2155 759 2187 Nostros
773 2155 792 2174 *ἴ
806 2154 840 2184 &
855 2152 924 2182 dieti
941 2150 1038 2187 Regni
1054 2149 1295 2188 Commissarios,

225 2203 465 2238 Ambassiatores,
485 2198 661 2237 Deputatos,
679 2197 712 2226 ὃς
726 2193 863 2224 Nuncios
883 2189 1028 2228 speciales,

264 2243 375 2274 Dantes
396 2241 428 2271 ὃ(
447 2236 666 2273 Concedentcs,
685 2235 782 2264 harum
805 2229 965 2260 nostrarum
981 2227 1100 2257 Tenore
1115 2226 1297 2265 Literamm,

225 2283 310 2315 dictis
329 2277 538 2311 Commiisariis
558 2274 676 2311 nostris,
694 2281 794 2303 eorum
810 2269 951 2305 Novem,
971 2266 1070 2304 Ocio,
1089 2266 1223 2303 Septem,
1241 2265 1295 2296 Sex

227 2323 383 2362 Qiinque,
402 2318 553 2356 Quamor,
572 2313 617 2343 vel
635 2312 760 2348 Tribus,
778 2309 891 2346 plenam
914 2308 947 2338 &
970 2306 1089 2335 liberam
1104 2304 1297 2343 Potestatem,

228 2360 436 2394 Au&oritatem
447 2378 457 2394 ,
477 2355 510 2386 &
526 2351 701 2383 Mandatum
716 2348 846 2388 speciale,
865 2346 891 2377 se
906 2343 1135 2382 Repraesentandi
1151 2344 1184 2374 &
1202 2342 1298 2373 Com—

249 2400 343 2431 arendi
357 2405 427 2426 cum
443 2396 475 2426 &
489 2401 587 2424 coram
602 2389 817 2430 quibuscunque
831 2383 1057 2420 CommiffiariiS,
1072 2382 1298 2420 Nunciis,Arn-

227 2410 438 2472 Eaffiatoribus‚
457 2433 490 2463 &
514 2430 679 2470 Deputatis,
697 2424 930 2458 Excelleniiffimi
944 2423 1099 2460 Principis,
1115 2423 1229 2451 Henrici
1245 2423 1299 2450 Re-

353 2474 397 2504 liae
408 2497 417 2512 ‚
436 2470 622 2502 sufficientem
641 2466 813 2498 Potestatem
831 2464 864 2494 ad
878 2464 935 2492 boc
950 2461 1114 2491 habentibus
1125 2460 1161 2490 ab
1176 2460 1279 2491 eodem
1289 2482 1298 2498 ,

227 2489 270 2516 ἐκ
283 2481 351 2514 Ang
634 2507 681 2538 ubi
699 2505 761 2543 φῇς
783 2501 992 2534 Commislariis
1011 2500 1043 2530 ὅ(
1056 2498 1090 2529 N
1094 2500 1182 2529 unciis
1197 2497 1299 2530 nostris

230 2519 260 2549 in
282 2514 507 2553 quibuscumque
529 2508 614 2546 locis,

229 2555 322 2587 visum
335 2553 416 2584 fuerit
429 2547 576 2588 expedire,
923 2579 927 2584 Ι
963 2578 968 2582 Ι

270 2593 316 2623 Ac
336 2593 438 2625 etiam,
456 2597 524 2618 cum
539 2585 617 2624 imis,
634 2584 667 2614 &
682 2591 782 2613 coram
798 2579 880 2618 ipsis,
900 2577 969 2608 dieti
982 2579 1059 2613 Regis
1075 2575 1188 2613 Angliae
1204 2576 1298 2606 Com.

231 2631 376 2666 missariis,
393 2628 437 2658 seu
452 2625 602 2663 Deputatis
617 2621 862 2661 quibuscumque,
879 2616 1145 2651 Comniunicandi,
1159 2615 1300 2646 Trastan-

231 2671 280 2708 di,
298 2663 522 2699 Concordandi,
546 2663 579 2693 &
600 2660 714 2690 finaliter
738 2656 939 2689 Concludendi
962 2655 1041 2691 super
1068 2653 1300 2693 Deliberatione,

232 2705 403 2740 Sereniffimi
417 2701 555 2739 Principis
569 2709 601 2729 ac
620 2698 743 2728 Domini
759 2696 847 2726 nostri
866 2695 965 2734 Ligei,
983 2692 1101 2731 Jacobi,
1121 2691 1179 2723 Dei
1195 2693 1300 2732 gratia,

226 2750 310 2784 Regis
322 2748 469 2775 Scottorum
483 2737 597 2770 Illustris
606 2760 615 2775 ,

268 2785 320 2822 Et,
339 2784 417 2822 super
461 2785 614 2814 uocunque
636 2772 789 2809 Traeiatu,
809 2770 988 2809 compositO,
1008 2769 1054 2799 vel
1075 2769 1299 2807 componendo,

232 2822 426 2857 concordam,
455 2829 488 2849 eu
503 2813 721 2847 concordando,
738 2821 791 2848 pro
808 2809 906 2839 Nobis
921 2808 953 2838 ὅ(
969 2817 1002 2837 ex
1019 2816 1096 2844 parte
1111 2807 1217 2844 nostra,
1232 2817 1299 2838 cum

234 2865 269 2895 &
291 2870 390 2893 coram
412 2857 466 2889 illis
484 2856 566 2887 dietis
589 2850 795 2883 Commiffanis
813 2848 882 2878 dieii
901 2846 988 2885 Regis
1008 2846 1136 2885 Angliae,
1154 2846 1300 2876 Fjrm-„mdi

235 2903 269 2933 &
302 2896 482 2967 Affedcurandi
505 2903 553 2935 per
574 2890 672 2922 Fidem
696 2890 728 2920 &
747 2888 944 2926 juramentum
966 2886 996 2915 in
1018 2884 1154 2915 Animam
1173 2883 1301 2916 nostram

235 2939 357 2972 Praestan
380 2947 427 2967 um

275 2979 320 3010 Ac
337 2959 450 3012 Dandi}
467 2968 673 3004 concedendi,
688 2968 722 2999 &
744 2963 931 3002 Recipiendi,
950 2962 1030 3000 super
1049 2962 1123 2999 hoc,
1141 2963 1175 2994 &
1194 2962 1300 3000 depen-

235 3018 339 3049 dentiis
359 3015 427 3052 suis,
446 3008 626 3042 omnimodas
641 3006 813 3042 cautiones,
829 3003 1012 3039 Securitates,
1029 3001 1226 3040 stipulationes
1238 3024 1247 3038 ,
1265 3002 1299 3032 δε

235 3055 450 3095 obligationes,
468 3059 509 3081 tot
533 3049 566 3079 &
590 3047 656 3077 tales
677 3052 747 3083 quot
770 3043 803 3073 &-
818 3042 910 3081 quales
927 3040 1036 3071 necesse
1049 3040 1149 3078 fuerit,
1169 3041 1202 3071 ὃ(
1218 3039 1301 3070 dietis

236 3092 445 3127 Conimiffariis
463 3091 497 3121 ὅς
516 3086 642 3117 Nunciis
664 3083 780 3119 nostris,
797 3081 932 3111 omnibus
945 3079 1107 3109 melioribus
1121 3079 1171 3109 viis
1186 3079 1219 3110 &
1235 3088 1301 3108 rno-

511 3134 558 3156 aut
579 3124 660 3162 ipsius
678 3121 818 3157 Novem,
842 3119 942 3156 Οξῒο,
961 3118 1094 3156 Septem,
1110 3117 1180 3154 Sex,
1204 3117 1302 3156 Qiin-

237 3135 296 3212 {¹3¹3}
306 3132 490 3210 ‚qglssgfug-s:
500 3164 544 3196 vel
565 3163 691 3200 Tribus,
706 3159 846 3190 videbitur
866 3156 1032 3196 expediens,
1049 3156 1237 3197 acceptabile,
1255 3155 1301 3187 vel

240 3217 416 3250 oportunum
424 3230 433 3244 ‚

380 3257 388 3276 t
451 3253 479 3274 es

239 3248 451 3325 forgrggpetteund
470 3266 629 3315 h’abituros,
654 3277 779 3312 Rarum,
798 3274 939 3309 Gratum,
964 3272 1112 3307 Firmum,
1137 3272 1169 3302 &
1191 3271 1304 3310 Accep-

241 3325 324 3358 tabile
346 3321 480 3363 quicquid
505 3320 538 3350 &
560 3325 653 3348 totum
677 3325 726 3353 per
749 3312 899 3351 praedictos
916 3310 1135 3341 Commissarios
1153 3309 1187 3339 &
1213 3308 1305 3339 Nun-

241 3366 304 3396 cios
326 3362 435 3392 nostros
450 3382 459 3397 ,
482 3366 582 3388 eorum
602 3354 724 3384 Novem
738 3374 747 3389 ,
770 3351 870 3387 0310,
895 3350 1027 3389 Septem,
1052 3348 1121 3385 Sex,
1149 3347 1305 3385 Quinque,

243 3403 394 3442 Qiatuor,
418 3399 462 3429 vel
478 3397 570 3432 Tres,
596 3392 720 3429 Adtum,
740 3389 876 3427 Fretum,
895 3388 1057 3418 Gestumve
1076 3385 1160 3416 fuerit
1178 3387 1207 3415 in
1227 3385 1305 3415 Prae-

244 3439 351 3478 missis,
372 3438 417 3468 vel
433 3436 526 3474 aliquo
544 3430 778 3467 Praemissorum,
803 3427 911 3458 etiamsi

267 3482 272 3487 '
367 3476 424 3507 iaie.

244 3479 408 3553 glsDsEtedtm,
427 3513 474 3543 sub
493 3508 679 3541 Testimonio
697 3505 797 3545 Magni
813 3503 900 3543 Sigilli
915 3502 1016 3533 Officii
1030 3501 1136 3540 nostri,
1153 3500 1226 3539 apud
1243 3498 1307 3530 Vil-

242 3558 299 3589 lam
320 3555 354 3586 de
374 3550 594 3588 InnerkCthyne,
613 3546 741 3576 Decimo
763 3552 843 3573 nono
866 3543 911 3573 die
936 3540 1042 3572 Mensis
1061 3539 1197 3579 Augusti,
1217 3539 1305 3569 Anno

242 3595 365 3627 Domini
381 3589 552 3623 Millelimo,
571 3583 873 3629 Qadringenteiimo,
891 3579 1036 3612 vicesimo
1050 3578 1172 3618 Tertio,
1190 3579 1223 3610 δε
1240 3577 1305 3609 Gu-

244 3633 416 3666 bemationis
428 3627 531 3660 nostrae
544 3625 655 3655 Tertio.

516 3240 633 3271 fideliter
648 3239 681 3269 δε
699 3236 776 3267 boni
794 3235 864 3272 fide,
884 3233 949 3264 Nos
968 3242 1062 3264 tenere
1079 3234 1112 3264 &
1131 3232 1250 3270 habere,
1269 3241 1302 3262 ac

928 3425 1098 3456 Mandatum
1117 3425 1229 3464 exigant
1246 3433 1306 3454 ma-

488 3701 542 3733 Sub
554 3698 649 3770 giga?
669 3700 790 3737 Magno,
809 3706 873 3727 cerae
893 3695 981 3734 albae,
995 3707 1014 3726 a
1031 3694 1118 3727 caudi
1135 3695 1306 3733 Pergamenae

518 3749 552 3780 pe
590 3750 622 3769 en
638 3749 660 3769 e.

640 123 1452 180 CONVENTIONES,
1507 126 1904 175 LITERAE‚

1298 299 1634 357 Appuniiuamentum‚
1654 299 1779 346 fabium
1803 298 1960 343 Eborum,
1981 300 2074 347 ficper
2090 299 2280 335 Liberatione
2296 297 2365 347 Ja-

1369 347 1431 383 cobt
1457 351 1544 396 Regis
1558 352 1713 382 Scotorum
1725 372 1736 389 ,
1761 353 1797 389 &
1814 348 1850 383 de
1867 353 2071 384 Adatrimonio
2086 349 2296 384 contrahendo.

1301 433 1457 492 HAEC·
1475 442 1584 479 sun-r·
1613 434 1936 480 APPUNcTUAJrA
1952 442 2010 466 'ET
2035 434 2306 471 CoNcORDAT
2319 451 2338 472 A

1379 473 1510 519 Decimo
1528 472 1588 504 Die
1607 471 1717 517 Mensis
1733 474 1905 513 Septembris
1912 498 1922 514 ,
1938 474 2027 506 Anno
2047 474 2170 505 Domini
2189 475 2345 510 Miiiefimo
2357 465 2368 481 ⁵

1304 510 1611 550 Qiadrmgentefim,
1635 510 1780 543 Vicefimo
1804 513 1910 545 Tertio
1918 537 1928 553 ‚
1945 515 1975 544 in
2001 513 2104 544 Domo
2132 513 2286 552 Capitulari
2312 505 2371 549 Ecl

1303 550 1615 628 1cxlsiersiges'Eboi‘acenfis,
1638 550 1728 590 inter,
1749 550 1934 584 Reverendos
1951 554 1980 584 in
2004 551 2124 584 Christo
2143 552 2237 585 Patres
2253 556 2288 588 δε
2307 556 2374 589 Do-

1341 628 1489 659 Dorninos
1495 651 1504 667 ‚

1340 667 1488 715 Tkomam,
1506 666 1564 715 Dei
1581 665 1684 714 gratia,
1702 664 2059 707 Duneln1ensem„Angliae
2081 668 2314 709 Cancellarium,
2340 673 2375 704 ὃς

1306 705 1458 752 Pladtppum
1477 705 1706 745 thorntensem,
1725 705 1898 745 Episcopos,
1916 707 2061 736 Henricum
2079 711 2207 738 Comitem
2222 710 2375 742 Nerthum-

1305 745 1371 775 brrae
1396 744 1556 776 Custodem
1580 744 1766 775 Estmarchiae
1791 744 1883 774 versus
1904 744 2049 781 Scotiam‚
2073 746 2106 776 &
2130 746 2303 786 Magistrum
2319 749 2377 789 J0-

1306 782 1425 828 honnem
1449 783 1598 813 Wdeham
1614 782 1857 814 Archidiaconum
1871 782 2056 821 Estrithingi,
2074 783 2249 817 liiustriffimi
2266 787 2378 820 Princi-

1307 832 1350 860 pis
1371 824 1405 855 &
1430 822 1574 861 Domini,
1600 821 1723 852 Domini
1741 824 1874 861 Henrici,
1894 820 1952 852 Dei
1974 821 2079 860 gratia,
2103 825 2179 860 Regis
2201 824 2315 864 Angllae
2338 826 2378 864 &⁴

1308 863 1430 891 Franciae
1449 860 1672 892 Commiflarios
1683 862 1713 891 in
1730 861 1782 891 hac
1799 870 1876 900 parte
1890 860 2037 898 speciales,
2056 869 2091 891 ex
2109 861 2165 892 una
2180 866 2256 900 parte

1346 899 1403 939 Et,
1425 900 1630 946 Reverendum
1643 901 1671 930 in
1689 899 1807 930 Christo
1823 900 1935 930 Patrem
1951 900 1985 932 &
2002 898 2183 937 Dominum,
2262 887 2273 903 ³

1349 938 1514 985 Dominum
1538 937 1737 978 Willielmum,
1753 938 1856 969 eidem
1882 937 1998 976 Gratia,
2016 937 2206 978 Glasguense'm
2224 936 2278 977 Epi
2290 931 2319 969 eo¹
2333 950 2380 971 nm

1312 975 1524 1022 Cancellariurn
1544 978 1652 1008 Scotiae
1669 999 1679 1016 ,
1702 979 1852 1007 Particium
1875 977 1909 1006 de
1932 975 2157 1016 Cambuskineth,
2179 977 2296 1009 Ordinis
2331 989 2381 1010 an-

1312 1016 1353 1046 ἂι
1378 1016 1716 1063 ᾼυὲυἱὶίηἰ,-Ιᾷγωςείῐς
1737 1016 1837 1047 Samsti
1861 1015 2005 1054 Andreae,
2026 1016 2059 1047 &
2078 1015 2240 1055 Johannem
2259 1017 2292 1047 de
2311 1015 2383 1047 Bal-

1313 1054 1473 1093 murmath,
1489 1055 1606 1085 Ordinis
1632 1053 1842 1093 Cistercienfis,
1859 1054 1980 1091 eiusdem
2004 1053 2169 1094 Dyoecefis,
2188 1054 2383 1087 Monasterio-

1314 1103 1380 1124 rum
1404 1094 1546 1132 Abbates,
1564 1096 1712 1124 Patricium
1729 1093 1762 1122 de
1778 1093 1898 1123 Dunbar
1915 1093 1951 1123 de
1970 1092 2052 1131 Bele,
2068 1092 2216 1123 Rohertum
2231 1095 2262 1124 de
2278 1097 2386 1125 Lawe-

1315 1133 1364 1162 dre
1385 1133 1421 1163 de
1441 1132 1618 1173 Edrington,
1640 1131 1764 1169 Milites,
1783 1135 1922 1169 Georgium
1937 1132 1967 1161 de
1983 1130 2124 1170 Borthuyk
2140 1133 2385 1164 Archidiaconutn

1317 1170 1519 1216 Glasguensem
1530 1195 1540 1211 ‚
1558 1171 1591 1202 δε
1612 1173 1761 1200 Patricium
1777 1171 1809 1200 de
1827 1171 1948 1211 Houston
1965 1169 2149 1201 Canonicum
2167 1171 2366 1211 Glasguensem

1318 1209 1414 1255 Regni
1432 1209 1539 1241 Scotiae
1556 1209 1778 1240 Ambassiarores
1796 1210 1829 1241 ὃ(
1844 1208 2076 1248 Commiffarios,
2095 1208 2178 1240 Parte
2193 1219 2227 1240 ex
2243 1210 2342 1250 altera,
2375 1195 2386 1212 ²

1356 1248 1472 1279 Virtute
1496 1249 1688 1287 Potestatum,
1707 1248 1791 1278 dietis
1814 1247 2025 1278 Commiffiriis
2041 1247 2165 1279 Domini
2181 1252 2259 1287 Regis
2274 1249 2388 1287 Angliae

1318 1287 1627 1358 &tgumnbaffiatoribus
1643 1287 1675 1318 &
1691 1286 1899 1318 Commiliariis
1912 1290 1998 1326 Regni
2010 1290 2104 1318 Scotiae
2120 1287 2248 1319 datarum
2261 1290 2294 1321 ὃ(
2309 1289 2389 1320 attri-

1357 1403 1402 1448 1N
1414 1412 1432 1434 Ρ
1445 1413 1468 1434 R
1480 1412 1529 1448 ¹.M
1539 1413 1550 1434 1
1560 1412 1589 1442 s,
1608 1402 1845 1442 Appunnuatum
1863 1403 1897 1433 &
1912 1402 2134 1434 concordatum
2149 1403 2190 1434 est
2206 1403 2286 1442 quod
2323 1403 2392 1436 Illu-

1322 1442 1383 1473 stris
1409 1442 1577 1480 Dominus,
1597 1442 1743 1473 Dominus
1766 1441 1903 1481 Jacobus,
1931 1441 1990 1472 Dei
2017 1441 2134 1481 Gratia,
2154 1427 2372 1473 Scotorum'Rex

1323 1481 1479 1520 Haeredes,
1499 1483 1532 1514 ὃς
1550 1481 1728 1512 Successores
1745 1481 1796 1519 sui,
1814 1481 1908 1520 Reges
1923 1480 2030 1511 Scotiae
2041 1504 2050 1518 ,
2068 1482 2143 1512 bene
2161 1481 2193 1512 &
2207 1482 2323 1514 fideliter
2339 1468 2393 1513 sol:

1323 1529 1390 1558 vet,
1408 1520 1454 1550 vel
1480 1521 1607 1564 solvent,
1630 1520 1809 1564 Londoniae,
1827 1520 1854 1549 in
1877 1519 2001 1550 Eccleiii
2019 1519 2114 1550 Sancti
2129 1519 2231 1559 Pauli,
2250 1531 2303 1561 pro
2318 1529 2391 1551 tem-

1323 1557 1965 1636 ‘ii‘ssigi³25⁰<23551‘33g3‘52‘1‘ff40515523353'53'
1982 1558 2258 1635 ffissss'issng'ffissa'ii?
2264 1559 2394 1630 &35⁰ss

1324 1636 1516 1680 '‘A-nglicanae
1543 1636 1705 1672 Currentis,
1723 1638 1856 1671 Henrico,
1876 1635 1934 1665 Dei
1958 1620 2074 1673 brana,
2091 1639 2156 1674 Regi
2171 1635 2284 1675 Angliae
2322 1637 2395 1668 Hae-

1326 1675 1438 1719 redibus
1473 1675 1517 1705 vel
1533 1674 1747 1705 Successoribus
1760 1674 1831 1711 suis,
1849 1673 1895 1704 seu
1910 1683 2011 1703 eorum
2026 1672 2173 1712 Deputatis
2186 1679 2228 1705 vel
2245 1661 2302 1706 De’
2315 1685 2395 1707 utan-

1325 1713 1385 1758 dis',
1404 1698 1553 1758 ini²ra¹Sex
1577 1710 1679 1743 Annos
1721 1713 1863 1748 roxim0s‚
1881 1712 2042 1750 incipiendo
2057 1711 2189 1743 Primum
2209 1687 2328 1745 Annui'n
2344 1715 2397 1746 So-

1326 1752 1440 1783 lutionis
1460 1752 1601 1793 diCtarum
1626 1752 1694 1790 Qua
1715 1752 1823 1787 raginta
1851 1749 1967 1780 Milium
1989 1749 2141 1780 Librarum
2161 1761 2176 1780 a
2200 1754 2297 1791 primo
2320 1763 2397 1784 tem-

1327 1800 1398 1828 pore
1420 1801 1480 1835 quo
1500 1790 1591 1821 dictus
1607 1790 1753 1820 Dominus
1769 1792 1830 1819 Rex
1842 1787 1965 1827 Jacobus
1976 1810 1985 1826 ,
2005 1789 2108 1818 virtute
2123 1789 2262 1827 praesentis
2277 1792 2398 1832 Appun-

1327 1830 1480 1861 &uamenu
1491 1851 1500 1867 ,
1518 1829 1630 1860 dierum
1646 1828 1782 1867 Regnum
1797 1828 1876 1858 suum
1890 1827 1995 1857 Scotiae
2008 1827 2093 1857 fuerit
2108 1825 2246 1866 ingreffus
2277 1829 2326 1860 sub
2339 1830 2399 1862 for.

1331 1868 1378 1899 ma
1391 1879 1455 1908 quae
1470 1868 1606 1907 sequitur·,
1625 1867 1773 1905 videlicet,
2253 1851 2263 1868 ³
2379 1881 2382 1886 ·

1368 1907 1482 1946 Quod,
1500 1917 1552 1947 pro
1572 1908 1622 1937 illo
1646 1905 1746 1936 Primo
1771 1905 1875 1943 Anno,
1895 1914 1953 1943 quo
1972 1903 2065 1934 dietus
2079 1903 2225 1935 Dominus
2239 1908 2299 1936 Rex
2311 1906 2400 1945 Jaco-

1330 1945 1394 1983 bur,
1413 1955 1443 1977 ut
1461 1945 1660 1991 praemittitur,
1679 1945 1791 1976 dietum
1814 1943 1950 1980 Regnum
1974 1942 2054 1973 suurn
2070 1943 2152 1974 fuerit
2165 1945 2315 1983 ingressus,
2336 1946 2399 1976 Des

1331 1995 1411 2029 cem·
1423 1983 1507 2016 Milia
1528 1984 1710 2021 Marcamm,
1728 1983 1814 2014 dietae
1831 1982 1964 2013 Monetae
1979 1981 2108 2019 Aneiiae,
2130 1982 2200 2013 infra
2214 1983 2270 2014 Sex
2284 1984 2399 2016 Menses

1332 2033 1478 2062 proximos
1510 2023 1573 2062 post
1602 2023 1758 2063 Ingrcss'um
1781 2021 1853 2052 dieti
1877 2020 2000 2051 Domini
2020 2024 2097 2058 Regis
2117 2020 2220 2058 Jacobs·
2239 2024 2267 2053 in
2288 2022 2401 2054 dietum

1334 2064 1471 2108 Regnum
1492 2062 1591 2106 suum,
1610 2064 1642 2095 &
1661 2062 1717 2100 fic,
1735 2062 1771 2091 de
1784 2061 1872 2091 Anno
1886 2062 1913 2090 in
1930 2060 2065 2097 Annum,
2085 2060 2155 2090 infra
2168 2060 2222 2091 Sex
2238 2060 2352 2092 Menses
2386 2071 2402 2093 a

1333 2111 1475 2172 neseis
1492 2085 2404 2171 ⁶32⁰‘gregeisssz‘ssssessiffiigfvzffi<331⁸ssseetifflssfiiziJsffi‘2

1478 2163 1488 2177 ,
2390 2159 2403 2165 -

1335 2180 1371 2210 sia
1394 2179 1490 2210 Sancti
1510 2176 1587 2210 Pauli
1603 2179 1781 2216 Londonise,
1800 2161 1915 2207 Decem
1926 2159 2012 2206 'Mina
2029 2161 2211 2214 Mareaium,
2230 2149 2314 2209 dicaiae
2325 2150 2403 2209 {lerig-

1336 2227 1410 2249 netae
1431 2218 1618 2256 Anglicanae,
1633 2217 1713 2248 dic‘lo
1738 2216 1872 2247 Domino
1896 2219 1961 2253 Regi
1987 2218 2120 2253 Henrico,
2145 2214 2316 2247 Haeredibus
2358 2217 2404 2249 vel

1337 2256 1551 2302 Successoribus
1574 2257 1642 2295 suis,
1659 2255 1788 2292 Regibus
1811 2254 1940 2294 Angliae,
1960 2254 2004 2285 seu
2030 2252 2179 2291 Deputatis
2191 2255 2236 2284 vel
2253 2239 2403 2294 Depi'itan-

1337 2296 1379 2326 dis
1413 2295 1583 2340 eorumdem
1601 2319 1610 2334 ,
1635 2296 1779 2334 quousque
1800 2294 1918 2325 Summa
1941 2293 2156 2332 Qiinquaginta
2180 2292 2264 2325 Milia
2281 2317 2291 2333 ‚
2317 2295 2405 2326 dietae

1339 2333 1472 2365 Monetae
1488 2334 1668 2373 Anglicanae,
1688 2334 1772 2364 fuerit
1789 2334 1909 2372 plenarie
1928 2332 2081 2370 periolura,

1379 2373 1493 2404 Decem
1510 2375 1579 2404 vero
1599 2373 1681 2404 Milia
1697 2371 1821 2403 Residua
1837 2371 1928 2403 didius
1943 2370 2090 2401 Dominus
2104 2371 2164 2400 Rex
2176 2369 2316 2411 Jacobus,
2333 2371 2411 2403 Hae-

1339 2412 1417 2444 redes
1428 2435 1437 2450 ,
1455 2412 1499 2442 vel
1523 2412 1701 2443 Successores
1722 2411 1780 2450 sui,
1796 2412 1902 2449 solvet,
1920 2410 1964 2440 vel
1980 2409 2103 2447 solvent,
2121 2409 2301 2449 Lmdoniae,
2320 2412 2349 2441 in
2362 2411 2405 2441 di-

1340 2451 1387 2483 ἃᾶ
1411 2451 1537 2482 Ecclesia
1557 2451 1654 2482 saneti
1679 2449 1775 2489 Pauli,
1793 2450 1874 2481 di&o
1896 2449 2030 2480 Domino
2043 2450 2107 2486 Regi
2118 2450 2254 2487 Henrico,
2272 2449 2406 2480 Haeredi·

1339 2491 1408 2528 bus,
1425 2490 1470 2522 vel
1496 2490 1709 2521 Succefforibus
1729 2489 1796 2527 suis,
1813 2488 1858 2520 seu
1875 2487 2023 2527 Deputatis
2039 2487 2082 2516 vel
2100 2485 2276 2525 Deputandis
2291 2498 2408 2519 eorum-⁵

1342 2529 1428 2573 dem,
1446 2529 1533 2574 Sexto
1559 2529 1649 2560 Anno
1671 2528 1835 2559 immediate
1857 2528 2005 2566 sequente,
2022 2525 2113 2563 elapso
2136 2526 2214 2556 dieto
2229 2526 2405 2565 Quinquen-

1339 2579 1455 2637 {213}ss
1459 2567 1551 2637 '5¹22‘ss
1565 2565 1931 2636 bssssfifflaeMessia‘ifss‘eTn'
1943 2563 2236 2634 fflfflffiEsscffissiiipis
2247 2565 2404 2634 {issfflimi

1340 2656 1387 2676 ma
1405 2645 1525 2676 Summa
1544 2643 1660 2676 Decem
1681 2615 1800 2676 lv’lifium
1822 2615 1988 2674 Mgaffcarum
2010 2613 2094 2672 queri't
2107 2612 2236 2672 Rernliudian
2246 2613 2294 2673 vlel
2308 2613 2408 2674 ὗὲἷὲἶ

1340 2693 1400 2715 cata

1378 2707 1424 2767 eid
1440 2730 1524 2759 quarn
1540 2722 1656 2759 quidem
1672 2720 1853 2752 solutionem
1868 2719 1943 2750 bene
1957 2717 1991 2749 δε·
2005 2716 2142 2755 fideliter,
2161 2725 2192 2748 ut
2209 2718 2406 2758 praemittitur,

1339 2760 1496 2805 faciendam
1507 2760 1595 2797 ,disti
1610 2757 1829 2791 Ambaffiatores
1844 2759 1876 2789 &
1895 2756 2091 2788 Commiisarii
2107 2755 2200 2795 Regni
2212 2755 2319 2788 Scotiae
2332 2758 2406 2790 Pro-

1341 2800 1474 2829 miserunt
1491 2798 1605 2829 fideliter
1618 2798 1682 2829 dare
1702 2798 1796 2828 bonos
1811 2798 1843 2828 &
1858 2795 2024 2827 sufficientes
2040 2794 2160 2826 Obsides
2176 2804 2183 2824 ε

1379 2837 1455 2875 Sed,
1474 2839 1555 2875 quia,
1575 2846 1627 2877 pro
1650 2837 1801 2873 Praesenti,
1819 2836 1887 2866 diCri
1909 2831 2132 2865 Ambaffiarores
2157 2833 2190 2864 &
2213 2832 2407 2865 Commissarii

1342 2876 1438 2917 Regni
1461 2875 1586 2920 Scotiae,
1605 2885 1635 2906 ut
1658 2875 1846 2912 asseruerunt,
1862 2883 1922 2904 non
1938 2880 2015 2903 erant
2033 2871 2164 2902 Instruffi
2177 2872 2214 2902 de
2227 2872 2357 2903 Personis
2372 2873 2406 2904 &

1341 2913 1521 2960 Nominibus
1541 2915 1702 2953 hujusmodi
1726 2913 1889 2950 Obsidum,
1904 2911 1936 2942 ea
1959 2912 1995 2941 de
2018 2910 2115 2948 causi,
2133 2911 2206 2939 inter
2224 2910 2318 2942 dictos
2339 2910 2408 2942 Do·

1343 2963 1436 2999 minos
1461 2953 1679 2984 Commissarios
1703 2952 1792 2990 Regis
1813 2951 1926 2988 Angiiae
1945 2950 1978 2980 &
1992 2948 2085 2979 ἀὶᾶοε
2101 2947 2320 2980 Ambaffiarores
2334 2948 2407 2980 Sco·

1342 3001 1404 3031 tiae,
1423 2992 1510 3023 fuerat
1532 2992 1769 3032 Appunistuatum
1795 2991 1827 3022 ὃς
1845 2987 2080 3031 Concordatum,
2096 2986 2176 3025 quod
2192 2986 2284 3018 dietus
2296 2987 2408 3019 Domi-

1342 3042 1394 3062 nus
1414 3034 1475 3061 Rex
1498 3031 1634 3070 Jacobus,
1654 3030 1774 3062 cessante
1788 3029 1865 3066 justo
1877 3026 2104 3065 impedimento,
2121 3025 2215 3056 veniet
2252 3027 2344 3065 primo
2359 3027 2408 3058 die

1342 3069 1443 3114 Martii
1473 3070 1555 3115 'post
1581 3070 1688 3101 Datam
1714 3067 1919 3103 Praesentium,
1949 3064 1983 3095 ad
2003 3062 2139 3108 Castrum
2155 3063 2199 3107 ‚de
2223 3047 2409 3104 i3raunspath,

1338 3118 1417 3147 JuXta
1441 3093 1597 3140 Civitatem
1619 3106 1864 3144 Duneimensem,
1882 3104 1927 3134 vel
1946 3103 1981 3134 ad
1995 3102 2102 3133 dieram
2122 3100 2279 3133 Civitatem
2296 3103 2410 3135 Dunel-

1343 3148 1485 3186 mensem,
1503 3147 1538 3178 ad
1562 3147 1649 3178 finem
1669 3144 1748 3184 quod
1759 3144 1852 3174 dietus
1868 3142 2012 3173 Dominus
2025 3144 2086 3171 Rex
2105 3141 2221 3178 Jacobus
2233 3141 2319 3179 poffit
2334 3142 2410 3174 Tra-

1342 3186 1418 3216 &are
1440 3187 1473 3217 &
1494 3186 1718 3216 Communicare
1743 3192 1812 3213 curn
1833 3181 1992 3213 Nobilibus
2014 3179 2052 3210 sui
2066 3178 2216 3216 Sanguinis
2233 3182 2266 3211 &
2285 3180 2409 3212 Subditis

1342 3223 1441 3268 Regni
1466 3225 1506 3255 sui
1530 3224 1656 3262 Scotiae,
1673 3223 1739 3262 qui,
1754 3230 1842 3259 quot,
1869 3222 1901 3251 &
1928 3219 2021 3259 quales
2045 3218 2187 3249 voluerint
2208 3219 2265 3249 effe
2287 3218 2409 3250 Obsides

1344 3262 1424 3306 ἀιδὲς)
1446 3262 1580 3293 Domino
1600 3265 1666 3299 Regi
1687 3260 1820 3298 Angliae,
1835 3259 2024 3296 Haeredibus,
2042 3256 2086 3287 vel
2111 3256 2322 3288 Succefforibus
2337 3257 2408 3296 suis,

1345 3301 1475 3347 Regibus
1497 3301 1625 3347 Angliae,
1641 3301 1785 3339 quousque
1809 3298 1844 3328 de
1865 3298 1940 3329 dic'ka
1956 3296 2076 3328 Summa
2093 3293 2247 3334 Pecuniae,
2264 3296 2354 3327 modo
2371 3298 2406 3328 &

1345 3339 1441 3369 forma
1460 3339 1488 3369 su
1510 3341 1581 3370 erius
1599 3340 1693 3379 aperte
1705 3339 1738 3370 &
1755 3337 1881 3368 distriffle
1900 3335 1918 3366 s
1948 3334 2062 3366 cificatis
2098 3333 2179 3364 dicto
2193 3333 2328 3365 Domino
2341 3337 2407 3372 Regi

1347 3376 1478 3416 Angliae,
1527 3378 1679 3417 aeredibus,
1695 3378 1740 3408 vel
1755 3375 1914 3408 Succeffori
1938 3384 1967 3404 us
1978 3373 2030 3404 suis
2040 3396 2049 3410 ,
2064 3356 2108 3404 seu
2124 3381 2225 3403 eorum
2240 3372 2407 3412 Deputatis,

1346 3416 1391 3445 vel
1418 3415 1611 3456 Deputandis,
1629 3427 1677 3455 per
1695 3415 1808 3447 dictum
1830 3414 1997 3445 Dominum
2018 3410 2156 3450 Jacobum
2178 3414 2288 3448 Regem,
2305 3411 2407 3441 Haere-

1346 3453 1409 3501 des,
1428 3456 1461 3499 ὅς
1480 3454 1657 3487 Successores
1670 3455 1731 3486 suos
1742 3477 1752 3493 ,
1772 3454 1829 3486 fine
1843 3452 1913 3484 dolo
1927 3452 1961 3483 δε
1977 3450 2056 3481 malo
2070 3449 2202 3489 ingenio,
2217 3449 2299 3479 fuerit
2311 3448 2406 3486 plena-

1344 3502 1386 3523 rie
1402 3492 1591 3525 Satisfazstum.

1383 3530 1512 3572 Verum,
1526 3534 1590 3572 quia
1616 3530 1839 3563 Matrimonium
1862 3537 1892 3560 ut
1913 3528 2065 3572 plurimum
2079 3524 2199 3570 solebat,
2217 3523 2320 3555 nedum
2335 3524 2408 3555 inter

1347 3572 1557 3610 contrahentes,
1575 3571 1619 3603 fed
1641 3572 1712 3602 inter
1733 3572 1800 3601 alios
1822 3567 2061 3599 contrahentium
2085 3562 2262 3595 Subditos&
2276 3561 2407 3594 Benevo-

1347 3610 1407 3648 105,
1426 3618 1556 3648 generare
1574 3610 1718 3642 Amorem
1733 3610 1766 3640 &
1780 3607 1946 3639 Amicitiam
1962 3612 2107 3640 mutuam,

1385 3648 1455 3692 Qua
1471 3651 1499 3679 in
1517 3659 1547 3680 re
1565 3649 1646 3680 dietis
1668 3646 1878 3678 Commissariis
1891 3648 1969 3682 Regis
1983 3640 2093 3679 Angliae
2106 3640 2141 3671 &
2155 3637 2407 3671 Ambaffiatoribus

1349 3686 1454 3719 Sconae
1480 3687 1625 3719 videbatur
1648 3686 1812 3725 expediens,
1830 3683 1910 3723 quod
1930 3682 2021 3714 dietus
2041 3679 2188 3709 Dominus
2203 3678 2263 3720 Rex
2285 3676 2407 3715 Jacobus

1347 3727 1526 3774 contr-aberet
1545 3725 1769 3757 Matrimonium
1783 3733 1852 3755 cum
1863 3720 1955 3761 aliqua
1967 3716 2099 3750 Domina
2115 3715 2209 3754 Regni
2231 3715 2343 3755 Angliae
2355 3717 2410 3748 Ai-

1389 3774 1463 3796 enita

1347 3773 1631 3849 υέρὲρᾶῐῃεὼζεηῑε
1654 3811 1761 3850 mutuae
1777 3798 1922 3844 Amicitiae
1934 3797 2004 3827 inter
2015 3792 2087 3824 Duo
2103 3789 2204 3832 Regna
2221 3792 2336 3832 possunt
2348 3793 2412 3825 felt-

1349 3842 1922 3920 cnssrgrgfitgzriliiffirglffialtsriprggiiindljugc’
1933 3869 2141 3915 Rertinentibus
2155 3868 2189 3900 ad
2204 3869 2251 3908 id,
2268 3868 2409 3901 Traiian.

1350 3920 1407 3956 do,
1424 3919 1476 3957 &‚
1492 3928 1630 3959 quantum
1650 3917 1685 3948 ad
1710 3917 1846 3955 Regnum
1864 3912 1969 3942 Sconae
1989 3909 2023 3939 &
2043 3908 2178 3939 Subditos
2188 3907 2309 3947 ejusdem
2324 3911 2411 3947 perti-

1351 3966 1416 3995 net,
1431 3957 1547 3989 fideliter
1569 3955 1798 3992 Concludendo,
1814 3950 1855 3982 est
1872 3948 2106 3991 Appunffi'fflatpm
2124 3948 2158 3979 δῖ
2174 3945 2410 3986 C0n00¹d²fflms

1351 3997 1425 4029 inter
1439 3994 1655 4028 Comniissarios
1671 3995 1705 4027 &
1721 3987 1938 4026 Ambaffiatoroe
1953 3985 2142 4025 supradietos,
2161 3985 2243 4025 quod
2257 3984 2408 4018 Guberna-

2362 4032 2409 4054 tor

2383 212 2464 243 Ann.
2477 187 2539 243 DJ

2383 260 2496 320 Ηέῗὲ·
2529 274 2537 280 “

2425 333 2443 366 τ
2464 313 2488 366 τ’

2386 441 2440 466 Aa.
2459 447 2487 466 2,

2389 481 2425 506 Η.
2444 477 2474 505 6.

2392 522 2431 546 Ex
2444 520 2502 555 Atq-

2393 565 2460 594 togr.

2415 1615 2547 1674 ⁸X.{008
