2562 4274
194 117 270 155 118
694 99 1264 151 CONVENTJO

55 195 131 225 ΑΠΠ-
147 197 190 230 D.
201 199 398 230 Occidentales
417 198 611 230 Marchiarum
626 195 719 227 versus
736 195 879 231 Scotiam,
896 193 1056 223 duxerimus
1072 190 1118 221 seu
1133 187 1266 219 duxerint

77 243 89 263 1
116 245 131 264 Ξ
154 260 160 265 ,
291 249 326 261 πη

57 243 121 309 licii.
135 245 167 318 55
201 239 562 313 Aclcneilggdnuuisssscmiae’
582 272 617 303 de
632 271 777 302 Consensu
793 272 826 302 &
848 270 974 311 Licentia
991 266 1124 305 Nostris,
1142 274 1191 304 per
1208 263 1259 294 Li-

201 324 270 347 teras
288 316 392 345 nostras
410 313 554 349 Parentes,
569 312 650 348 super
665 312 721 340 hoc
737 310 856 343 habitas,
873 312 899 338 ie
915 307 1080 338 Transferre
1091 327 1100 342 ‚

238 354 282 384 Ac
300 353 425 383 nonnulli
436 352 579 382 dictorum
595 349 755 386 Obfidum,
771 346 870 377 Nobis
884 347 922 377 iic
933 346 1065 377 datorum
1080 345 1113 375 &
1129 342 1260 373 liberato-

202 403 283 428 ωιτη
304 391 448 427 videlicet,

239 430 352 460 Thomas
367 434 456 458 Comes
470 430 608 457 Moraviae
617 449 626 464 ,

239 468 369 498 Faber-tus
387 466 462 497 Keth
478 466 562 496 Miles
577 463 755 494 lelarescallus
772 462 893 500 Scodae,

237 509 384 536 szcamis
402 504 524 535 Camhele
541 504 576 534 de
596 503 717 542 Argyle,

238 544 375 574 I‘I‘blterm
393 542 574 580 Haliburton‚

239 583 404 612 Alexander
420 586 499 612 Seton
516 582 551 612 de
569 580 711 618 Gordon,

237 621 354 651 Thomas
372 621 481 659 Boyde,

238 659 384 698 Johannes
401 658 559 699 Lyndefiiy,

238 698 368 727 Robertus
384 698 453 736 Lyle
472 697 574 735 Miles,

238 739 364 773 Georgius
382 735 518 775 (tumbole,

237 777 341 805 David
354 777 474 813 Meignes
483 799 492 813 ,

238 812 277 843 Et
296 815 400 843 David
412 815 443 843 de
459 812 571 854 Ogilby,
1178 843 1183 849 ⁸

238 851 272 881 In
295 851 399 883 Castro
423 852 522 882 nostro
546 852 676 882 Eborum
692 851 725 881 δε
742 850 791 880 sub
807 847 946 880 Custodia
963 855 1009 878 tna
1022 843 1128 887 ibidem
1141 841 1262 874 existen-

201 896 259 928 tes,
283 890 437 922 desiderent
457 892 490 922 &
510 891 614 928 velint,
639 899 669 920 ut
692 890 774 918 nobis
796 897 830 918 ex
852 897 952 917 eorum
974 895 1050 923 parte
1070 884 1212 920 alleritur,
1229 891 1261 924 a·

183 928 255 959 ¹lios
275 930 313 959 eis
336 929 568 967 AEquivalentes‚
586 939 616 958 ut
638 928 815 965 pnedicitur,
834 926 918 956 Loco
938 925 987 954 suo
1008 924 1091 960 dare,
1117 922 1149 951 &
1168 921 1206 950 fic
1231 929 1261 948 m

200 965 339 1036 iRegnum
355 969 476 1006 Scotiae,
488 968 565 1006 juxta
578 967 648 997 dieti
665 965 925 1003 Appune‘tuamenti
940 962 1077 993 effe-stum
1086 983 1096 999 ,
1115 960 1140 990 se
1155 959 1261 989 Trans-

215 1015 274 1036 erre

240 1044 275 1075 Et
282 1031 351 1083 'quia
366 1045 451 1082 Nos,
468 1044 601 1074 Volentes
612 1042 723 1072 dietum
740 1041 1058 1078 Appuneruamentum‚
1073 1044 1210 1073 Quantum
1224 1035 1258 1066 ad

199 1082 266 1113 Nos
283 1086 393 1120 attinet,
412 1083 579 1120 observare,
598 1081 746 1119 pi‘aedistos
763 1079 880 1110 Obsides
896 1078 930 1109 ad
954 1077 1058 1107 Villam
1080 1075 1260 1118 Dunelmen-

199 1121 258 1150 sem
269 1144 278 1159 ,
296 1131 349 1158 pro
363 1121 572 1158 Subrogarione
588 1119 762 1156 hujusmodi,
782 1118 908 1148 Decimo
927 1117 973 1147 die
987 1115 1107 1152 Augusti
1124 1115 1258 1151 proximo

199 1159 313 1228 stit-tiro),
328 1160 481 1227 §aciei-ida,
499 1169 546 1198 per
559 1159 608 1190 Te
622 1157 799 1194 Ducendos,
816 1157 851 1186 de
867 1156 1040 1187 avisamento
1057 1153 1185 1185 Concilii
1204 1161 1258 1182 no-

226 1207 265 1234 ri,
317 1209 327 1227 r
350 1208 488 1228 mavimus

233 1235 306 1266 Tibi
321 1221 508 1274 Praecipimus’
520 1235 601 1274 quod
615 1235 708 1266 diffisos
723 1232 842 1264 Obsides
856 1232 890 1263 ad
907 1232 1013 1263 Villam
1033 1228 1258 1260 Dunelmensem

196 1273 230 1304 ad
243 1276 320 1305 diem
337 1276 506 1314 praedictum
520 1275 597 1305 salvo
612 1276 644 1304 ὃς
662 1274 756 1304 secure
773 1272 869 1302 Ducas
880 1295 889 1310 ,
903 1272 935 1302 ὅ(
951 1270 1021 1308 ipsos
1034 1268 1258 1311 ibidem‚-usque

196 1313 231 1342 ad
253 1314 370 1344 aliorum
396 1314 518 1351 ipsorum
536 1337 545 1352 ,
573 1313 658 1343 Loco
680 1311 852 1347 ungulorum
869 1333 878 1348 ,
902 1309 1051 1345 videlicet,
1076 1318 1129 1345 pro
1149 1312 1186 1337 lin
1208 1307 1258 1336 ulis

195 1351 470 1390 subrogandorum,
495 1352 531 1382 de
551 1350 633 1382 dieiis
653 1343 802 1380 Gardianis
822 1349 954 1386 (quibus,
977 1348 1011 1377 ad
1034 1346 1186 1376 Deliberan
1208 1355 1257 1376 um

197 1389 413 1430 Subrogandos,
433 1393 461 1421 in
477 1391 530 1421 hac
545 1399 638 1428 parte,
655 1389 746 1426 Tibi,
764 1397 812 1428 per
831 1388 935 1417 Literas
951 1385 1077 1422 nostras,
1095 1384 1145 1414 sub
1160 1383 1258 1414 Priva-

196 1436 229 1458 to
253 1429 350 1468 Sigillo
370 1429 468 1460 nostro
483 1453 493 1467 ,
517 1428 645 1459 dedimus
666 1429 696 1457 in
723 1425 877 1462 Mandatis)
902 1425 1004 1455 realem
1026 1423 1258 1461 Receptionem,

196 1466 364 1505 Custodias,
385 1469 417 1498 ὃς
432 1468 503 1506 ipsos
519 1476 587 1497 tunc
601 1467 682 1497 dietis
696 1465 843 1495 Gardianis
861 1464 994 1501 Liberes,

233 1506 271 1537 Et
291 1506 490 1545 Subrogandos
510 1505 672 1543 hujusmodi
693 1504 728 1533 ab
750 1502 812 1540 iplis
835 1501 981 1532 Gordianis
997 1500 1126 1540 Recipies
1142 1509 1191 1537 per
1209 1499 1257 1530 In-

193 1542 362 1583 denturam,
380 1544 574 1575 testificantem
598 1543 674 1573 diem
696 1541 882 1578 Receptionis
903 1540 1060 1579 primisiae,
1084 1540 1117 1570 δε
1140 1538 1256 1569 Nume-

194 1591 258 1612 rum
273 1593 305 1614 ac
326 1583 458 1613 Valorem
472 1581 628 1620 hujusmodi
650 1579 903 1618 Subrogandorum
923 1579 956 1611 &
980 1578 1205 1615 Subrogantium
1224 1578 1255 1607 in

194 1619 292 1652 Terris
306 1622 339 1652 &
355 1621 571 1652 Pofleffionibus
581 1619 815 1657 Temporalibus,

232 1659 270 1690 Et
294 1669 357 1697 eos,
376 1659 413 1690 fic
436 1660 597 1697 Receptos,
616 1657 736 1696 aliosque
755 1666 831 1686 nunc
857 1655 994 1694 Obsides,
1013 1655 1031 1685 si
1054 1664 1125 1693 quos
1146 1654 1254 1691 forsan,

193 1698 235 1728 ob
260 1697 402 1729 defefrum
426 1697 693 1736 Subrogandorum,
712 1705 856 1726 remanere
882 1696 1048 1733 continget,
1068 1694 1100 1723 ad
1121 1693 1255 1723 Castrum

192 1736 323 1767 nostrum
339 1736 468 1766 Eborum
486 1737 654 1774 praedie‘tum
671 1738 772 1772 ducas,
786 1735 818 1764 δε
836 1733 906 1773 ipsos
921 1733 1024 1764 ibidem
1040 1733 1131 1769 salvo,
1146 1732 1254 1769 secure,

193 1778 227 1806 ὃ(
242 1774 360 1805 honeste
371 1797 380 1811 ‚
398 1775 501 1811 absque
518 1774 597 1804 Dura
615 1774 745 1811 Prisona,
763 1771 922 1809 custodias,

231 1812 267 1843 Et
282 1813 350 1843 Nos
365 1813 435 1843 Tibi
453 1814 534 1851 inde,
553 1814 581 1842 iri
599 1812 753 1849 Compoto
766 1821 815 1848 per
831 1819 859 1841 te
875 1809 1036 1848 reddendo,
1053 1809 1179 1841 debitam
1202 1808 1254 1839 Al-

192 1851 366 1882 locationem
382 1852 484 1882 habere
497 1852 632 1881 faciemus
647 1853 675 1880 in
692 1851 742 1880 hac
758 1859 842 1886 parte.

229 1889 317 1920 Teste
331 1889 413 1929 Rege
429 1889 503 1928 apud
518 1889 774 1929 Wstmonasterium
784 1910 793 1926 ,
810 1888 857 1918 xvi
872 1887 918 1918 die
926 1886 1015 1925 Junii.

688 1969 742 1997 Per
756 1968 848 1996 Breve
863 1964 896 1994 de
912 1966 1031 1994 Privato
1047 1964 1145 2003 sigillo.

238 2098 289 2131 De
321 2098 440 2129 Guerra
464 2096 582 2142 Aperta
609 2098 687 2127 inter
709 2096 817 2140 Regem
840 2096 877 2132 ὠ·
903 2094 1021 2127 Ducem
1045 2093 1205 2126 Britanniae

597 2141 827 2191 proclamanda.

77 2169 125 2199 a?

188 2232 362 2301 DE⁶³¹³³<i³
370 2271 399 2302 c
420 2229 604 2300 ‘'³¹³5‘'12df‘321·J
605 2229 810 2301 {suiliessl‘ss’
821 2228 945 2298 &¹²33
956 2226 1251 2298 fficff‘iiwffssofs'ff

207 2280 612 2355 ὶ110.ὃι(1)ἳμίηου(ἳὲῑκεῖἰέῐίὲ,
631 2278 668 2338 <ige
683 2279 826 2352 Eacienffdo
842 2279 1004 2337 Baeviausub
1020 2277 1144 2351 ii‘lagrigl
1151 2304 1251 2343 Sigillo

219 2359 292 2388 egm,
309 2349 413 2379 directa
438 2348 595 2379 Admirallo
619 2346 748 2386 Angliae,
766 2345 859 2385 ejusve
879 2345 1120 2383 Locumtenenti,
1139 2345 1173 2375 &
1196 2343 1251 2374 fin-

38 2406 172 2443 Cleopasm
187 2389 256 2427 gulis
276 2387 504 2418 Vicecomitibus
529 2385 730 2430 Comitatuum
750 2384 863 2428 Anglite
879 2408 888 2423 ,
912 2384 945 2415 δε
967 2384 1050 2428 aliis,
1076 2393 1107 2414 ut
1129 2381 1250 2426 est1fieri

138 2444 171 2471 bl·
187 2426 352 2457 consuetum
369 2449 378 2463 ,
409 2426 443 2456 ad
467 2425 641 2456 Proclamari
661 2423 823 2454 faciendum
845 2433 874 2453 in
899 2422 918 2441 ¹*
943 2422 1030 2453 Locis
1053 2421 1192 2453 consuetis
1213 2422 1248 2452 &

138 2484 170 2510 [i.
185 2466 331 2502 oportunis
340 2468 473 2494 Guerram
488 2472 611 2502 apertam
626 2464 659 2494 ὅ(
674 2462 838 2493 Inimicitias
852 2463 924 2491 inter
938 2461 1102 2491 Dominum
1116 2459 1247 2490 nostrum

39 2250 116 2283 Ann.
132 2250 174 2282 D.

61 2291 145 2328 1426.

38 2333 91 2358 An.
106 2339 134 2365 4..

40 2369 119 2395 11.6.

38 2446 136 2480 F.4.Bi

38 2486 136 2557 gzz'fi‘lq
188 2503 302 2549 Regem
321 2504 430 2547 ejusque
445 2502 564 2547 Regna,
583 2501 737 2546 Dominia,
754 2502 787 2532 &
802 2500 951 2544 Subditos,
969 2501 1002 2531 ἃ
1015 2503 1116 2529 Ducem
1131 2502 1250 2528 Britan-

58 2561 75 2576 *
89 2560 126 2587 X·
190 2552 260 2580 mae,
276 2551 308 2572 ac
326 2552 384 2579 ejus
399 2541 539 2580 Patriam,
559 2541 716 2578 Dominia,
735 2540 768 2571 δε
783 2538 927 2570 Subditos.

41 2606 107 2635 350.

521 2668 569 2698 De
584 2667 684 2710 firlvis
706 2662 915 2699 Condullibus.

41 2765 117 2796 Arm.
132 2764 176 2796 D·
192 2750 311 2816 REX
322 2776 331 2788 ,
348 2761 399 2795 per
416 2749 521 2780 Lite-‚as
539 2750 596 2780 suas
616 2749 766 2793 Patentes,
785 2750 870 2793 usque
885 2750 1010 2793 primum
1025 2748 1102 2779 diem
1126 2748 1248 2788 Augusti

71 2805 156 2843 1426·
274 2791 407 2828 proximo
430 2789 557 2819 futurum
578 2789 734 2826 duraturas,
750 2789 865 2826 iuscepit
886 2798 914 2817 in
937 2787 1040 2817 salvum
1066 2787 1099 2817 δε
1121 2787 1249 2817 securum

40 2848 92 2871 An.
107 2854 136 2879 4,
190 2829 380 2863 Conductum
398 2827 476 2857 suum
488 2850 497 2864 ,
514 2837 547 2857 ac
570 2828 598 2856 in
626 2826 860 2864 protectionem,
879 2827 1069 2862 Tuitionem,
1085 2825 1118 2856 &
1141 2824 1251 2855 Defen-

189 2871 298 2901 sionetn
314 2867 370 2897 suas
385 2865 533 2906 speciales,
551 2865 669 2906 D?²{)sbl
686 2869 780 2902 Rogier
791 2888 800 2903 ,
816 2864 993 2895 Servientem
1012 2866 1096 2892 Ducis
1111 2862 1250 2892 Aurelea-

39 2883 128 2948 ἕηῗ(
145 2929 172 2954 4,
191 2907 293 2948 uenfis,
309 2907 338 2935 in
357 2906 490 2942 Regnum
510 2904 600 2941 Regis
617 2904 742 2942 AngHae,
762 2913 830 2935 cum
852 2902 976 2932 Duobus
995 2901 1039 2931 vel
1061 2902 1168 2932 Tribus
1190 2901 1250 2932 Va-

44 2960 146 2985 H.6.m
190 2948 240 2985 sis,
258 2945 400 2976 Sexcentis
421 2943 494 2981 Pipis
515 2942 581 2972 Vini
605 2943 648 2972 vel
669 2942 741 2972 infra
761 2942 794 2972 ad
809 2941 888 2971 usum
906 2941 988 2978 ipsius
1006 2940 1097 2971 Ducis
1116 2942 1250 2979 careatis,

43 2996 60 3023 ε
191 2995 224 3016 ac
249 2993 316 3015 cum
340 2981 496 3012 Marinariis
520 2991 572 3018 pro
593 2981 694 3011 eisdem
717 2980 795 3010 Vasis
817 2979 1065 3017 competentibus,
1089 2979 1250 3018 veniendo,

63 3016 71 3025 ⁶
192 3022 296 3054 ibidem
314 3020 450 3061 morando
463 3021 496 3050 ὃς
511 3018 760 3062 perhendinando,
779 3020 810 3049 δι
828 3017 930 3048 exinde
943 3017 977 3047 ad
991 3025 1080 3055 partes
1103 3016 1160 3048 suas
1183 3027 1250 3056 pro·
1279 3023 1369 3063 ford³
1386 3024 1419 3054 &
1440 3022 1569 3052 Thomam
1591 3020 1623 3050 de
1649 3017 1800 3059 Hamylton

191 3064 275 3100 prias,
292 3069 360 3090 cum
378 3057 453 3087 Varis
468 3060 500 3089 ἃ
518 3057 674 3087 Mai-inani,-
691 3057 845 3095 praedieiis,
864 3056 1027 3094 redeundo,

228 3099 346 3130 Proviso
362 3096 489 3134 semper,
504 3094 564 3130 &c.
599 3103 658 3126 rout
675 3099 703 3125 in
717 3094 847 3136 fimilibus
861 3097 965 3124 Literis
983 3095 1014 3123 de
1030 3094 1174 3124 Condalio.

228 3137 318 3169 Teste
332 3136 412 3175 Rege
427 3135 500 3172 apud
516 3136 563 3163 W?
587 3134 788 3173 monasterium,
805 3134 912 3165 0&avo
927 3133 973 3163 dic
991 3133 1140 3163 Februarii.

46 3228 109 3258 [bl-d,
193 3211 325 3270 REX,
342 3212 378 3242 de
393 3211 564 3241 avisamento
580 3211 612 3241 &
635 3210 738 3240 assensu
760 3209 886 3240 Concilii
913 3209 973 3247 sui,
990 3219 1039 3246 per
1063 3210 1169 3241 Literas
1194 3210 1251 3241 suas

267 3252 411 3288 Parentes,
427 3250 512 3287 usque
529 3248 643 3279 Festum
658 3248 752 3278 Sane'ii
764 3247 899 3285 johannis
914 3246 1042 3284 Baptistae
1058 3250 1190 3286 proximo
1206 3250 1250 3280 fu-

194 3299 290 3320 turum
306 3290 463 3325 duraturas,
477 3286 591 3324 suscepit
605 3288 634 3316 in
648 3286 752 3316 {alvum
767 3287 799 3316 &
817 3287 944 3316 securum
956 3284 1145 3316 Condudmm
1160 3287 1251 3324 suum,

186 3339 228 3358 ac
245 3329 273 3357 in
298 3327 523 3363 Proteffionem,
542 3325 732 3362 Tuitionem,
750 3326 783 3355 ὃ(
804 3324 1008 3355 Defenfionem
1029 3323 1086 3355 suas
1105 3325 1251 3363 speciales,

195 3364 371 3403 Magistrum
389 3365 496 3394 Oudart
513 3363 649 3402 Cleppier,
665 3361 864 3394 Consiliarium
883 3362 1013 3394 cariffimi
1041 3361 1250 3401 consanguinei

194 3405 285 3444 Regis
299 3406 381 3433 Duris
396 3402 553 3432 Bourboniae
571 3401 609 3437 ό·
629 3402 825 3439 d'Auvergne,
843 3402 876 3432 &
898 3400 1098 3431 Praefidentem
1120 3400 1251 3432 Camerae

195 3444 250 3474 suae
271 3441 484 3479 Compotorum
503 3441 537 3470 ad
561 3440 683 3470 eundem
704 3440 806 3469 locum
828 3439 1000 3469 Bourboniae
1016 3461 1026 3476 ,
1052 3440 1081 3470 in
1109 3439 1250 3477 Regnum

196 3481 289 3518 Regis
312 3480 440 3518 Angli-ae,
459 3488 526 3508 cum
548 3479 686 3517 Qinque
709 3478 837 3508 Personis
856 3479 884 3507 in
907 3476 1054 3507 Comitiva
1075 3478 1138 3516 sua,
1165 3487 1251 3516 penes

195 3520 307 3550 dietum
331 3516 579 3554 consanguineum
602 3516 689 3554 Regis
703 3540 711 3553 ,
736 3516 770 3546 &
788 3540 797 3553 ,
822 3516 942 3546 dileeros
962 3516 995 3545 &
1018 3514 1112 3545 fideles
1134 3515 1224 3547 Reois
1241 3541 1251 3555 ,

197 3558 369 3589 Executores
391 3555 568 3585 Testamenti
597 3553 730 3585 cariffimi
758 3553 880 3584 Domini
903 3554 944 3590 g&
968 3553 1055 3583 Patris
1080 3554 1108 3583 R
1147 3556 1167 3584 is
1183 3541 1253 3585 be-

195 3596 288 3627 funCti
305 3618 315 3633 ,
344 3604 396 3633 pro
417 3594 498 3623 certis
519 3593 641 3631 Agendis
663 3594 697 3624 ὃς
721 3591 858 3629 Negotiis
872 3617 881 3629 ,
905 3591 1010 3631 agenda
1033 3591 1102 3622 dieti
1153 3593 1254 3624 onsan-

196 3636 289 3674 guinei
306 3634 393 3672 Regis
407 3631 598 3670 tangentibus,
613 3640 726 3660 necnon
743 3629 856 3668 Equos,
871 3630 966 3668 Bona,
985 3630 1057 3668 Res,
1073 3632 1106 3662 &
1118 3631 1252 3663 Hernefia

197 3674 241 3703 sua
264 3680 468 3710 quaecumque,
487 3669 643 3706 veniendo,
660 3670 692 3699 ὃς
714 3668 829 3707 exinde,
851 3668 953 3706 absque
976 3670 1185 3706 perturbatione
1207 3670 1253 3701 seu

198 3711 407 3779 {impedimerdto
427 3717 629 3776 qgiocumque,
655 3707 773 3736 durante
787 3716 912 3745 tempore
932 3706 1070 3744 praesentis
1089 3707 1154 3739 salvi
1173 3708 1255 3740 Con-

220 3748 318 3785 uetus,
334 3758 361 3778 re
383 3757 435 3778 eun
456 3757 492 3784 o,

236 3786 351 3817 Proviso
366 3786 491 3822 semper,
509 3781 568 3818 &c.
581 3790 663 3822 prout
680 3786 709 3812 in
725 3786 826 3812 caeteris
841 3782 873 3811 de
887 3783 1023 3812 Condud'i‘u
1038 3786 1151 3813 Literis.

237 3823 326 3855 Teste
338 3824 419 3864 Rege
433 3823 506 3862 apud
517 3822 648 3862 Leycellr.
662 3821 778 3852 decimo
794 3820 870 3851 sexto
883 3820 929 3850 die
947 3820 1054 3852 Martii.

672 3900 725 3929 Per
742 3901 836 3929 Breve
847 3896 879 3928 de
891 3898 1009 3928 Privato
1026 3897 1123 3936 Sigillo.

1293 93 1908 150 NES,L1TERAE,

2125 214 2129 218 ,
2296 213 2298 215 ,
2372 180 2450 215 Ann.
2503 212 2510 220 ,

1295 222 1409 278 REX
1421 245 1431 261 ,
1448 232 1496 261 per
1517 222 1624 253 Literas
1645 220 1702 252 suas
1726 220 1876 259 Parentes,
1895 230 1945 259 per
1959 221 2083 261 quinque
2098 219 2211 253 Menses
2223 223 2358 261 proximo
2395 186 2500 263 14261.2

1369 262 1481 293 futuros
1493 260 1652 302 duraturas,
1670 260 1786 298 suscepit
1802 261 1830 289 in
1846 260 1953 291 salvum
1970 261 2004 292 &
2023 261 2152 292 securum
2166 262 2354 292 Conductum
2374 266 2437 292 Hen.
2456 266 2483 292 6.

1294 296 1398 336 suum,
1423 301 1503 331 acin
1530 299 1741 330 Protestioriem
1757 321 1766 336 ,
1791 298 1957 328 Tuitionem
1973 320 1984 336 ,
2008 299 2042 330 «Sc
2065 298 2273 330 Defenfionem
2296 301 2355 331 suas
2373 302 2437 330 [bid.

1294 336 1440 373 speciales,
1457 337 1616 376 Johannem
1633 337 1774 367 chabanes
1793 337 1994 375 Armigerum,
2019 338 2054 368 &
2071 337 2142 368 duos
2161 338 2305 369 Homines
2324 340 2353 369 iu
2369 349 2406 367 m.
2425 350 2449 369 2..

1294 371 1444 418 Comitiva
1462 375 1508 406 suit
1523 398 1532 413 ‚
1565 376 1599 406 ad
1618 376 1735 412 praesens
1754 377 1783 405 in
1802 375 1910 412 Regno
1928 374 2020 413 Regis
2037 375 2164 406 Franciae
2182 377 2328 408 existentes
2344 401 2356 416 ,

1297 422 1327 443 in
1351 414 1489 454 Regnum
1508 414 1594 452 Regis
1613 414 1722 452 Angliae
1740 415 1882 445 veniendo
1900 438 1910 452 ,
1935 413 1970 443 ad
1988 413 2173 445 deferendum
2190 416 2302 447 Aurum
2319 416 2355 447 &

1295 452 1458 490 Argentum
1484 462 1517 483 ac
1540 454 1589 482 alia
1614 453 1690 482 bona
1707 452 1807 489 ,legalia
1819 476 1830 491 ,
1856 452 1962 483 dileeto
1979 452 2012 483 &
2031 451 2105 482 fideli
2123 452 2212 484 Militi
2230 454 2329 486 nostro
2345 476 2356 493 ,
2407 452 2409 458 '

1296 489 1426 529 Johanm·
1442 490 1627 527 Cornewaile,
1652 500 1705 527 pro
1722 490 1853 521 Financia
1871 493 1982 521 Domini
2000 491 2032 520 de
2046 493 2201 530 Gaucourt,
2226 491 2354 524 Prisona-

1297 530 1330 559 rii
1346 530 1465 567 ejusdem
1483 529 1625 568 Johannis
1643 528 1837 566 Cornewaille,
1855 539 1908 567 pro
1924 528 2055 560 Financia
2073 529 2228 569 praediffli,
2247 531 2354 563 ibidem

1297 568 1438 611 morando
1457 569 1489 600 &
1509 566 1741 606 perhendinando
1753 589 1763 605 ,
1787 567 1820 598 &
1838 567 1939 598 exinde
1954 569 1985 598 in
2005 567 2118 598 dietum
2142 568 2276 608 Regnum
2293 570 2355 601 Re·

1294 614 1337 644 gis
1357 607 1482 637 Franciae
1498 605 1659 643 redeundo,
1675 605 1778 643 absque
1795 605 2004 642 perturbatione
2021 606 2077 638 five
2094 608 2269 645 impetitione
2287 617 2356 646 qua·

1296 654 1438 684 cumque,
1465 654 1578 676 necnon
1596 644 1713 683 Equos,
1737 643 1832 681 Bona,
1849 643 1926 681 ReS,
1944 644 1977 675 &
1992 643 2128 676 Hernefia
2145 645 2190 677 sua
2205 656 2353 685 quaecum-

1297 692 1373 721 que,
1608 699 1612 704 ’

1335 721 1454 753 Proviso
1472 721 1598 760 semper,
1615 720 1676 756 ὅγε.

1330 759 1422 792 Teste
1441 760 1523 800 Rege
1538 759 1613 798 apud
1633 757 1906 799 lfflstmonasterium,
1923 758 2061 791 vicesimo
2078 760 2196 800 septimo
2211 761 2352 803 dieJunii.

1776 838 1830 867 Per
1844 839 1938 867 Breve
1951 836 1983 866 de
1996 838 2116 867 Privato
2130 836 2229 876 Sigillo.

1334 906 1503 947 Confimiles
1530 915 1636 946 Literas
1656 913 1746 953 Regis
1772 912 1901 946 Patentes
1925 913 1961 944 de
1983 913 2059 944 salvo
2078 913 2236 945 condrion
2252 914 2355 948 habent

1295 954 1441 994 Johannes
1460 956 1536 984 Petit
1553 955 1587 984 ὅ(
1607 953 1701 984 Heliot
1718 953 1750 982 de
1769 955 1891 993 Linaye,
1908 962 1977 984 cum
1995 953 2106 984 duobus
2122 953 2310 985 Servientibus
2326 956 2358 986 in

1297 993 1446 1026 Comitiva
1463 992 1510 1024 suit
1526 992 1576 1023 sub
1592 991 1694 1024 eadem
1714 991 1799 1022 Data.
2388 988 2389 992 ’

1940 1070 1994 1099 Per
2008 1069 2077 1100 idem
2095 1072 2197 1100 Breve.

1362 1148 1437 1187 EX,
1456 1157 1504 1186 per
1522 1147 1629 1178 Literas
1646 1147 1703 1177 suas
1720 1146 1867 1184 Parentes,
1885 1155 1934 1184 per
1947 1146 2022 1176 Tres
2038 1145 2150 1176 Menses
2161 1147 2295 1184 proximo
2308 1147 2352 1179 fu-
2370 1166 2408 1194 lb·

1379 1197 1456 1219 turos
1474 1187 1616 1217 duraturas
1629 1210 1639 1224 ,
1662 1186 1777 1224 suscepit
1795 1186 1824 1215 in
1843 1184 1949 1215 salvum
1967 1185 2000 1216 &
2018 1185 2146 1215 securum
2165 1184 2352 1218 Conduetum
2398 1169 2464 1196 'dm

1293 1225 1373 1256 suum
1389 1250 1398 1264 ,
1424 1235 1457 1256 ac
1476 1227 1505 1254 in
1524 1224 1741 1257 Proteftionem
1759 1224 1792 1254 &
1809 1222 2017 1253 Defenfionem
2036 1223 2094 1254 suas
2113 1223 2260 1263 speciales,
2287 1229 2355 1256 Tou·
2373 1215 2409 1235 m·
2428 1215 2456 1241 7'

1287 1263 1396 1303 fiiuntz
1411 1265 1442 1294 de
1461 1263 1596 1302 challeii,
1619 1264 1796 1293 Servientem
1814 1261 1914 1291 Karoli
1931 1265 2039 1291 comitis
2056 1262 2089 1291 de
2107 1263 2182 1301 Ew,
2205 1262 2354 1295 Prisbnarii

1295 1303 1401 1342 Regis,
1428 1305 1457 1333 in
1476 1302 1612 1342 Regnum
1631 1302 1720 1340 Regis
1741 1301 1763 1331 F
1766 1301 1883 1339 ranciae,
1908 1300 1942 1330 ad
1963 1300 2179 1339 Acquirendurn
2199 1301 2354 1334 Monetam

1293 1341 1328 1372 de
1348 1342 1456 1372 Amicis
1474 1341 1602 1379 praediffi
1619 1340 1734 1377 Karoli,
1753 1349 1805 1377 pro
1825 1338 1922 1369 Rebus
1941 1338 1990 1368 fibi
2008 1338 2165 1370 necessariis
2183 1340 2216 1371 ὃς
2234 1350 2354 1379 oportu-

1293 1381 1351 1418 nis,
1368 1379 1551 1417 transeundo,
1571 1379 1603 1409 δε
1623 1379 1729 1408 ibidem
1747 1377 1905 1414 morando,
1929 1377 1963 1408 δε
1979 1377 2079 1408 exinde
2097 1378 2127 1407 in
2142 1378 2253 1409 diffisum
2271 1379 2354 1419 Reg-

1294 1428 1363 1448 num
1390 1418 1476 1457 Regis
1495 1417 1607 1456 Angliae
1623 1416 1795 1447 reveniendo
1813 1440 1822 1454 ,
1849 1414 2004 1446 deferendo
2021 1415 2117 1447 secum
2136 1417 2272 1454 praedie‘co
2291 1421 2353 1448 Ka-

1292 1456 1346 1486 rolo
1374 1457 1528 1487 Monetam
1555 1466 1606 1493 pro
1633 1455 1732 1486 Rebus
1760 1455 1809 1485 sibi
1826 1454 1982 1485 necessariis
1997 1454 2030 1485 &
2049 1456 2196 1493 oportunis
2210 1479 2220 1494 ,
2250 1456 2354 1496 absque

1291 1497 1502 1535 perturbatione
1523 1496 1567 1525 vel
1585 1495 1791 1531 impedimento
1811 1502 2015 1531 quocumque,

1330 1533 1449 1564 Proviso
1469 1533 1576 1570 semper
1616 1533 1673 1563 uod
1692 1532 1842 1570 predictus
1859 1531 2035 1572 Toufimntz,
2052 1530 2112 1566 &a

1331 1572 1421 1603 Teste
1440 1572 1522 1611 Rege
1541 1542 1615 1609 apud
1635 1570 1739 1601 Villam
1750 1569 1831 1610 fiiam
1850 1569 1981 1609 Leycestr.
1997 1570 2112 1602 decimo
2127 1570 2173 1601 die
2188 1569 2271 1602 Maii.

1768 1647 1820 1676 Per
1837 1648 1930 1676 Breve
1942 1646 1974 1676 de
1989 1648 2109 1677 Privato
2121 1647 2222 1686 Sigillo-

2393 1766 2463 1796 0X.

1289 1861 1429 1923 REX,
1457 1869 1506 1897 per
1524 1858 1629 1890 Literas
1646 1857 1703 1889 suas
1721 1856 1867 1895 patentes,
1893 1865 1943 1895 per
1958 1855 2123 1887 Dimidium
2141 1856 2220 1888 Anni
2238 1857 2351 1891 duratu-
2371 1813 2450 1874 ΧΨ·
2464 1842 2508 1875 D*

1286 1937 1310 1969 P
1370 1910 1427 1944 ras,
1450 1899 1565 1967 ωίὲερΊιζ
1584 1899 1613 1942 in
1630 1897 1734 1927 salvum
1742 1896 1786 1964 ἐς
1796 1895 1929 1963 ΙΐξεὲτυΓπι
1946 1893 2141 1964 Οοηῖυᾶιῖῐῖ
2153 1896 2249 1941 suurn,
2266 1908 2299 1928 ac
2316 1899 2348 1944 in
2370 1881 2482 1957 (ᾗῇ-ἰό-

1284 1940 1528 2015 irretiisse}
1543 1998 1552 2012 ,
1566 1945 1770 2004 “iream
1787 1935 2345 2017 owimlggfszl
2367 1962 2402 1987 H.
2420 1961 2455 1988 ⁶.

1285 2015 1445 2047 Servie'ntes
1462 2017 1573 2043 Domini
1590 2013 1622 2042 de
1639 2010 1795 2042 Frendrath
1807 2033 1816 2048 ,
1842 2020 1921 2041 umus
1940 2010 2084 2041 Oblidum
2102 2010 2245 2043 Cariffimi
2263 2012 2347 2044 Con-

1286 2054 1428 2093 sanguinei
1451 2051 1543 2088 Regis
1566 2051 1667 2090 Jacobi
1691 2053 1766 2088 Regis
1791 2052 1925 2079 Scotorum
1938 2072 1948 2086 ,
1974 2050 2003 2079 in
2022 2049 2161 2087 Regnum
2178 2050 2266 2089 Regis
2285 2051 2349 2084 An-

1286 2093 1367 2131 gliae,
1392 2101 1461 2124 cum
1483 2090 1608 2120 Duobus
1623 2089 1813 2120 Servientibus
1829 2097 1884 2126 pro
1906 2087 2033 2125 quolibet
2052 2088 2257 2126 praedicirorum
2273 2090 2349 2121 Wil-
2372 2082 2420 2113 ¹⁰³<

1286 2130 1386 2169 lielmi,
1412 2129 1592 2166 Alexandri,
1612 2129 1645 2160 ἃ
1664 2126 1820 2166 Johannis,
1846 2125 1989 2157 veniendo
2002 2149 2012 2165 ,
2038 2126 2145 2157 ibidem
2164 2128 2196 2158 in
2212 2128 2351 2167 obsequio

1289 2170 1414 2207 ejusdem
1432 2168 1556 2200 Domini
1576 2165 1715 2198 morando
1729 2189 1739 2205 ,
1761 2165 1794 2197 &
1810 2163 1913 2196 abinde
1932 2164 1966 2195 ad
1984 2174 2073 2204 partes
2089 2164 2147 2197 suas
2166 2167 2292 2206 proprias
2309 2177 2355 2206 re-⁴

1287 2208 1446 2278 dePrigcxiiso
1464 2245 1593 2284 semper,
1611 2243 1672 2280 ὅγε.

1324 2284 1414 2318 Teste
1431 2285 1514 2325 Rege
1532 2283 1606 2323 apud
1623 2280 1756 2324 Leycestr.
1775 2280 1911 2313 vicefitno
1928 2281 2031 2320 quinto
2050 2280 2096 2313 die
2114 2281 2267 2314 Februarii.

1556 1771 1583 1798 ἒ*
1617 1775 1676 1806 Pro
1697 1768 1903 1805 Servientibm
1924 1768 2080 1814 Olfidum.

1287 2363 1458 2396 Consimiles
1477 2363 1586 2393 Literas
1605 2360 1694 2400 Regis
1709 2360 1839 2391 Parentes
1856 2358 1963 2390 habent
1981 2357 2143 2397 subscripti,
2169 2369 2220 2398 per
2239 2369 2355 2401 tempus

1419 2401 1590 2441 praedistum
1607 2399 1762 2437 duraturaS,
1779 2398 1830 2429 sub
1845 2397 1946 2429 eadem
1959 2395 2054 2436 Data,
2073 2398 2222 2439 videlicet,

1323 2484 1468 2524 Johannes
1482 2482 1606 2524 Flemyng
1620 2507 1630 2521 ,
1655 2480 1801 2520 Johannes
1818 2482 1970 2519 Mortymer
1987 2501 1997 2517 ,
2021 2476 2169 2508 Nicholaus
2184 2481 2351 2521 Lusium*

1285 2525 1318 2556 &
1338 2524 1466 2554 Robertus
1482 2522 1514 2552 de
1532 2524 1615 2552 Mare
1627 2545 1636 2559 ,
1654 2521 1812 2552 Servientes
1832 2521 1945 2548 Comitis
1960 2517 1992 2547 de
2012 2515 2164 2556 Craufurde
2182 2520 2264 2550 unius
2281 2520 2348 2551 Ob.

1288 2563 1379 2595 fidum
1390 2586 1399 2602 ,
1416 2561 1476 2598 &a
1494 2568 1525 2591 ut
1535 2560 1631 2601 Jiapra.

1327 2639 1449 2679 Jacobus
1467 2638 1500 2668 de
1518 2638 1600 2669 Wde
1617 2660 1627 2674 ,
1649 2636 1682 2667 &
1701 2638 1791 2664 Simon
1809 2635 1888 2672 Lyon
1905 2655 1915 2671 ,
1942 2632 2100 2665 Servientes
2115 2633 2230 2663 Patricii
2248 2636 2354 2674 Lyon3

1288 2682 1368 2710 unius
1387 2677 1548 2715 Obfidum,
1564 2674 1625 2711 &a
1645 2681 1676 2704 ut
1685 2673 1779 2712 sttpra.
1958 2692 1963 2696 .

1323 2754 1457 2784 Patricius
1475 2753 1508 2782 de
1526 2750 1668 2790 Hepburne
1685 2773 1695 2787 ,
1723 2747 1889 2779 Willielmus
1906 2747 1937 2777 de
1959 2747 2104 2786 Hepburne
2149 2748 2183 2779 &
2204 2747 2351 2787 Johannes

1286 2792 1481 2832 Halyburton‚
1500 2789 1657 2822 Servientes
1675 2790 1786 2818 Domini
1803 2786 1836 2816 de
1855 2785 1959 2827 Halys,
1978 2787 2079 2825 unius,
2096 2770 2157 2822 ὅτ.
2173 2793 2206 2816 ut
2215 2788 2311 2826 sopra.

1361 2867 1444 2907 EX,
1461 2878 1510 2907 per
1537 2867 1642 2898 Literas
1668 2864 1725 2895 suas
1750 2863 1880 2895 Patentes
1893 2886 1903 2901 ,
1927 2861 2014 2901 usque
2057 2863 2162 2894 rimum
2180 2862 2256 2893 diem
2274 2861 2350 2894 Maii

1373 2908 1507 2946 proximo
1522 2905 1648 2936 futurum
1660 2903 1818 2940 duraturas,
1837 2901 1874 2932 de
1890 2900 1996 2932 affensu
2065 2901 2141 2944 ncilii
2160 2900 2217 2939 sui,
2231 2900 2349 2940 suscepit

1289 2948 1318 2977 in
1340 2946 1447 2977 salvum
1469 2945 1502 2976 &
1524 2944 1651 2974 securum
1674 2940 1862 2972 Condustum
1885 2939 1966 2970 suum
1980 2961 1991 2978 ,
2017 2948 2050 2968 ac
2067 2948 2095 2968 in
2113 2937 2350 2978 Protectionem,

1289 2985 1462 3016 Tuitionem
1475 3006 1484 3021 ,
1510 2984 1543 3014 &
1565 2980 1771 3012 Defensionem
1786 2979 1845 3010 suas
1870 2978 2018 3022 speciales,
2065 2975 2197 3022 ohennem
2215 2977 2248 3007 de
2263 2976 2348 3008 Glas-

1290 3061 1405 3092 Obsidis
1428 3071 1481 3098 pro
1506 3062 1575 3096 Rege
1600 3061 1735 3088 Scotorum
1757 3057 1786 3085 in
1807 3015 2029 3098 Rggdgleffeegis
2043 3013 2165 3096 53¹1}ss
2178 3014 2351 3092 {daggtiqezg

1290 3099 1431 3131 existentis
1444 3122 1455 3136 ,
1478 3107 1554 3129 extra
1571 3096 1646 3127 idem
1672 3095 1809 3138 Regnum
1831 3101 1860 3122 m
1884 3091 2022 3130 Regnum
2036 3089 2159 3128 Scouae,
2175 3101 2246 3122 cum
2264 3091 2352 3124 Bonis

1291 3141 1324 3171 &
1342 3137 1485 3169 Hemesiis
1500 3137 1553 3167 suis
1565 3136 1646 3166 licitis
1661 3131 1884 3174 quibuscumque
1907 3130 1952 3173 ‘ad
1967 3129 2079 3173 Aurum
2113 3128 2273 3167 Argentum
2286 3154 2296 3169 ‚
2314 3132 2351 3163 δε

1286 3178 1337 3209 alia
1351 3177 1499 3208 necessaria
1519 3184 1571 3212 pro
1583 3170 1715 3214 Expennsis
1729 3168 1783 3199 Ma
1803 3167 1862 3198 istri
1876 3152 1914 3198 st'ii
1927 3167 2055 3211 praediessti
2076 3151 2241 3212 deferenda,
2259 3176 2349 3200 trans-

1288 3215 1384 3247 eundo
1404 3238 1414 3253 ,
1435 3215 1468 3244 δε
1489 3211 1588 3242 exinde
1608 3211 1638 3239 in
1659 3208 1770 3238 dissum
1821 3216 1926 3246 egnum
1950 3206 1997 3250 Re
2018 3207 2230 3250 islreveniendo
2245 3230 2255 3246 ,
2274 3216 2306 3238 ac
2320 3208 2352 3238 in

1289 3255 1399 3285 dieium
1416 3253 1445 3283 R
1483 3259 1554 3280 num
1568 3248 1675 3279 Scotiae
1687 3244 1830 3276 redeundo
1843 3268 1852 3284 ,
1879 3245 1912 3275 &
1929 3253 1992 3274 exin
2013 3254 2029 3274 e
2046 3254 2074 3274 in
2086 3244 2198 3276 dietum
2212 3244 2348 3285 Regnum

1290 3293 1382 3326 Regis
1399 3260 1513 3326 Anffiiae
1528 3285 1713 3323 revertendo,
1732 3283 1839 3315 duabus
1853 3283 1964 3315 vicibus
1980 3290 2112 3321 tantum,

1329 3328 1448 3360 Proviso
1460 3326 1586 3364 semper,
1603 3323 1664 3360 &a
2155 3359 2160 3364 ¹

1323 3367 1415 3398 Teste
1429 3365 1512 3404 Rege
1527 3363 1601 3403 apud
1614 3360 1745 3404 Leycistr.
1764 3360 1903 3393 vicefimo
1917 3367 2017 3399 quarto
2031 3358 2078 3390 die
2097 3357 2181 3390 Maii.

1792 3439 1846 3468 Per
1860 3440 1951 3467 Breve
1965 3436 1997 3466 de
2012 3437 2132 3467 Privato
2144 3434 2241 3475 Sigillo.

1525 3517 1694 3549 Consimiles
1710 3516 1820 3547 Literas
1829 3515 1936 3547 habent
1953 3512 2117 3552 subscripti,

1331 3595 1488 3627 Servientes
1501 3593 1620 3624 Gilberti
1633 3595 1698 3633 Hay
1711 3591 1835 3622 Obsidis.

1331 3635 1487 3666 Servientes
1504 3631 1647 3663 Willielmi
1664 3629 1798 3672 Olyfaunt
1813 3627 1936 3659 Obfidis.

1331 3673 1492 3704 Servientes
1512 3669 1654 3701 Willielmi
1666 3669 1697 3698 de
1714 3668 1846 3699 Ruthven
1861 3665 1986 3696 Obfidis.

1333 3711 1491 3742 Servientes
1509 3708 1609 3747 Jacobi
1625 3708 1657 3737 de
1674 3706 1836 3747 Sandyland
1848 3704 1973 3747 Obsidis.

1332 3749 1490 3779 Servientes
1510 3745 1656 3776 Willielmi
1667 3746 1699 3774 de
1713 3743 1834 3782 Douglas
1849 3741 1973 3772 Obiidis.

1330 3787 1490 3817 Servientes
1507 3784 1630 3814 Andreae
1648 3787 1722 3824 Gray
1740 3782 1868 3825 obfide,
2054 3814 2059 3820 ·

1334 3825 1491 3858 Servientes
1503 3825 1618 3854 Patricii
1630 3822 1662 3853 de
1679 3820 1797 3853 Dunbar
1812 3817 1946 3851 Chivaler
1960 3811 2082 3847 obfidis.
