2562 4274
168 120 244 168 198

26 210 102 240 Αῃῃ,
117 208 157 238 D,
170 212 224 241 pro
241 203 310 239 Rege
325 203 445 232 Franciae
464 199 515 232 nisi
536 201 687 241 praefatum
710 201 875 232 Dominum
900 207 998 231 meum
1019 202 1167 229 Henricum
1183 201 1236 229 Re-

27 255 138 315 ³2:1³2:

53 2716 108 2743 ’Χ-
122 2723 185 2751 559-

169 252 227 281 gem
242 241 276 272 &
289 240 424 271 Haeredes
436 237 516 277 suOS,
533 249 588 270 nec
609 240 660 270 ulli
680 249 808 278 unquam
829 239 964 270 obedient
981 262 991 278 ,
1010 247 1142 275 tanquam
1168 240 1235 275 Regi

173 282 314 349 francie,
339 278 390 309 nisi
412 278 504 309 eidem
525 277 661 308 Domino
685 288 754 308 meo
773 281 891 321 ῌεηνίω
913 278 979 316 Regi
1004 277 1038 308 &
1064 276 1237 307 Haeredibus

187 327 236 348 uis.

211 355 284 387 1¹1·ss
295 363 339 393 M,
357 353 435 392 quod
447 377 456 391 ,
473 353 493 384 fi
506 355 540 386 &
552 355 680 392 quatinus
693 354 777 384 eidem
796 356 912 385 Domino
928 363 984 383 meo
1000 355 1064 391 Regi
1078 353 1130 383 erit
1151 361 1236 396 com-

175 394 312 433 placitum
322 416 332 430 ‚
349 393 417 423 Nos
430 392 551 423 Karalus
563 395 633 422 Dux
641 392 790 431 praedioius
803 393 938 423 faciemus
949 393 1032 423 etiam
1047 391 1127 429 quod
1141 390 1233 421 aliiA-

177 433 246 463 mici
260 430 363 468 nostri,
379 432 427 470 qui
449 440 508 461 non
531 431 593 461 sunt
614 432 650 461 de
673 430 784 468 Regno
808 430 935 461 Franciae
957 430 1128 467 (videlicet)
1147 432 1237 459 Duces

178 469 352 500 Mediolanen
364 480 385 498 15
400 468 438 504 ό·
451 469 610 507 Sabaudiae,
627 471 661 500 &
675 468 839 510 Marquifius
856 471 976 499 Senariae
993 491 1002 506 ,
1020 478 1074 506 pro
1095 467 1148 504 Se,
1165 467 1238 512 Hae-

179 509 291 539 redibus
358 509 439 546 erris,
458 507 622 545 Dominiis,
638 508 672 538 &
692 508 819 538 Subditis
841 506 892 538 suis
914 507 1159 547 quibuscumque,
1177 505 1237 535 Ini-

180 549 271 584 bunt,
291 530 480 585 Component
492 569 502 584 ,
517 546 550 576 &
563 546 668 576 facient
680 545 789 584 Bonas,
808 546 933 584 Firmas,
952 545 1050 576 Reales
1070 545 1116 574 seu
1137 543 1238 588 Perso-

180 586 256 615 nales
271 585 432 623 Amicitias,
446 585 624 623 Alligantias,
642 585 675 615 &
702 584 998 622 Confoederationes,
1023 592 1076 623 pro
1098 583 1238 613 electione

181 622 609 700 iffsseiffib‘iffhsscmffissgssssgsffi}
622 625 809 692 fficissdee‘?
818 626 941 700 ᾗέἴῖζ
952 624 1113 698 83εὲῗὲἑέ
1133 620 1241 698 Ρὲἳζὲἰ

1122 682 1131 696 Ί

182 699 331 737 neraliter,
350 683 462 737 ‘'serris,
491 700 637 730 Dominiis
651 723 661 738 ,
688 701 721 732 &
738 700 871 735 ,Subditis
892 699 1015 739 ejusdem
1036 698 1162 730 Domini
1183 698 1241 728 mei

182 738 271 776 Regis
286 738 516 783 quibuscumque.

221 777 266 807 IT
276 785 293 806 E
304 784 349 815 M,
374 775 570 807 Promittimus
584 775 665 814 quod
680 776 766 807 Villas
782 775 890 806 nostras
902 775 1047 806 d'Orleans
1060 776 1094 807 &
1111 775 1143 805 de
1158 774 1244 813 Blois,

185 814 219 846 ἃ
236 815 340 853 reliqua
359 814 460 853 Villas,
478 815 593 854 Castra,
613 815 765 853 Fortalitia,
781 815 884 846 Patrias
896 816 929 846 &
949 815 1028 846 Loca
1043 823 1244 852 quaecumque,

185 852 219 881 ad
238 852 305 883 Nos
326 853 476 890 spectantia
489 876 498 892 ,
522 864 661 892 ponemus
682 854 787 885 realiter
807 854 841 886 &
861 853 897 884 de
918 853 995 884 facio
1017 863 1071 892 pto
1093 852 1247 895 Securitate

186 890 406 928 Complementi
419 895 549 923 omnium
567 893 684 923 aliorum
700 894 732 923 ὃ(
748 893 918 931 singulorum
934 891 1147 922 Praemilsorum
1167 891 1243 921 Arti-

184 928 319 959 culorum
330 952 340 968 ,
358 939 406 968 per
420 930 489 961 Nos
504 931 676 961 Oblatorum
691 932 725 962 δε
741 930 966 968 promissorum,
986 931 1016 960 in
1032 938 1169 960 eventum
1186 938 1246 968 quo

185 967 244 998 Pax
264 969 397 1006 praedicta
409 970 505 999 modo⁴
517 969 660 1009 praemiffo
677 979 735 999 non
751 968 827 999 fieret
841 970 874 1000 &
892 969 1040 999 haberetur
1049 991 1059 1007 ,
1074 977 1188 998 necnon
1202 967 1245 998 se-

185 1008 337 1044 quentium
357 1008 568 1045 Articulorum,
586 1009 616 1037 in
634 1008 685 1037 hiis
700 1007 802 1038 Literis
827 1006 930 1038 nostris
949 1015 1168 1045 contentorum,
1186 1005 1247 1036 Po-

186 1054 287 1075 nemus
300 1048 344 1075 seu
361 1044 434 1075 Poni
453 1046 605 1084 faciemus,
621 1046 725 1076 realiter
739 1047 771 1076 &
795 1046 830 1077 de
855 1045 951 1084 fadto,
976 1047 1005 1076 in
1031 1044 1156 1076 Manum
1177 1045 1246 1076 dieti

185 1082 312 1114 Domini
327 1084 382 1113 mei
399 1086 512 1113 Henrici
525 1086 618 1122 Regis,
637 1086 670 1116 ὃς
684 1084 827 1122 potissime
846 1083 950 1122 Villas,
967 1083 1085 1122 Castra,
1101 1085 1135 1114 ὃς
1163 1083 1244 1115 Loca

183 1122 220 1152 de
236 1120 317 1159 Bloys
349 1121 546 1161 Chastaudum,
561 1125 594 1154 &
612 1122 725 1154 Lafette
741 1122 837 1153 Milon
851 1144 861 1160 ‚
881 1132 946 1160 quae
967 1123 1082 1162 quidem
1106 1123 1193 1160 usque
1211 1122 1246 1153 ad

185 1169 296 1198 tempus
317 1144 504 1191 [iberationis
525 1161 629 1192 nostrae
653 1161 783 1191 Personae
811 1161 972 1192 custodient
993 1161 1149 1192 Servientes
1172 1171 1246 1200 quos

183 1199 274 1229 dietus
289 1202 419 1228 Dominus
434 1211 505 1229 meur
517 1202 577 1229 Rex
592 1199 627 1231 ad
642 1200 698 1230 hoc
713 1200 832 1231 voluerit
849 1200 1038 1239 appundltuare
1052 1200 1085 1231 &
1100 1199 1229 1230 ordinare
1244 1211 1255 1238 3

183 1236 332 1275 videlicet,
349 1238 433 1276 usque
447 1238 481 1269 ad
497 1238 665 1270 Numerum
682 1239 896 1278 Qiinquaginta
903 1237 1069 1270 Hominum
1079 1237 1248 1277 Armorum,

186 1276 220 1306 &
237 1274 366 1306 Centum
384 1279 417 1307 &
429 1278 630 1317 quinquaginta
642 1276 807 1308 Hominum
824 1277 857 1308 ad
871 1277 1031 1316 Tradfflm,
1048 1277 1250 1308 solvendorum

186 1314 231 1345 seu
246 1313 451 1352 stipendiorum
470 1316 505 1348 de
520 1316 552 1348 &
570 1316 596 1346 su
635 1327 648 1346 r
663 1316 925 1355 Appatisiamentis,
943 1315 1084 1355 capiendis
1105 1316 1138 1347 &
1154 1316 1250 1346 levan-

186 1353 229 1384 dis
242 1354 272 1383 in
289 1354 399 1391 Terris,
417 1353 571 1392 Patriis,&
589 1325 735 1385 &minus
746 1354 933 1386 Inimicorum
949 1355 982 1386 &
997 1353 1159 1384 Rebellium
1175 1364 1247 1393 prae-

186 1392 236 1422 fati
252 1394 364 1421 Domini
377 1395 455 1430 Regis
471 1393 540 1423 ultra
554 1392 662 1423 flumen
678 1392 801 1432 Ligeris:
824 1392 933 1435 Quod,
949 1393 967 1422 fi
984 1402 1043 1422 non
1059 1391 1170 1430 poffcnt
1186 1393 1248 1432 Ap—

188 1430 378 1470 patissamenta
391 1431 553 1469 hujusmodi
567 1432 601 1462 ad
614 1431 672 1462 hoc
686 1430 830 1469 sufficere,
848 1431 968 1461 solvetur
984 1432 1017 1462 &
1038 1430 1250 1471 stipendiabitur

190 1478 324 1499 numerus
341 1468 480 1499 Gentium
496 1469 713 1508 praedictarum,
731 1470 767 1500 de
784 1468 910 1508 Reliquo
921 1492 932 1508 ,
946 1468 1026 1507 super
1039 1470 1072 1501 &
1089 1469 1126 1499 de
1140 1469 1248 1500 Reddi-

189 1508 264 1538 tibus
279 1508 311 1538 &
336 1506 525 1539 Proventibus
545 1507 701 1538 Terrarum
723 1509 755 1539 ὃς
781 1507 993 1539 Dominiorum
1014 1507 1175 1540 nostrorum
1193 1533 1203 1547 ,
1222 1510 1251 1540 in

192 1546 301 1586 Regno
314 1546 442 1577 Franciae
475 1547 593 1577 raediCto
613 1546 799 1577 existentium.

227 1583 275 1615 Ιτ
287 1593 362 1622 ΒΜ,
380 1587 442 1622 quo
475 1585 609 1615 nonnulla
623 1584 779 1624 Civitates,
798 1585 899 1624 Villas,
917 1585 950 1617 &
966 1585 1064 1617 Castra
1079 1609 1089 1624 ,
1107 1596 1170 1625 quae
1190 1596 1251 1617 non

191 1622 253 1661 sunt
269 1623 305 1654 de
321 1622 463 1653 Dominio
479 1623 594 1660 nostro,
613 1625 646 1655 &
663 1625 833 1655 nominatim
848 1624 928 1664 quod
941 1623 1045 1663 Villas,
1070 1624 1171 1656 Castra
1190 1648 1200 1663 ,
1218 1626 1251 1656 ὅ(

193 1661 335 1692 Fortalitia
349 1661 386 1691 de
400 1660 428 1690 la
443 1660 562 1691 Rochelle
575 1662 609 1692 &
623 1662 660 1692 de
672 1665 756 1692 Mont
769 1666 852 1693 Saint
868 1661 984 1693 Michiel
996 1663 1132 1694 faciemus
1153 1665 1178 1694 se
1195 1663 1254 1693 Po·

192 1710 260 1730 nere
274 1701 304 1730 in
320 1699 462 1737 Manum,
476 1699 698 1740 obedientiam,
717 1702 750 1733 ὅ(
766 1701 980 1740 Subjestionem
1023 1702 1110 1733 raefati
1129 1701 1254 1733 Domini

193 1739 283 1768 nostri
298 1740 354 1768 mei
370 1740 482 1768 Henrici
494 1741 591 1777 Regis,
609 1740 643 1771 &
664 1740 744 1780 quod
769 1739 963 1780 Occupatotes
1037 1741 1200 1778 abitatores,
1219 1742 1253 1772 δε

191 1776 300 1807 Incolas
313 1778 482 1808 eorumdem
495 1778 631 1808 faciemus
645 1778 868 1816 Recognoscere
877 1778 968 1817 ipsum
1010 1781 1141 1810 ominum
1156 1789 1253 1810 meum

192 1818 338 1885 Henrgum
352 1818 447 1855 Regem
459 1826 511 1857 pro
525 1826 544 1848 v
554 1825 572 1848 e
582 1826 638 1850 Ro
657 1815 776 1849 Reos
795 1817 879 1849 ΒΚΑ
890 1825 997 1850 thffi
1013 1819 1047 1850 &
1057 1818 1189 1850 Domino
1204 1828 1253 1849 eo-

191 1863 256 1885 rum
289 1865 307 1886 u
361 1864 438 1886 emo.

227 1893 299 1924 ΙΤΕ
309 1864 360 1932 gip:
375 1893 469 1933 Qiod
484 1893 569 1926 Villas
592 1894 629 1927 de
649 1897 776 1938 Lymoges
786 1919 798 1935 ,
815 1896 950 1936 zaintes,
972 1899 1104 1936 Bourger,
1129 1894 1252 1937 chinon,

190 1934 331 1971 Poutierr,
350 1935 490 1973 Tournay,
510 1936 606 1973 Tonis,
625 1937 799 1975 Befiers,·&
814 1935 915 1966 Leches
936 1936 1070 1968 faciemus
1090 1938 1116 1967 se
1136 1936 1251 1967 Ponere

189 1972 219 2000 in
242 1970 382 2009 Manum,
401 1972 619 2010 obedientiam,
635 1974 897 2013 &Subjetstionem
919 1974 1026 2014 praefati
1057 1974 1180 2006 Domini
1197 1977 1253 2006 mei

192 2011 305 2039 Hel-irici
322 2013 414 2048 Regis,
431 2012 464 2042 &
479 2012 557 2051 quod
574 2011 785 2052 Occupatores,
802 2012 982 2046 Habitatores
997 2038 1007 2052 ,
1032 2014 1065 2045 &
1088 2013 1196 2044 incolas
1213 2014 1253 2045 fa-

192 2049 300 2079 ciemus
330 2049 549 2118 Recoffinoscere
572 2051 662 2120 ilpsum
684 2051 850 2083 Dominum
872 2061 968 2083 meum
991 2055 1138 2083 Henricum
1158 2056 1254 2091 Regem

192 2096 247 2156 gro
269 2097 383 2118 veno
460 2097 508 2119 ec,
522 2098 540 2119 ε
589 2090 782 2123 ‘RANCIAE
822 2098 874 2121 ιτ
899 2090 1081 2122 ΒοΜιΝο
1106 2099 1254 2123 nonum

220 2134 242 2155 υ
253 2134 271 2156 P
281 2134 299 2156 Ρ
309 2135 332 2157 R
345 2135 362 2156 Ε
373 2134 398 2156 Μ
408 2137 437 2158 ο.

230 2164 270 2196 Et
284 2166 381 2208 quod,
398 2166 415 2196 si
430 2176 482 2205 qua
494 2165 539 2196 seu
552 2166 628 2206 quod
643 2167 784 2198 Villarum
794 2190 804 2206 ‚
820 2167 1004 2208 Castrorum,
1028 2168 1075 2201 seu
1095 2168 1254 2201 Fortalitio-

194 2213 260 2233 rum
276 2204 479 2249 praedictorum
490 2228 499 2243 ,
517 2210 546 2235 in
563 2206 690 2244 praesenti
706 2206 837 2238 Articulo
853 2207 1071 2247 descriptorum,
1089 2209 1190 2247 quovis
1202 2208 1256 2239 ob-

193 2241 298 2272 staculo
316 2243 460 2283 impediti,
476 2254 535 2274 non
549 2247 704 2282 poterimus
718 2247 748 2276 in
766 2245 891 2277 Manum
904 2247 974 2277 dieti
997 2249 1110 2277 Domini
1132 2251 1183 2277 mei
1203 2249 1256 2278 Re-

189 2284 231 2322 gis
247 2281 375 2326 Ponere,
389 2292 435 2314 aut
449 2282 468 2313 ii
481 2292 567 2322 quam
583 2283 628 2314 seu
641 2284 719 2324 quod
736 2285 903 2315 eorumdem
917 2285 941 2316 V
946 2286 1067 2325 illarum,
1075 2284 1258 2325 Castrorum,

194 2323 239 2350 teu
254 2319 463 2352 Fortalitiorum
480 2323 630 2360 contingat
645 2323 700 2353 alio
715 2322 806 2353 modo
819 2323 864 2354 seu
880 2334 928 2362 per
944 2324 978 2355 ali
1146 2324 1175 2356 in
1190 2324 1257 2356 Ma-

196 2367 268 2388 num
283 2359 353 2389 dicti
374 2362 481 2390 Domini
494 2364 546 2390 mei
564 2363 643 2400 Regis
728 2363 823 2400 enire,
841 2363 927 2400 Nos,
947 2364 1010 2394 vice
1029 2363 1063 2394 &
1080 2363 1150 2395 loco
1171 2364 1258 2403 illius,

198 2396 360 2437 Ponemus,
376 2402 421 2430 seu
436 2401 505 2438 poni
519 2400 627 2430 realiter
673 2402 781 2431 ciemus
796 2403 829 2432 &
844 2400 880 2431 de
893 2401 988 2439 facto,
1003 2403 1034 2431 in
1050 2401 1174 2433 Manum
1188 2403 1257 2441 ejus-

195 2435 261 2466 dem
278 2436 402 2479 Domini
417 2439 472 2470 mei
487 2440 602 2469 Henrici
615 2441 693 2477 Regis
707 2439 788 2470 aliam
801 2439 847 2470 seu
864 2440 937 2470 aliud
954 2440 1076 2479 Villam,
1102 2439 1236 2472 Castrum
1247 2464 1257 2481 ,

197 2477 252 2504 irre
269 2474 451 2507 borralieium
468 2478 496 2507 iri
511 2477 617 2517 Regno
638 2478 783 2516 Franciae,
807 2480 891 2515 aeque
913 2478 1117 2519 necessarium,
1139 2489 1257 2511 accom-

198 2513 317 2544 modum
328 2537 336 2551 ‚
352 2516 385 2546 δε
403 2515 469 2546 utile
483 2515 577 2546 eidem
592 2515 727 2547 Domino
741 2526 809 2547 meo
823 2519 942 2547 Henrico
968 2521 1033 2556 Regi
1048 2540 1057 2556 ‚
1081 2517 1116 2549 de
1135 2529 1189 2557 qua
1211 2520 1256 2550 seu

199 2560 257 2588 quo
270 2555 372 2583 merito
394 2554 507 2584 debebit
529 2557 686 2585 contentari
728 2565 782 2586 nec
805 2556 1019 2595 intelligendum
1039 2555 1081 2586 est
1101 2557 1180 2595 quod
1202 2567 1254 2595 pro

199 2590 318 2633 praefatis
333 2591 410 2621 Villis
425 2592 457 2622 &
473 2593 622 2624 Fortalitiis
634 2594 666 2624 de
682 2578 712 2623 dx
732 2592 855 2624 Rachelle
879 2595 913 2625 &
935 2598 1017 2625 Mont
1039 2598 1120 2625 Saint
1143 2594 1259 2627 Michiel

200 2632 261 2670 nat,
281 2638 344 2671 vrce
360 2629 392 2659 &
405 2631 472 2672 loco
489 2631 658 2662 eorumdem
676 2641 722 2662 aut
738 2632 848 2663 alterius
863 2633 1004 2672 ipsorum,
1019 2633 1056 2664 de
1070 2634 1128 2664 aliis
1141 2634 1257 2667 Civita-

199 2667 292 2704 tibus,
311 2665 405 2703 Villis,
422 2670 477 2697 sive
492 2668 616 2707 Castris,
636 2679 682 2700 aut
706 2671 853 2702 Fortalitiis
881 2670 1082 2703 Commutatio
1100 2673 1256 2711 qualiscun-

199 2714 270 2742 que,
293 2705 312 2723 ²*
331 2704 376 2735 sed
391 2706 490 2735 tndem
508 2707 589 2736 Loca
602 2709 634 2736 de
646 2707 676 2737 la
691 2708 812 2739 Rochelle
825 2709 864 2745 ὠ·
879 2713 964 2740 Mont
978 2713 1058 2740 Saint
1068 2710 1189 2751 Michiel,
1199 2723 1255 2743 rea-

197 2744 257 2774 liter
269 2744 302 2773 &
316 2744 351 2773 de
365 2743 457 2782 facio,
476 2744 506 2774 in
521 2744 645 2775 Manum
663 2746 731 2776 dieti
750 2747 873 2778 Domini
895 2749 951 2778 mei
972 2751 1085 2779 Henrici
1105 2752 1183 2788 Regis
1206 2760 1258 2788 po-

197 2791 313 2820 nemus,
329 2783 486 2820 trademus,
503 2783 535 2813 &
552 2783 661 2813 liberari
676 2783 821 2815 faciemus.

236 2819 308 2850 Ιτε
322 2829 366 2859 Μ,
385 2820 457 2851 dum
473 2822 580 2851 venerit
606 2823 780 2860 oportunitas
801 2822 946 2860 ponendi,
969 2833 1016 2861 per
1038 2823 1172 2856 Medium
1200 2836 1258 2857 no-

198 2858 284 2888 strum
295 2881 304 2895 ,
323 2860 352 2889 in
369 2858 494 2899 Manum
509 2860 616 2897 praefati
631 2860 755 2890 Domini
771 2862 828 2891 mei
846 2863 959 2891 Henrtci
978 2865 1056 2900 Regis
1080 2864 1202 2903 aliquem
1224 2866 1260 2896 de

201 2897 289 2928 Locis
303 2897 459 2936 praedietis,
477 2899 532 2929 live
545 2899 575 2928 sit
590 2897 716 2936 Civitas,
734 2908 781 2929 aut
798 2898 888 2937 Villa,
905 2899 950 2930 seu
967 2900 1116 2940 Castrum,
1140 2912 1259 2941 oportu-

202 2937 318 2966 nitatem
340 2936 499 2972 huiusmodi
526 2937 643 2974 praefato
667 2937 800 2967 Domino
823 2947 890 2968 meo
911 2941 1030 2969 Henrico
1052 2943 1116 2978 Regi
1135 2950 1182 2972 aut
1202 2943 1260 2980 ejus

201 2973 337 3004 Concilio
350 2975 559 3005 notificabimus
572 2976 661 3012 ipsum
674 2975 709 3005 de
726 2975 863 3006 Numero
878 2975 1019 3008 Gentium
1034 2979 1067 3009 &
1092 2980 1128 3009 de
1150 2989 1262 3019 tempo-

202 3013 275 3042 ribus
291 3015 422 3053 congruis
436 3023 487 3053 pto
505 3013 700 3052 Recipiendo,
725 3013 863 3045 Nomine
881 3015 951 3046 dieti
971 3019 1084 3047 Domini
1104 3022 1156 3047 mei
1174 3021 1263 3057 Regis,

203 3051 317 3081 Locum
334 3052 509 3090 hujusmodi3

238 3089 293 3132 Et,
312 3090 328 3119 ii
342 3092 519 3132 contingeret
534 3090 633 3129 (quod
648 3090 734 3128 absit)
755 3091 835 3133 quod
852 3091 947 3123 Locus
962 3115 972 3131 ,
990 3093 1024 3124 ad
1046 3103 1133 3135 quem
1153 3094 1261 3127 Gentes

202 3134 325 3168 preerat-,e
340 3132 376 3159 iic
396 3131 572 3159 mitterentur
591 3152 600 3167 ,
620 3139 679 3160 non
699 3129 769 3161 esset
782 3130 864 3160 diCtis
882 3130 1026 3162 Gentibus
1048 3142 1097 3170 per
1126 3133 1194 3164 Nos
1216 3135 1260 3165 seu

206 3166 332 3196 Nostros
350 3167 512 3205 LiberatuS,
531 3169 564 3199 ὅ(
580 3168 610 3197 in
627 3168 750 3198 Manum
766 3169 875 3206 praefati
886 3169 1008 3201 Domini
1024 3172 1081 3201 mei
1095 3171 1261 3211 Regis‚rea-

205 3205 266 3234 liter
282 3207 314 3235 ὃς
333 3206 367 3235 de
383 3206 476 3244 facio,
496 3207 552 3236 sine
566 3205 662 3236 fraude
677 3207 710 3237 δε
728 3208 802 3237 malo
817 3206 952 3246 Ingenio,
969 3209 1102 3240 Traditus
1124 3212 1157 3241 &
1182 3211 1261 3242 Poli-

207 3251 268 3280 tus,
287 3244 430 3281 Stipendia
443 3247 486 3274 seu
510 3243 596 3275 Vadia
619 3254 654 3274 eo
675 3244 748 3275 Casu
768 3245 913 3277 refundere
934 3247 967 3277 &
988 3248 1093 3278 solvere
1121 3251 1262 3286 promitti-

208 3291 288 3318 muS,
307 3292 370 3319 quse
385 3282 525 3313 Gentibus
538 3282 700 3321 antediffis,
719 3284 755 3312 sic
767 3283 895 3314 incaffim
911 3286 1102 3316 laborantibus
1124 3288 1157 3318 &
1179 3296 1263 3319 trans-

209 3319 313 3357 missis,
330 3321 425 3350 tradita
441 3321 528 3352 essent
545 3322 579 3352 &
595 3321 696 3359 soluta,
712 3322 766 3351 una
780 3331 848 3352 cum
861 3322 996 3362 Expenfis
1015 3325 1048 3355 ὃ(
1071 3325 1198 3355 interesse
1218 3327 1261 3356 ob

209 3358 273 3388 inde
290 3358 486 3396 consequutis,
503 3359 561 3389 Pro
574 3369 698 3397 quorum
713 3360 874 3391 Refusionis
896 3364 928 3393 ὃ(
952 3361 1106 3393 Solutionis
1124 3363 1264 3394 Securita-

209 3405 239 3427 te
255 3396 450 3426 Promittimus
466 3399 549 3427 etiam
565 3399 659 3428 eidem
673 3401 788 3428 Domino
805 3409 860 3428 meo
885 3403 949 3436 Regi
970 3400 1035 3431 tales
1056 3400 1121 3433 dare
1143 3401 1264 3433 Obsides

207 3436 263 3466 five
282 3435 303 3464 F
306 3434 481 3474 idejussores,
496 3436 530 3467 de
545 3437 644 3473 quibus
661 3438 765 3467 merito
782 3436 893 3468 debebit
908 3441 1072 3470 contentari.

246 3473 292 3504 lT
302 3483 319 3503 Ε
332 3482 375 3512 M,
395 3474 492 3512 quod,
512 3475 530 3504 si
546 3477 579 3505 &
594 3477 721 3512 quatinus
739 3475 868 3512 prefatus
881 3479 1013 3507 Dominus
1033 3487 1104 3506 meus
1124 3480 1185 3507 Rex
1198 3501 1208 3517 ,
1227 3478 1262 3509 de

210 3512 254 3542 sua
272 3512 372 3548 Regali
391 3512 587 3542 Munificentia
596 3513 706 3551 ,Nobis
722 3513 837 3544 Donate
849 3514 916 3544 velit
930 3516 962 3545 &
976 3515 1066 3554 largiri
1081 3516 1263 3553 aliquas-Ter-

212 3560 269 3587 ras,
286 3549 538 3588 Poueffiones,seu
555 3550 786 3589 Dominia,infra
800 3553 880 3582 suum
897 3552 1031 3592 Regnum
1048 3554 1171 3593 Angliae,
1185 3555 1264 3594 Nos,

213 3598 267 3627 pro
282 3589 438 3625 huiusmodi
452 3589 561 3626 Terris,
581 3588 801 3620 possessionibus
836 3591 881 3621 seu
897 3590 1061 3630 Dominiis,
1079 3593 1264 3624 deveniemus

214 3626 317 3657 Homo
338 3628 422 3664 ligetis
445 3628 478 3658 δε
500 3627 585 3656 fidelis
604 3627 728 3658 Servitor
746 3638 779 3658 ac
803 3612 937 3660 §abditus
960 3630 1041 3670 ipfius
1067 3630 1191 3662 Domini
1209 3634 1264 3663 mei

214 3667 325 3694 Henrics'
340 3668 432 3703 Regis,
449 3674 480 3696 ut
495 3669 557 3695 veri
573 3667 649 3703 Regis
665 3665 793 3704 Angliae,
810 3668 843 3697 &
857 3666 1015 3698 Haeredum
1032 3668 1153 3700 suorum.

254 3704 298 3733 lr
310 3714 326 3733 is
336 3712 379 3740 M,
395 3704 472 3742 quod
490 3705 556 3734 totis
573 3704 677 3734 viribus
687 3726 696 3741 ,
711 3714 742 3734 ac
757 3705 912 3742 quibuscun
934 3716 968 3737 ue
981 3707 1033 3738 viis
1044 3707 1077 3738 δε
1098 3708 1205 3745 modis,
1231 3709 1265 3739 &

215 3744 295 3771 omni
312 3743 390 3781 posse
402 3741 517 3780 nostro,
532 3741 601 3772 Nos
613 3741 733 3772 Karolus
746 3744 897 3772 antemius
939 3745 1132 3776 rocurabimus
1170 3746 1267 3777 Facie-

216 3789 296 3817 mus,
315 3780 505 3817 operabimur
516 3803 525 3819 ,
540 3781 573 3811 δε
588 3781 712 3819 Agemus
727 3781 761 3812 ad
775 3781 848 3818 hoc,
865 3783 942 3820 quod
955 3784 1061 3821 quicun
1084 3794 1117 3815 ue
1132 3769 1266 3823 Domini,

220 3817 376 3854 Spirituales
390 3820 423 3849 δε
435 3818 639 3857 Temporales,
660 3819 693 3849 &
714 3819 775 3849 aliae
795 3819 932 3850 inferioris
954 3820 1047 3851 Status
1063 3794 1217 3861 iJersoriae,
1233 3834 1265 3854 ac

219 3858 315 3897 omnia
331 3855 445 3894 Patriae,
463 3857 578 3895 Terrae,
594 3857 751 3897 Dominia,
767 3856 922 3897 Civitates,
941 3858 1040 3897 Vinio,
1067 3860 1100 3890 ὃ(
1123 3861 1203 3892 Loca
1225 3862 1267 3892 di-

222 3893 261 3922 cii
278 3894 369 3932 Regni
385 3894 507 3924 Franci-„c
517 3919 525 3932 ,
546 3905 609 3933 quae
624 3895 741 3933 przefiito
754 3895 887 3926 Domino
903 3905 969 3927 meo
984 3899 1098 3927 Henrico
1120 3902 1184 3936 Regi
1207 3910 1267 3930 non

219 3931 356 3973 obediunt
370 3933 424 3963 five
439 3943 497 3962 non
513 3934 699 3972 subiciuntur,
716 3935 743 3964 se
757 3942 865 3972 ponent
881 3936 910 3964 in
927 3934 1141 3973 obedientiae„
1152 3940 1268 3977 uigean-

220 3977 287 3998 tiam
299 3992 307 4006 ,
325 3970 356 3998 ὃς
370 3971 584 4007 suspicationem
602 3972 724 4009 ejusdem
738 3975 850 4002 Domini
867 3977 917 4002 mei
933 3976 1027 4012 Regis,
1053 3975 1187 4005 similibus
1206 3986 1273 4006 mo-

220 4008 258 4037 do
274 4008 306 4039 Sc
322 4009 417 4037 sormi
433 4019 514 4046 prout
530 4010 564 4043 de
575 4012 633 4042 aliis
645 4010 769 4050 fiiperius
781 4010 823 4042 est
837 4011 1015 4052 expreffum,
1033 4013 1065 4044 δε
1081 4014 1160 4051 quod
1173 4017 1268 4046 omnia

613 110 1419 165 coNvENTioNES,

1475 110 1865 161 LITERAE‚

1270 197 1421 236 Personae,
1439 193 1558 236 Patriae,
1575 198 1693 238 Terrae,
1711 196 1869 238 Dominia,
1887 197 2042 237 Civitates,
2066 198 2168 239 Villae,
2192 199 2226 231 δε
2248 199 2328 232 Loca
2348 196 2424 229 Ann.
2440 195 2483 228 D.

1271 236 1343 267 dieti
1359 236 1454 275 Regni
1466 238 1505 267 sui
1520 237 1664 275 Franciae,
1681 247 1861 276 quaecunque
1872 246 1949 268 nunc
1961 237 2022 268 sunt
2037 239 2066 269 in
2082 240 2252 270 ouedientia
2259 240 2328 271 dieti
2372 245 2458 278 ¹433·

1273 274 1400 305 Domini
1417 278 1473 305 mei
1487 278 1599 305 Henrici
1610 279 1705 315 Regis,
1721 278 1861 316 perpetuo
1877 285 2006 308 maneant
2017 278 2047 307 in
2068 276 2240 309 Obedientia
2259 278 2330 317 ejus-
2347 281 2410 306 Heri.
2431 278 2461 304 ⁶-

1273 313 1342 344 dem
1357 314 1390 344 &
1404 313 1564 344 Haeredum
1579 315 1703 344 suorum.

1310 350 1356 381 Ιτ
1366 360 1385 381 E
1395 360 1423 382 M
1432 375 1441 389 ,
1458 353 1538 391 quud
1552 352 1586 383 ad
1602 352 1736 390 Sumptus
1749 352 1860 384 nostros
1874 362 1926 392 pto
1947 353 2012 391 rios,
2028 355 2086 384 tam
2100 355 2128 384 in
2144 354 2267 389 Persona,
2279 365 2334 386 no-

1275 389 1350 432 stra,
1364 393 1449 428 quam
1465 401 1514 429 per
1529 391 1662 421 Subditos
1677 390 1803 431 nostros,
1824 393 1892 423 cum
1907 402 1921 421 a
1962 391 2019 422 hoc
2039 393 2160 430 requisiti
2181 394 2334 433 fuerimus,

1277 427 1394 459 fideliter
1405 429 1564 459 Serviemus
1579 429 1697 468 praefato
1713 429 1846 461 Domino
1862 440 1930 460 meo
1945 432 2060 461 Henrico
2077 434 2160 469 Regi,
2178 433 2212 463 &
2231 431 2335 464 Haere-

1277 467 1359 497 dibus
1371 467 1439 505 suis,
1455 477 1553 498 contra
1569 468 1751 507 quoscunque
1773 469 1967 507 Adversarios,
1989 467 2096 500 Hostes
2110 492 2120 508 ,
2142 469 2175 500 &
2198 469 2336 502 Inimicos

1278 506 1340 535 suos
1354 506 1383 535 in
1398 505 1505 544 Regno
1518 506 1659 543 Franciae,
1679 506 1824 544 praesentes
1837 506 2002 545 &futuros‚
2017 507 2052 538 &
2068 507 2222 547 praesertim
2238 518 2336 540 contra

1279 543 1388 574 dietum
1405 544 1538 574 Karolum
1553 544 1716 583 Delphinum
1733 546 1780 584 qui
1796 546 1822 576 se
1838 546 1906 577 fecit
1926 545 2022 584 Regem
2044 547 2165 576 Franciae
2187 547 2335 587 appellari,

1279 581 1371 612 donec
1386 583 1420 614 &
1434 583 1576 622 quousque
1588 584 1665 614 idern
1679 583 1823 614 Dominus
1842 593 1919 615 meus
1932 586 2064 614 Henricus
2079 586 2155 624 Rex,
2172 583 2217 616 seu
2233 585 2338 617 Haere·

1279 620 1328 650 des
1340 620 1394 657 sui,
1414 630 1450 652 ex
1469 622 1583 659 integro
1606 622 1705 652 habeat
1728 623 1773 653 seu
1793 623 1930 660 habeant,
1952 622 2080 653 obtineat
2101 623 2147 655 seu
2174 624 2337 662 obtlneant,

1281 657 1486 690 Monarchiam
1501 661 1535 691 &
1549 660 1751 692 Obedientiam
1765 661 1860 700 Regni
1873 661 1913 692 sui
1926 660 2053 691 Franciae
2066 662 2095 692 in
2111 662 2163 693 suis
2172 661 2287 700 Juiibus
2302 663 2337 695 &

1279 696 1455 728 Pertinentiis
1469 698 1608 729 universis.

1319 735 1365 765 IT
1375 745 1393 766 E
1403 744 1429 766 M
1438 760 1448 775 ,
1465 736 1499 767 ln
1514 746 1649 768 eventum
1664 737 1743 778 quod
1757 738 1819 779 Pax
1832 735 1974 768 Generalis
1987 735 2121 777 praediita
2135 747 2183 777 per
2198 737 2337 770 Medium

1282 774 1517 813 nostrum,suum
1533 786 1591 806 non
1606 776 1747 807 sortiretur
1761 777 1917 821 estodium,
1941 784 1973 806 ut
1987 774 2162 816 praemissum
2186 777 2245 816 est,
2267 777 2338 808 Nos

1283 822 1336 850 pro
1350 813 1502 845 Securitate
1516 815 1650 845 omnium
1668 815 1787 846 aliorum
1809 813 2038 853 Praemifforum,
2054 815 2088 846 &
2101 815 2261 853 generaliter
2272 825 2339 846 om-

1283 852 1363 881 nium
1381 852 1415 883 &
1437 852 1627 892 singulorum,
1659 854 1730 884 inter
1746 853 1893 893 praefatum
1907 853 2071 884 Dominum
2086 863 2182 884 meum
2195 855 2342 885 Hennam:

1284 892 1380 927 Regem
1396 892 1429 921 ὃ(
1444 891 1512 922 Nos
1525 893 1554 922 in
1570 892 1622 923 hac
1644 901 1720 930 parte
1743 892 2023 931 appunetuandorum
2039 915 2049 930 ,
2074 891 2148 922 bene
2169 893 2202 924 &
2227 892 2342 923 fideliter

1286 930 1559 968 perimplendorum‚
1576 931 1610 963 ὃς
1631 940 1684 968 pro
1705 931 1872 961 declarando
1892 930 2086 961 intentionem
2108 930 2235 961 nostram
2256 939 2343 968 quam

1285 968 1406 1005 gerimus
1420 968 1454 998 ad
1469 970 1543 999 bene
1557 969 1590 1000 &
1607 968 1723 999 fideliter
1737 969 1922 1000 Serviendum
1931 969 2024 999 eidem
2040 967 2174 1000 Domino
2190 978 2258 1000 meo
2266 972 2344 1000 Hen-

1284 1009 1336 1034 rico
1349 1008 1430 1044 Regi,
1446 1007 1642 1038 Promittimus
1658 1007 1725 1037 Nos
1738 1006 1857 1037 Karalus
1867 1007 2012 1046 praedielus
2027 1008 2105 1045 quod
2120 1009 2150 1038 in
2171 1008 2253 1040 dieto
2277 1007 2340 1039 Re-

1285 1052 1344 1083 gno
1362 1045 1477 1082 Anglizie
1491 1047 1644 1084 continue,
1663 1046 1696 1076 ad
1712 1046 1935 1085 Dispositionem
1949 1045 2019 1076 dieti
2041 1048 2151 1076 Domini
2173 1051 2224 1077 mei
2251 1050 2341 1084 Regis,

1287 1084 1321 1114 &
1337 1081 1460 1114 Concilii
1475 1084 1531 1122 sui,
1549 1086 1581 1116 &
1599 1084 1754 1115 Haeredum
1770 1085 1901 1122 suorum,
1919 1085 2143 1122 permanebimus
2157 1109 2163 1120 ,
2184 1085 2286 1126 absque
2303 1095 2341 1116 eo

1285 1122 1366 1159 quod
1382 1123 1448 1152 inde
1461 1123 1816 1160 aliquatenus1recedemus
1828 1124 1922 1154 donec
1937 1121 2125 1161 Praemiffa,ut
2139 1126 2282 1162 praefertur
2288 1126 2343 1156 ob-

1286 1159 1339 1190 lata
1355 1169 1405 1198 per
1419 1160 1488 1192 Nos
1501 1165 1532 1191 &c
1549 1163 1699 1201 promissa,
1715 1162 1818 1193 fuerint
1840 1162 2002 1201 perimpleta
2025 1162 2063 1192 δε·
2082 1162 2214 1201 stabilita,
2232 1164 2282 1194 nisi
2301 1166 2343 1195 ei-

1287 1198 1354 1228 dem
1370 1200 1486 1229 Domino
1502 1211 1556 1229 meo
1570 1203 1635 1238 Regi
1659 1201 1703 1232 seu
1727 1200 1897 1231 Haeredibus
1918 1200 1969 1231 suis
1989 1199 2139 1237 expediens
2157 1201 2298 1233 videbitur
2310 1204 2344 1234 ὃς

1288 1246 1402 1275 aequum
1419 1247 1470 1277 pro
1487 1238 1600 1276 Nobis,
1619 1240 1734 1271 liberam
1750 1250 1798 1277 per
1812 1240 1867 1270 suas
1884 1239 1988 1269 Literas
2006 1238 2150 1277 Parentes,
2170 1239 2282 1280 Magno
2299 1241 2344 1271 Si-

1289 1276 1358 1312 gillo
1374 1276 1424 1306 suo
1439 1278 1603 1316 sigillandas,
1623 1278 1763 1309 concedat
1778 1277 1823 1309 seu
1841 1278 1999 1309 concedant
2013 1277 2174 1309 facultatem
2189 1280 2224 1309 ab
2243 1278 2347 1310 eodem

1289 1314 1401 1352 Angliae
1418 1314 1525 1354 Regno
1541 1316 1608 1346 Nos
1627 1318 1792 1349 divertendi.

1330 1352 1355 1383 E
1366 1362 1388 1383 'r
1407 1362 1457 1385 PR
1470 1364 1489 1384 ο
1512 1354 1565 1386 PR
1579 1364 1644 1386 AEM
1655 1365 1665 1386 r
1676 1366 1687 1386 s
1699 1365 1772 1394 sts,
1789 1355 1825 1387 {ic
1842 1364 1871 1386 ut
1889 1355 2067 1394 praemittitur
2083 1364 2131 1394 per
2147 1352 2217 1386 Nos
2227 1356 2267 1387 im
2288 1355 2349 1387 len-

1289 1390 1347 1429 dis,
1365 1393 1531 1430 exequendis
1542 1415 1551 1431 ,
1575 1395 1607 1425 ὃ(
1632 1394 1814 1432 stabiliendis,
1838 1395 1966 1434 praefatus
1988 1393 2239 1425 Christianiffimus
2293 1397 2351 1426 rin-

1291 1439 1356 1472 ceps
1371 1430 1515 1461 Dominus
1531 1442 1608 1462 meus
1624 1435 1756 1462 Henricus
1774 1436 1834 1463 Rex
1850 1432 2015 1472 Convenit,
2035 1432 2201 1472 Conceffit,
2218 1434 2252 1464 δί
2275 1433 2350 1464 Pro-

1293 1471 1383 1509 misit,
1402 1468 1544 1500 Concedit
1565 1471 1598 1501 &
1624 1471 1768 1502 Promittit
1786 1472 1864 1510 quod
1888 1472 2005 1502 Amicos
2028 1473 2061 1503 δε
2082 1471 2217 1503 Subditos
2238 1471 2351 1503 nostros

1293 1511 1478 1576 ἓᾳοίςυηςυε
1496 1509 1532 1539 de
1547 1508 1653 1549 Regno
1667 1510 1810 1548 Franciae,
1829 1511 1862 1541 ad
1877 1510 2098 1549 Obedientiam,
2114 1510 2298 1550 Ligeantiam,
2316 1512 2351 1543 &

1320 1546 1470 1577 idelitatern
1487 1548 1568 1587 ipsius
1582 1552 1693 1579 Domini
1715 1552 1766 1578 mei
1790 1553 1868 1586 Regis
1892 1550 1926 1580 ὃ(
1948 1548 2105 1579 Haeredum
2128 1552 2241 1580 suorum
2264 1550 2302 1581 sic
2318 1558 2351 1581 ut

1293 1585 1437 1626 praefertur
1452 1596 1503 1624 per
1524 1586 1593 1617 Nos
1613 1587 1812 1625 Inducendos,
1837 1588 1870 1618 ad
1890 1588 1947 1618 hoc
1965 1589 2080 1626 recipiet
2099 1588 2133 1619 &
2156 1588 2297 1619 admittet·
2318 1588 2352 1619 ὃ(

1293 1623 1417 1666 eosdem,
1430 1624 1580 1667 postquam
1595 1624 1620 1656 se
1631 1626 1736 1663 Ligeos
1753 1626 1784 1656 δι
1799 1626 1933 1657 Subditos
1947 1626 2008 1657 suos
2021 1626 2271 1666 declaraverint,&
2287 1613 2354 1658 i-lo-

1296 1671 1420 1708 magrum
1441 1664 1545 1701 ligeum
1563 1663 1610 1692 libi
1626 1664 1762 1702 fecerint,
1781 1673 1810 1694 ut
1824 1674 1905 1694 veros
1924 1666 1957 1695 &
1971 1664 2065 1695 fideles
2080 1665 2224 1697 Homines
2246 1666 2353 1706 Ligeos

1296 1701 1329 1731 &
1345 1701 1460 1731 oubitos
1476 1703 1552 1739 suos,
1569 1701 1645 1733 salvis
1663 1702 1847 1740 Subscriptis,
1865 1701 1977 1732 habebit
2018 1704 2037 1721 *
2058 1704 2164 1734 tenebit
2180 1726 2191 1741 ,
2214 1705 2353 1743 tractabit,

1298 1740 1331 1769 &
1347 1739 1430 1769 saciet
1446 1740 1621 1778 pertractari,
1637 1740 1771 1779 Exceptis
1787 1740 1951 1778 (videlicet)
1973 1724 2022 1770 iilis
2037 1741 2085 1779 qui
2108 1740 2201 1772 Necis
2214 1741 2354 1780 Johannis

1296 1778 1431 1818 qus-ndum
1448 1779 1608 1816 Burgondiae
1623 1781 1708 1809 Ducis
1721 1779 1870 1817 culpabiles
1884 1779 2047 1809 eXtiterunt:

1336 1816 1372 1847 Et
1385 1818 1463 1855 quod
1480 1818 1598 1855 praefatis
1614 1819 1723 1849 Amicis
1737 1819 1770 1849 &
1785 1817 1888 1849 Suditis
1904 1816 2015 1855 nostris,
2023 1815 2173 1855 postquam
2191 1817 2229 1849 fic
2243 1825 2274 1849 ut
2282 1828 2354 1858 prae·

1296 1855 1382 1886 fertur
1398 1856 1577 1895 Homagium
1591 1856 1700 1895 ligeum
1719 1856 1768 1886 sibi
1781 1856 1914 1894 fecerint,
1933 1854 2074 1886 Restituet
2089 1856 2207 1895 Terras,
2225 1856 2355 1889 Haeredi-

1298 1902 1382 1933 tates,
1398 1895 1452 1925 sive
1467 1894 1623 1934 Dominia,
1643 1895 1714 1926 infra
1729 1894 1930 1927 Obedientiarn
1945 1894 2068 1933 ejusdem
2082 1893 2207 1926 Domini
2221 1897 2278 1926 mei
2295 1895 2357 1927 Re-

1296 1934 1337 1972 gis
1352 1932 1512 1972 existentia,
1551 1944 1594 1964 uae
1612 1934 1646 1965 ad
1663 1934 1774 1965 eosdem
1785 1957 1794 1972 ,
1811 1942 1875 1964 ante
1890 1933 2046 1970 ingressum
2056 1955 2066 1971 ,
2081 1932 2191 1964 Inclitae
2207 1933 2358 1966 Recorda-

1297 1973 1397 2010 tionis,
1418 1973 1524 2011 praefati
1555 1973 1722 2004 nviCtisfimi
1738 1971 1877 2012 Principis
1896 1973 1990 2002 Patris
2005 1970 2082 2013 ipfius
2094 1974 2208 2003 Domini
2229 1977 2279 2004 mei
2301 1978 2356 2004 Re-

1293 2015 1334 2049 gis
1351 2012 1379 2041 in
1397 2011 1534 2051 Regnum
1550 2012 1691 2050 Franciae,
1708 2012 1744 2042 ad
1761 2011 1831 2055 ipsos
1844 2011 2022 2051 spectabant,
2039 2009 2083 2041 vel
2099 2011 2194 2042 saltem
2214 2013 2356 2044 concedet

1296 2050 1399 2081 eisdem
1413 2050 1490 2089 quod
1505 2050 1555 2089 ipsi
1568 2050 1688 2088 Terras,
1706 2049 1909 2089 Posseffiones,
1930 2049 1974 2080 seu
1997 2048 2135 2080 Redditus
2153 2051 2361 2090 aequivalentes,

1298 2088 1377 2127 super
1386 2088 1521 2119 Rebelles
1535 2090 1568 2121 &
1578 2088 1772 2121 Inobedientes
1788 2088 1866 2128 suos,
1884 2088 1956 2119 infra
1970 2087 2106 2127 Regnum
2122 2087 2203 2132 suum
2218 2089 2357 2128 Franciae,

1296 2136 1372 2158 eXtra
1386 2136 1480 2158 tamen
1497 2127 1645 2159 Ducatum
1659 2128 1844 2166 Normaniae,
1861 2128 2002 2167 acquirere
2017 2135 2183 2166 potuerint,
2201 2126 2288 2158 iidem
2313 2128 2354 2159 Α-

1300 2169 1367 2197 mici
1384 2168 1416 2198 &
1430 2166 1541 2197 Subditi
1555 2166 1659 2204 nostri·,
1678 2168 1711 2199 &
1728 2166 1837 2197 easdem
1852 2165 1889 2197 sic
1902 2165 2046 2210 acquisitas
2058 2165 2109 2196 sibi
2132 2167 2166 2198 &
2184 2165 2357 2198 Haeredibue

1299 2204 1352 2237 suis
1371 2206 1581 2244 imperpetuum
1598 2229 1608 2245 ,
1632 2207 1663 2236 in
1689 2205 1999 2244 Recompensationem
2017 2203 2157 2235 dierarum
2184 2204 2356 2243 Terrarum,

1300 2244 1524 2282 Haereditatum,
1543 2245 1599 2275 sive
1613 2244 1820 2275 Dominiorum
1855 2254 1900 2275 uae
1913 2244 1989 2282 ptius
2002 2242 2191 2283 obtinebant,
2205 2243 2307 2275 habere
2320 2244 2356 2276 &

1300 2284 1434 2320 retinere5
1455 2283 1584 2315 faciendo
1600 2283 1631 2314 δε
1647 2282 1804 2322 praestando
1853 2283 1929 2314 ebita
1943 2281 1987 2312 seu
2011 2277 2176 2327 Demerita,
2219 2291 2261 2313 uae
2282 2292 2356 2322 prae-

1302 2322 1359 2353 fato
1374 2325 1491 2353 Domino
1504 2333 1559 2352 meo
1573 2324 1638 2359 Regi
1651 2331 1697 2353 aut
1711 2322 1767 2353 aliis
1779 2321 1814 2352 de
1823 2320 1893 2361 Jure
1903 2321 1951 2352 seu
1970 2319 2185 2364 Consuetudine
2234 2331 2358 2352 ocorum

1301 2359 1394 2393 facere
1415 2361 1521 2392 debent
1544 2361 1577 2392 &
1600 2359 1750 2398 praestare:
1789 2359 1826 2391 Et
1848 2360 1879 2391 in
1899 2366 2006 2392 caeteris
2025 2359 2191 2396 gaudebunt
2213 2358 2358 2391 Beneficio

1301 2398 1455 2431 Tradutsis
1470 2401 1549 2429 Pacis
1556 2398 1674 2442 finalis,
1688 2400 1778 2436 inter,
1793 2398 1901 2431 Inclitae
1913 2399 2079 2436 memoriae,
2096 2397 2244 2429 Dominos
2262 2400 2356 2428 Karo-

1301 2438 1357 2469 lum
1372 2440 1406 2470 ὃς
1420 2441 1566 2469 Henricum
1601 2438 1734 2479 quondam
1749 2440 1871 2469 Franciae
1887 2436 1926 2472 ὀ·
1940 2435 2054 2475 Angliae
2066 2439 2149 2474 Reges
2163 2459 2173 2475 ,
2191 2447 2279 2476 nuper
2294 2436 2359 2467 De-

1302 2478 1434 2516 functos,
1453 2477 1549 2514 Facti,
1567 2461 1651 2516 sniti,
1667 2478 1701 2509 &
1717 2476 1833 2515 Habiti,
1850 2476 2013 2507 dummodo
2026 2475 2102 2514 prius
2117 2474 2294 2514 praestitei-int
2304 2474 2358 2520 ju-

1301 2525 1461 2547 ramentum
1475 2516 1512 2547 de
1526 2515 1715 2547 Observando
1729 2515 1864 2552 fideliter,
1888 2523 2024 2554 quantum
2035 2513 2080 2558 ‘ad
2102 2523 2152 2545 eos
2173 2513 2360 2558 spectaverit,

1299 2554 1444 2586 Praemissa
1457 2563 1539 2593 atque
1555 2555 1593 2586 sin
1634 2554 1659 2585 la
1671 2562 1805 2586 contenta
1817 2555 1847 2585 in
1859 2553 1998 2584 Tra&atu
2013 2552 2100 2584 011&ae
2112 2551 2201 2583 Pacis.

1338 2593 1412 2624 Ιτε
1423 2602 1467 2631 M,
1483 2593 1563 2633 quod
1577 2563 1730 2630 Cgiiiitates,
1744 2593 1847 2631 Villas,
1865 2593 1899 2624 &
1915 2591 2013 2629 Loca,
2029 2600 2078 2630 per
2090 2590 2222 2635 Nos,sic
2239 2598 2272 2622 ut
2285 2599 2359 2635 prae-

1299 2633 1436 2670 mittitur,
1451 2632 1484 2662 ad
1503 2632 1696 2672 Ligeantiam,
1713 2631 1916 2663 Obedientiam
1929 2653 1940 2666 ,
1957 2630 2203 2672 Subventionem,
2221 2629 2254 2660 &
2274 2629 2357 2673 Fide·

1300 2672 1404 2702 litatem
1418 2671 1489 2701 dieti
1504 2669 1631 2701 Domini
1645 2672 1701 2701 mei
1713 2672 1826 2700 Henrici
1841 2672 1920 2706 Regis
1939 2667 2112 2698 Inducendas
2122 2689 2131 2705 ,
2149 2667 2224 2696 idem
2248 2666 2360 2697 Domi-

1300 2720 1352 2740 nus
1365 2719 1442 2740 meus
1459 2708 1523 2740 Rex
1533 2733 1543 2748 ,
1560 2709 1636 2740 salvis
1651 2707 1851 2748 suprascriptis,
1869 2705 2067 2748 Manutenebit
2083 2705 2116 2736 &
2130 2704 2358 2749 conservabit,ac

1302 2748 1526 2778 manuteneri&
1543 2748 1702 2777 conservari
1717 2747 1815 2784 faciet,
1833 2747 1863 2776 in
1878 2754 1979 2776 eorum
2001 2743 2136 2786 juribus,
2157 2742 2359 2782 Libertatibus,

1301 2787 1335 2817 &
1494 2793 1578 2823 prout
1592 2784 1686 2823 Reges
1701 2784 1843 2823 Franciae,
1862 2782 2059 2822 progenitores
2085 2781 2208 2820 ejusdcm
2232 2781 2358 2814 Domini

1304 2824 1360 2854 mei
1375 2822 1478 2862 Regis,
1498 2831 1677 2854 manutenete
1690 2822 1829 2854 debebant
1845 2822 1877 2852 &
1892 2821 2062 2852 conservare.

1340 2861 1462 2898 ITEM,
1480 2862 1562 2900 quod
1575 2861 1673 2892 Nobis
1687 2861 1792 2891 Karolo
1808 2863 1883 2890 Duce
1898 2859 2031 2889 antedifio
2045 2857 2191 2889 Praemiffa
2207 2859 2304 2889 omnia
2323 2859 2359 2890 &

1306 2900 1426 2939 fingula,
1443 2910 1492 2938 per
1505 2901 1572 2931 Nos
1589 2899 1708 2937 Oblata,
1724 2898 1925 2936 Concordem,
1944 2899 1977 2930 ὃ(
2002 2897 2163 2934 Praemissa,
2178 2897 2218 2941 fic
2232 2906 2264 2928 ut
2285 2907 2360 2935 prae·

1304 2941 1422 2969 mittitur
1435 2939 1622 2976 supplentibus
1636 2938 1669 2969 δε
1685 2938 1900 2975 stabilientibus,
1918 2946 1972 2967 nec
1985 2935 2112 2974 praefatus
2125 2935 2271 2965 Dominus
2281 2945 2362 2980 meus

1303 2979 1436 3007 Henricus
1448 2980 1508 3006 Rex
1519 3000 1529 3015 ,
1547 2987 1601 3008 nec
1616 2977 1712 3015 aliquis
1726 2975 1884 3006 Haeredum
1901 2975 2033 3012 suorum,
2058 2982 2257 3012 quamcunque
2275 2974 2360 3005 aliam

1304 3016 1467 3046 Finantiam
1478 3038 1488 3053 ,
1506 3026 1559 3054 pro
1572 3015 1782 3053 Redemptione
1798 3015 1892 3045 nostra
1908 3024 1924 3044 a
1939 3013 2100 3050 captivitate
2123 3010 2215 3042 nostra
2238 3012 2294 3050 qua
2317 3021 2360 3044 te·

1305 3064 1419 3092 nemur,
1437 3056 1527 3093 exiget
1549 3063 1595 3086 aut
1619 3063 1693 3093 petet
1714 3051 1928 3092 quovismod03
1947 3051 1992 3081 sed
2018 3049 2086 3094 Nos
2107 3049 2210 3081 habere
2226 3050 2360 3092 debebit,

1304 3093 1397 3132 quoad
1412 3093 1571 3131 hujusmodi
1585 3092 1759 3129 Finantiam,
1775 3092 1913 3121 Liberum
1926 3089 1959 3119 &
1975 3089 2124 3132 Quietum.

1341 3130 1470 3169 ITEM,
1489 3131 1568 3169 quod
1590 3130 1754 3167 Praemiffis,
1773 3129 1885 3159 Oblatis
1909 3128 1941 3158 &
1966 3126 2132 3166 Promissis,
2149 3137 2199 3171 per
2221 3127 2307 3167 Nos,
2325 3137 2361 3159 ex

1303 3179 1379 3209 parte
1399 3170 1512 3207 nostrai,
1530 3170 1625 3199 debite
1641 3168 1828 3204 demandatis,
1846 3166 2032 3205 perimpletis,
2049 3165 2082 3196 &
2098 3164 2235 3204 stabilitis,
2250 3167 2295 3197 vel
2309 3176 2361 3196 an·

1303 3218 1331 3239 te
1347 3209 1381 3247 si,
1400 3207 1501 3238 nostris
1515 3206 1662 3245 Obsequiis
1678 3207 1734 3237 hoc
1748 3205 1987 3244 promerentibus,
2003 3204 2097 3235 eidem
2112 3207 2228 3234 Domino
2239 3215 2294 3234 meo
2306 3207 2360 3235 Re-

1300 3250 1327 3284 gi
1350 3247 1394 3277 seu
1414 3245 1551 3277 Concilio
1564 3246 1614 3276 suo
1631 3245 1740 3284 Angliae
1754 3245 1894 3275 videbitur
1909 3243 2052 3281 expedite,
2069 3242 2130 3280 Ipse
2143 3245 2275 3273 Dominus
2290 3253 2361 3272 meus

1302 3286 1362 3314 Rex
1386 3284 1453 3315 Nos
1469 3285 1582 3322 recipiet
1598 3284 1631 3315 &
1645 3283 1771 3314 admittet
1785 3283 1819 3314 ad
1833 3282 2013 3321 Homagium
2028 3282 2151 3321 ligeum,
2165 3282 2196 3312 in
2209 3281 2301 3312 forma
2317 3281 2362 3312 su-

1303 3323 1395 3362 penus
1409 3322 1564 3360 specificata
1577 3322 1633 3353 suae
1647 3322 1792 3353 Serenitati
1814 3320 2038 3359 impendendum
2063 3330 2069 3349 :

1344 3361 1400 3399 Et,
1419 3361 1567 3399 Homagio
1580 3361 1653 3399 ligeo
1668 3359 1826 3398 hujusmodi
1840 3359 1878 3390 sic
1894 3369 1942 3396 per
1958 3358 2027 3389 Nos
2039 3359 2088 3389 sibi
2104 3357 2198 3401 facto,
2216 3358 2296 3388 suum
2310 3367 2362 3402 ye-

1306 3409 1369 3430 rum
1383 3399 1544 3429 Hominem
1561 3400 1665 3437 ligeum
1680 3400 1712 3430 &
1728 3398 1879 3429 Subditum
1894 3397 2019 3435 tenebit,
2037 3396 2168 3440 traditabit
2182 3398 2215 3427 δε
2230 3397 2362 3440 habebitj

1304 3438 1417 3477 proviso
1439 3438 1546 3474 semper
1568 3439 1599 3469 ὅ(
1622 3437 1764 3468 ὶηῑεὶὶεᾶῑο
1780 3436 1876 3475 quod,
1892 3445 1941 3475 per
1956 3435 2119 3472 Praemissa,
2135 3443 2182 3465 aut
2198 3444 2297 3478 eorum
2314 3434 2364 3477 ali-

1302 3476 1395 3516 quod,
1413 3475 1461 3505 sub
1485 3486 1650 3515 quacunque
1670 3477 1824 3506 verborum
1846 3474 1912 3504 serie
1936 3473 1982 3504 vel
2005 3473 2197 3517 generalitate,
2212 3483 2240 3503 in
2261 3482 2364 3512 quovrs

1303 3515 1528 3551 subscriptorum
1552 3514 1748 3545 Articulorum
1771 3513 1958 3550 exprimatur,
1974 3521 2034 3542 non
2054 3511 2211 3555 censebitur
2223 3521 2277 3541 nec
2293 3520 2362 3553 cen—

1304 3555 1374 3585 setur
1387 3553 1473 3582 didius·
1490 3556 1622 3582 Dominus
1639 3563 1709 3582 meus
1724 3555 1784 3582 Rex
1797 3551 1982 3589 Concedere,
1996 3559 2051 3580 nec
2065 3551 2094 3580 in
2108 3549 2213 3581 eisdem
2230 3557 2362 3580 contine-

1305 3595 1327 3623 ri
1337 3615 1344 3628 ,
1364 3591 1452 3629 velle,
1470 3601 1516 3621 aut
1528 3590 1771 3629 comprehendere
1787 3589 2008 3621 Restitutionem
2023 3589 2178 3632 aliquarum
2192 3586 2364 3628 Terrarum,

1305 3629 1530 3667 Poffeffionum,
1547 3639 1593 3660 aut
1606 3630 1736 3667 Jurium,
1753 3639 1817 3667 per,
1835 3628 1938 3658 inclitae
1952 3627 2180 3669 Recordationis,
2197 3625 2364 3654 Dominum

1305 3672 1451 3699 Henricum
1480 3671 1577 3704 Regem
1600 3670 1712 3696 Patrem
1726 3667 1808 3706 fisum
1826 3666 2026 3703 Defunc'tum,
2043 3665 2089 3695 seu
2103 3674 2152 3702 per
2165 3661 2250 3700 ipsum
2264 3664 2362 3705 Domi-

1307 3719 1369 3738 num
1384 3717 1469 3735 meum
1484 3709 1597 3742 Regem,
1616 3715 1662 3736 aut
1677 3706 1733 3743 ejus
1748 3705 1880 3736 Nomine
1894 3704 1938 3735 vel
1957 3704 2134 3734 Auctoritate
2159 3698 2220 3737 post
2236 3698 2362 3744 Obitum

1308 3746 1378 3775 dieti
1399 3743 1486 3774 Patris
1500 3744 1555 3781 sui,
1573 3746 1601 3773 in
1618 3743 1723 3782 Regno
1738 3744 1864 3774 Franciae
1877 3743 1922 3773 seu
1938 3741 2096 3773 Ducatibus
2147 3746 2302 3768 ormanniae
2317 3738 2365 3770 vel

1309 3784 1487 3821 Aquitanniae
1511 3782 1758 3820 Conquiiitarum,
1778 3781 1999 3818 Conceffarum,
2018 3780 2211 3821 Donatarum',
2230 3777 2276 3807 seu
2291 3786 2365 3821 quo-

1306 3824 1349 3854 vis
1367 3820 1469 3851 Titulo
1491 3820 1681 3850 Alienatarum
1699 3843 1708 3858 ,
1733 3830 1785 3850 nec
1812 3820 1914 3856 aliquid
1939 3818 2015 3857 quod
2038 3816 2225 3855 qu0V1s¹⁹000
2245 3815 2363 3860 Obvlalse

1307 3858 1407 3897 possit,
1425 3860 1616 3889 contravenire
1650 3858 1694 3889 seu
1719 3858 1917 3888 contradicere
1929 3858 2099 3898 cuicumque
2110 3852 2317 3896 comprehenso
2331 3863 2364 3898 iq

1310 3898 1447 3929 Tractaru
1468 3898 1546 3926 Pacis
1558 3881 1655 3938 finaiis
1667 3897 1822 3934 praediciae‚
1840 3906 1886 3925 aut
1899 3897 1928 3925 in
1945 3893 2074 3936 Articulo
2090 3891 2273 3929 suprascripto
2291 3892 2364 3930 (qm

1311 3938 1348 3968 sic
1363 3936 1476 3972 incipit)
1494 3934 1584 3973 Item,
1598 3945 1648 3973 pro
1658 3939 1807 3974 securitate
1820 3937 1934 3963 onzrzium
1951 3928 2162 3968 Praemtffirum,
2179 3929 2240 3964 &aa
2340 3968 2347 3974 .

1350 3975 1504 4012 Qiinymo
1522 3974 1581 4004 vult
1596 3976 1628 4004 δι’
1648 3974 1765 4003 intendit
1781 3972 1855 4001 idem
1869 3973 1998 4013 Dominus
2015 3978 2084 3997 meus
2098 3971 2159 3997 Rex
2171 3967 2251 4008 quod
2265 3977 2365 3999 omma

1312 4014 1346 4046 &
1364 4012 1465 4051 singula
1484 4012 1637 4044 habeantur
1649 4022 1701 4051 pro
1716 4010 1881 4041 nominatim
1896 4008 1974 4039 salvis
1986 4007 2018 4039 δε
2033 4005 2170 4045 expreffis.
2292 4044 2371 4083 Qae

2374 1719 2498 1756 *ΞΗ-60.
