2562 4274
27 119 106 152 Anu.
118 118 156 150 D.

53 159 140 197 1418.

26 201 91 229 Hm.
108 206 139 234 5.

31 805 109 836 Ann.
122 802 165 835 D.

53 844 140 881 1418.

31 886 84 911 An.
102 884 130 911 6.

31 926 68 949 Η.
88 930 117 958 5.

31 964 99 988 scot.
119 963 146 989 6.

32 1001 67 1024 H·
84 1008 112 1035 5.
128 1010 166 1029 m.

31 1036 61 1064 6.

176 38 235 88 46

172 120 329 189 diicannfc
350 127 404 157 pro
422 117 497 150 Pace
517 123 707 157 utrorumque
731 117 904 157 Regnorum
923 117 1036 158 Angliae
1053 118 1091 149 '&
1109 116 1236 148 Franciae

196 167 307 189 evotius
322 166 450 188 exorent.

212 196 250 227 Et
271 195 340 235 quid
360 196 482 226 feceritis
502 195 531 224 in
552 193 703 224 Praemiffis
724 193 811 232 Nos,
828 195 896 226 citra
918 193 1037 226 Festum
1055 193 1239 225 Pentecostes

172 236 254 274 proxi
261 236 314 266 mo
328 235 471 271 futurum,
488 232 584 263 debite
597 232 756 264 certificetis
771 242 822 270 per
835 233 954 271 vestras,
971 234 1005 265 &
1018 233 1118 270 finguli
1131 231 1237 263 Suffra-

195 275 256 305 anei
278 272 368 304 nostri
387 270 529 310 praediffl,
547 270 639 301 modo
661 269 819 309 praedi&o,
838 271 908 302 Nos
928 271 1087 302 certificent
1110 280 1159 309 per
1180 271 1239 315 suas

171 283 285 343 {iteras
304 310 451 348 Patentes,
469 310 569 340 harum
586 309 685 340 seriem
706 310 901 349 continentes,
919 309 1015 341 vestro
1027 311 1061 341 &
1075 319 1176 340 eorum
1193 309 1240 340 Si-

175 351 247 391 gillis
260 349 442 388 consignatas.
923 387 929 392 ῃ
944 386 949 392 .
1200 386 1205 391 .
1231 386 1237 391 ὓ

215 387 282 419 Dat.
294 387 367 426 apud
380 390 518 426 Scoteneye
536 395 637 424 quarto
659 385 706 417 die
731 385 842 417 Mensis
860 386 980 425 Aprilis,
998 385 1088 416 Anno
1112 384 1238 433 Dom'mr

175 426 351 463 Millesimo,
371 424 678 464 Quadringentesimo,
693 424 808 456 decimo
821 425 944 464 octavo,
961 426 996 456 &
1011 423 1117 455 nostrae
1130 424 1238 455 Trans·

175 465 286 496 lationis
297 464 386 495 Anno
400 464 525 503 Qarto.

216 539 302 580 Quod
316 540 422 580 quidem
442 540 611 571 Mandatum
626 539 690 581 fuit
704 540 827 580 plenarie
846 546 1002 579 executum,
1020 538 1139 579 acst'aper
1153 538 1241 569 eodem

179 579 268 609 debite
283 578 469 619 certificatum.

431 705 480 736 De
494 704 618 750 Treugis
634 703 781 750 capiendis
795 716 864 736 cum
875 706 986 739 Scotia.

183 786 320 845 REX,
339 786 480 820 cariffimo
494 785 716 827 Consanguineo
738 788 950 832 suo,yJohanni
970 785 1078 826 Nevyll
1089 786 1242 826 Chivaler‚

261 826 384 858 Custodi
396 826 618 858 Westmarchiae
633 831 725 859 verius
736 827 864 858 Scouam
873 851 884 867 ,
904 829 937 859 &
951 828 1007 866 ejus
1025 827 1241 858 Locumtenen-

180 865 219 904 ti,
238 865 363 904 ibidem,
380 864 515 895 Salutem.

219 904 318 935 Sciatis
333 903 414 942 quod
428 903 515 941 Nos,
1203 941 1208 946 ι

220 941 281 1011 Dfied
291 941 422 974 fidelitate
434 964 444 981 ‚
470 941 737 981 Circumspeffione
751 965 761 980 ‚
793 941 827 973 δί
849 940 990 972 Industria.
1012 939 1111 973 vestris
1134 940 1243 980 plenius

184 990 241 1012 con
283 990 359 1012 entes

221 1019 312 1050 Vobis
327 1003 458 1057 ple'nam,
471 1019 591 1049 Tenore
606 1018 807 1056 Praesentium,
826 1017 1048 1050 committimus
1068 1016 1243 1050 Potestatem

184 1057 218 1088 ad
232 1058 373 1096 Treugas,
412 1067 445 1087 ro
458 1057 572 1094 Nobis,
590 1057 704 1096 Terris,
724 1056 887 1097 Dominiis,
903 1058 1044 1096 Subditis,
1064 1057 1162 1095 Ligeis
1173 1081 1182 1096 ,
1203 1057 1245 1087 A·

183 1097 283 1134 micis,
300 1097 332 1127 &
348 1096 379 1126 Fi
401 1095 488 1126 elibus
499 1095 598 1126 nostris
614 1095 721 1126 ibidem
758 1105 827 1127 cum
841 1095 1015 1137 Adverfirio
1029 1095 1114 1134 nostro
1135 1099 1245 1134 Scotiae,

184 1144 238 1174 pro
250 1134 303 1172 Se,
321 1133 516 1172 Hominibus,
533 1135 648 1173 Terris,
667 1135 700 1166 &
716 1119 868 1179 fiotniniis
877 1135 947 1174 suis,
964 1135 1001 1166 de
1016 1134 1141 1180 Duobus
1157 1134 1246 1165 Men-

185 1173 258 1204 sibus
274 1174 303 1203 in
316 1173 388 1204 duos
404 1172 517 1204 Menses
537 1172 678 1203 duraturas
713 1173 930 1213 particulariter,
944 1174 978 1205 ὅς
1001 1173 1168 1212 generahter
1188 1173 1246 1204 Ca-

184 1211 320 1250 piendum
329 1235 339 1251 ,
357 1212 391 1243 ὃς
406 1211 543 1242 Nomine
557 1211 658 1243 nostro
673 1198 904 1244 dustodiendum
913 1236 922 1252 ‚
940 1214 974 1245 &
989 1212 1126 1244 custodiri
1139 1213 1246 1244 facien-

166 1250 272 1291 alum,

42 1949 118 1981 Ann.
127 1947 169 1979 D.

39 1987 147 2056 Ᾱέἱὲ·

40 2086 131 2132 Nemi.
144 2105 171 2130 6.

39 2147 77 2171 Η.
86 2149 172 2179 5·P·¹-

39 2189 77 2209 m.
96 2189 142 2217 39.

40 2246 128 2274 01X.

41 2291 109 2319 57¹·

223 1288 423 1320 promittentes
444 1288 515 1320 Nos
536 1288 645 1320 Ratum
661 1314 672 1328 ,
702 1288 828 1321 Gratum
841 1313 852 1329 ,
884 1291 918 1322 δε
947 1289 1075 1321 Firmum
1103 1289 1247 1321 habituros

184 1328 340 1396 quiscsquid,
358 1328 492 1358 Nomine
513 1328 631 1367 nostro,
650 1330 679 1360 in
702 1328 798 1360 forma
815 1328 968 1367 praedicti,
985 1329 1106 1360 feceritis
1125 1330 1155 1359 in
1170 1328 1248 1359 Prae-

187 1375 343 1436 mE‘tsi'deo
358 1405 442 1438 vobis
457 1404 629 1436 Mandamus
641 1405 721 1444 quod
735 1407 810 1437 circa
823 1405 965 1436 Praemiffi
985 1405 1132 1445 diligenter
1151 1406 1250 1438 Inten-

186 1442 274 1483 datis,
289 1444 322 1475 ὅτ.
337 1454 369 1475 ea
383 1443 568 1475 effeciualiter
583 1444 686 1475 faciatis
698 1445 731 1476 &
745 1445 875 1482 expleatis
891 1445 920 1474 in
935 1445 1029 1475 forma
1063 1445 1184 1477 raedieta.

227 1481 261 1512 In
282 1483 378 1520 cujus,
393 1483 453 1514 &c.
474 1482 607 1521 quamdiu
630 1493 682 1513 vos
705 1483 834 1521 (praefate
855 1483 1013 1523 Johannes)
1059 1482 1249 1516 ustosWest·

190 1521 328 1552 marchiae
342 1521 483 1562 praedict-az
497 1521 601 1552 fueritis
608 1544 618 1560 ,
625 1521 773 1553 duraturas.

189 1596 316 1667 li§Teste
333 1597 451 1637 praefato
469 1596 579 1638 Custode
596 1600 669 1637 apud
683 1597 941 1639 westmonasterium
956 1622 965 1638 ,
984 1600 1085 1638 quinto
1103 1599 1148 1631 die
1165 1600 1249 1640 Apri-

923 1678 979 1708 Per
994 1676 1144 1708 Concilium.

209 1802 270 1835 Pro
284 1800 420 1834 famulis
441 1803 536 1834 Ducis
556 1801 799 1846 Aurelianensis,
816 1802 908 1848 fieper
931 1805 1079 1835 Financia
1094 1802 1226 1849 ejusdem

280 1851 402 1882 Fratris
414 1876 424 1892 ‚
448 1848 492 1882 ad
510 1850 696 1894 Praesenriam
713 1853 810 1884 Ducis
831 1852 986 1884 Clarenciae
1005 1856 1152 1885 venturis.

194 1932 329 1990 REX,
346 1933 495 1965 Univerfis
509 1933 543 1966 &
558 1934 669 1973 singulis
686 1935 859 1975 Admirallis‚
878 1938 938 1969 ὅτε.
957 1938 1091 1969 Salutem.

291 1972 390 2003 Sciatis
403 1973 484 2011 quod
497 1973 664 2013 suscepimus
678 1976 707 2004 in
728 1975 834 2005 salvum
852 1977 885 2006 ὃς
907 1977 1036 2007 securum
1058 1976 1249 2008 Conductum

190 2009 336 2049 nostrum,
355 2021 389 2042 ac
410 2013 439 2042 in
456 2011 686 2051 Prorfflfionem,
705 2013 875 2044 Tuitionem
891 2038 900 2051 .,
919 2015 952 2045 ὃ(
974 2015 1179 2046 Defenfionem
1198 2026 1252 2046 no-

192 2047 258 2080 stras
278 2049 406 2088 speciales
419 2074 429 2087 ,
455 2049 627 2087 Magistrum
647 2051 802 2082 Cudardum
821 2054 853 2082 de
874 2053 1015 2083 Fouilliaco
1029 2077 1038 2091 ,
1064 2054 1252 2085 Secretarium

192 2090 276 2118 Ducis
290 2087 460 2118 Aureli-'auen
471 2099 492 2117 1s
507 2089 654 2120 Prisonarii
677 2091 783 2128 nostri,
802 2090 989 2121 Aubertinum
1010 2092 1170 2130 Bollifeues,
1189 2094 1251 2124 Au-

191 2126 347 2165 rifabrum,
363 2129 396 2159 &
409 2126 452 2166 Jo
473 2139 570 2157 annem
585 2132 726 2167 Mercerii,
747 2130 897 2160 Famulurn
915 2130 1048 2162 Camerae
1065 2132 1134 2162 dicti
1149 2131 1252 2170 Ducis,

192 2165 225 2197 &
237 2174 339 2196 eorum
354 2167 526 2204 quemlibet,
545 2166 579 2197 ad
595 2166 790 2206 Praesentiam,
808 2168 942 2199 carissimi
959 2170 1060 2199 Fratris
1075 2169 1162 2200 nostri
1182 2170 1254 2200 Tho-

193 2215 244 2233 mae
258 2207 342 2235 Duris
353 2203 516 2243 Clarenriae,
534 2215 603 2236 cum
619 2206 699 2236 Οέὶο
711 2207 840 2237 Personis
855 2208 883 2236 in
893 2207 1040 2239 Comitiva
1055 2207 1117 2247 sua,
1135 2210 1252 2239 venien-

192 2242 232 2273 do
246 2267 254 2280 ,
285 2244 319 2274 &
340 2244 358 2263 ²*
378 2243 478 2273 exinde
498 2245 526 2274 in
548 2244 689 2281 Regnum
712 2245 842 2275 nostrum
863 2245 976 2283 Angliie
991 2269 1001 2284 ,
1031 2257 1100 2277 cum
1122 2246 1253 2278 Personis

192 2281 351 2321 praedietis,
366 2282 395 2311 in
412 2282 531 2320 quadam
547 2282 628 2312 Navi
650 2283 695 2313 seu
715 2283 875 2321 Balingcta,
893 2284 926 2314 ad
948 2284 1155 2323 Exequendum
1179 2285 1253 2316 Tra-

192 2321 300 2350 etatum
316 2321 351 2351 de
366 2320 512 2358 Financia,
530 2321 638 2351 factum
652 2332 705 2359 pro
719 2322 852 2361 Johanne
872 2326 972 2352 Fratre
991 2325 1057 2353 dicii
1079 2327 1163 2354 Ducis
1186 2329 1253 2354 Au-

193 2357 346 2399 relianenfis
361 2368 429 2389 cum
442 2359 522 2390 dic‘lo
536 2360 627 2390 Fratre
642 2360 761 2400 nostro,
780 2370 826 2391 aut
843 2361 895 2391 suis
917 2362 1107 2401 ConsiliariiS,
1125 2363 1252 2395 Servito-

195 2398 287 2435 ribus,
305 2406 350 2428 aut
365 2397 420 2427 aliis
435 2408 487 2435 pro
501 2408 537 2428 eo
552 2397 701 2436 Deputatis
714 2409 760 2430 aut
781 2399 976 2439 Deputandis,
994 2401 1180 2440 transeundo,
1199 2403 1254 2432 ibi-

195 2434 261 2465 dem
285 2436 441 2474 morando,
461 2437 494 2467 δε
516 2437 615 2467 exinde
635 2437 669 2467 ad
691 2439 804 2475 propria
824 2438 969 2470 redeundo
984 2463 993 2476 ,
1012 2450 1045 2470 ac
1070 2439 1187 2471 Navem
1207 2441 1251 2471 seu

196 2472 369 2513 Balingeram
392 2475 570 2511 praedictam,
589 2485 704 2506 necnon
724 2476 916 2514 Navigatores
937 2478 970 2508 ὃ(
991 2476 1160 2509 Marinarios
1183 2480 1253 2518 ejus-

196 2510 283 2549 dem,
300 2522 333 2542 ac
347 2513 433 2542 etiam
446 2512 541 2551 Bona,
559 2513 635 2551 Res,
654 2515 687 2544 &
701 2514 838 2545 Hernesra
861 2515 905 2545 sua
922 2525 1129 2555 quaecumque,
1149 2517 1251 2548 Finan—

197 2550 272 2580 ciam
283 2572 293 2588 ,
326 2550 415 2580 ocalia
427 2560 523 2589 aurea,
541 2551 696 2590 Gemmas,
713 2553 746 2584 &
768 2554 832 2591 alia,
851 2554 1054 2593 cujuscumque
1076 2555 1178 2594 Pretii,
1195 2556 1253 2586 Va-

197 2588 280 2625 loris,
344 2588 524 2627 stimationis,
539 2590 670 2628 Formae,
686 2591 731 2621 seu
744 2592 871 2623 Faeturae
884 2593 951 2630 sint,
969 2602 1026 2623 tam
1050 2595 1079 2623 in
1102 2593 1184 2624 Navi
1197 2595 1254 2625 five

197 2625 340 2665 Balingera
359 2626 504 2666 praeditsta,
524 2629 610 2665 quam
631 2638 725 2667 extra,
743 2631 791 2667 qui
813 2631 847 2661 &
869 2640 933 2668 quae
954 2641 1021 2662 curn
1042 2632 1182 2669 praedich's
1202 2637 1255 2663 Cu-

198 2665 297 2703 dardo,
316 2665 470 2695 Aubertino
486 2689 495 2704 ,
510 2666 543 2696 &
564 2665 695 2704 Johanne
718 2671 845 2698 Mer-terii
859 2691 869 2706 ,
887 2678 934 2699 aut
953 2680 1011 2700 uno
1033 2670 1176 2709 ipsorum,
1193 2671 1255 2701 sunt

200 2703 235 2734 &
256 2713 335 2734 erunt
348 2728 356 2740 ‚
375 2713 521 2741 portantur
544 2705 577 2735 &
599 2706 785 2742 portabuntur
799 2729 809 2744 ,
828 2717 881 2745 pro
904 2707 992 2739 Fano
1014 2709 1158 2740 Financiae
1184 2709 1255 2741 dieti

201 2745 310 2772 Fratris
320 2741 433 2780 praefati
446 2745 530 2772 Ducis
544 2742 714 2773 Aurelianen
726 2744 762 2773 1'5:

239 2780 277 2811 Et
300 2781 366 2853 ide&
374 2804 381 2810 .
398 2783 457 2816 &a
477 2788 508 2811 ut
526 2784 554 2811 in
571 2785 671 2812 caeteris
710 2794 723 2812 e
738 2783 875 2814 Conduclu
891 2787 998 2814 Literis
1011 2786 1089 2826 usque
1104 2786 1142 2815 ibi
1151 2810 1161 2825 ‚
1179 2786 1257 2818 dese-

472 2830 480 2846 I

202 2828 352 2895 κιλῑξῖᾇυε
364 2819 516 2896 Ῐῑεὲηἱιζὲἒ
532 2858 672 2897 praeditfi’ti,
691 2859 847 2900 Cadardus,
864 2861 1054 2901 Aubertinus,
1072 2863 1258 2906 &Johannes

201 2899 344 2934 Merserit,
362 2906 409 2927 aut
423 2907 493 2927 unus
508 2896 651 2937 ipsorum,
669 2907 833 2937 teneantur,
849 2900 1090 2939 qualitercumque
1107 2905 1154 2941 iit,
1173 2913 1258 2941 prop-

201 2943 242 2966 ter
260 2935 421 2965 Fiuanciam
435 2938 467 2967 ὃ(
495 2936 583 2967 ocalia
598 2937 745 2973 praedicta,
762 2948 826 2975 quae
840 2938 936 2970 secum
951 2940 1099 2972 habuerint
1115 2942 1148 2973 &
1166 2951 1259 2978 porta-

200 2974 326 3011 buntur,
345 2974 434 3012 aliqua
446 2973 474 3004 so
487 2984 550 3004 vere
573 2974 713 3014 Tributa,
731 2976 866 3016 Pedagia‚
886 2976 1094 3017 Redevancias,
1113 2979 1257 3017 Passagia‚
1297 2985 1300 2988 “

202 3011 367 3043 Theolonia
381 3035 391 3049 ,
405 3021 453 3043 aut
472 3013 521 3043 alia
541 3013 699 3050 hujusmodi
714 3015 782 3054 Jura
800 3017 833 3047 δε
854 3015 1079 3048 Consuetudines
1102 3018 1130 3047 in
1151 3017 1257 3057 Regno

204 3050 304 3081 nostro
319 3051 364 3082 vel
378 3059 467 3089 extra,
485 3060 543 3082 tam
563 3061 611 3088 per
625 3051 726 3091 Mare,
744 3063 829 3092 quam
843 3064 892 3092 per
901 3055 1042 3094 Terram,
1060 3055 1195 3087 Nomine
1203 3067 1258 3088 no-

205 3089 265 3121 stro
277 3098 324 3119 aut
337 3089 446 3120 alterius
456 3089 673 3128 cujuscumque:

242 3127 384 3158 Volumus
398 3129 475 3158 enim
489 3129 568 3166 quod
580 3128 668 3159 libere
686 3130 719 3161 δε
741 3129 834 3160 secure
858 3131 1002 3170 praediffi,
1021 3132 1175 3170 cudardus,
1192 3138 1258 3163 Au-

205 3165 342 3202 bertinus,
357 3167 390 3197 &
411 3166 556 3205 Johannes
578 3169 723 3205 Mercerii,
741 3177 787 3199 aut
807 3179 877 3199 unus
898 3171 1082 3208 eorumdem,
1099 3171 1201 3209 possint
1222 3174 1255 3203 δι

205 3204 313 3234 valeant
325 3205 431 3235 dietam
446 3205 626 3243 Financiarn,
645 3207 677 3237 &
694 3206 961 3246 praedietaJocalia,
981 3208 1120 3247 Cedulas,
1141 3210 1256 3248 Lioeras,

204 3242 240 3274 &
256 3241 437 3273 Memorialia
450 3243 545 3274 secum
561 3253 686 3282 portare,
705 3246 737 3275 ὃς
758 3245 793 3275 ad
813 3248 939 3284 propria,
959 3246 978 3277 fi
998 3249 1037 3278 eis
1059 3248 1198 3278 videbitur
1212 3258 1260 3278 ex-

206 3279 338 3321 pedienS,
356 3289 496 3318 reportare
503 3281 547 3312 seu
563 3284 696 3319 reportari
708 3283 818 3322 facere,
833 3284 935 3322 absque
949 3284 1043 3323 aliquo
1063 3285 1258 3324 Impedimen-

207 3327 257 3356 to,
276 3318 493 3358 Molestatione‚
508 3320 664 3363 EJtacstione
678 3343 687 3359 ‚
705 3331 752 3352 aut
775 3322 985 3354 Atrestamento
1003 3334 1203 3362 quocumque,
1221 3325 1256 3355 li-

207 3357 277 3387 bere
290 3357 323 3388 &
334 3357 434 3395 absque
449 3358 598 3388 Solutione
612 3359 717 3398 aliqua,
737 3369 821 3397 prout
837 3361 1004 3398 praedistum
1019 3361 1078 3400 est,

242 3395 317 3426 Non
336 3396 484 3426 inferentes
503 3397 558 3435 eis,
575 3405 621 3427 aut
641 3404 740 3428 eorum
760 3398 858 3436 alicui,
876 3398 921 3430 seu
935 3422 944 3436 ,
963 3409 1100 3437 quantum
1121 3401 1150 3431 in
1171 3401 1254 3431 vobis

204 3433 247 3463 est
257 3456 266 3472 ,
281 3433 317 3463 ab
331 3433 388 3463 aliis
400 3434 491 3464 inferri
503 3436 692 3471 permittentes
705 3436 853 3475 Injuriam,
873 3437 1055 3477 Molestiam,
1074 3438 1256 3477 Damnum,

205 3472 393 3514 Violentiarn,
412 3482 464 3503 nec
487 3471 729 3510 Impedimentum
748 3476 878 3513 aliquod,
896 3476 940 3506 seu
962 3475 1142 3515 Gravamen,
1159 3477 1257 3508 Cauiis

205 3510 240 3541 &
254 3510 458 3542 Occaiionibus
471 3511 630 3550 antedictis,
648 3522 702 3544 nec
716 3514 799 3544 etiam
814 3513 906 3544 Causa
920 3515 953 3545 ὃ(
975 3514 1136 3546 Occasione
1156 3516 1259 3554 aliqua—

207 3558 272 3578 rum
289 3548 490 3585 Marcharum,
507 3548 739 3590 Reprisaliarum,
758 3551 949 3590 intercursus,
967 3553 1204 3593 obligationum,
1215 3554 1258 3585 Y-

208 3587 312 3624 pothec
324 3597 357 3625 e,
374 3597 438 3626 erga
453 3587 521 3617 Nos
533 3597 579 3617 aut
594 3588 675 3618 aliam
690 3599 842 3627 quamcum
867 3601 901 3621 ue
920 3591 1093 3631 Personam,
1112 3592 1260 3624 Mercato-

210 3635 270 3655 rem
285 3649 293 3661 ,
312 3626 358 3656 scu
377 3627 457 3656 aliam
472 3650 480 3663 ‚
499 3627 528 3655 in
548 3624 654 3664 Regno
673 3628 770 3658 nostro
792 3601 902 3667 Angliae
916 3654 926 3667 ,
943 3639 988 3660 aut
1010 3640 1086 3661 extra
1101 3655 1112 3669 ‚
1137 3641 1192 3662 nec
1210 3632 1260 3662 alia

209 3665 304 3702 quavis
319 3663 411 3696 Causa
426 3665 470 3695 seu
485 3663 645 3695 Occasione
659 3666 872 3705 qualicumque,

248 3701 302 3739 Et,
321 3702 338 3731 fi
362 3703 428 3742 quid
449 3704 504 3740 eis,
520 3712 566 3733 aut
585 3713 685 3733 eorum
707 3703 805 3742 alicui,
825 3704 1013 3736 Forisfactum
1027 3707 1082 3737 sive
1096 3706 1262 3746 Injuriatum

209 3738 309 3776 fuerit,
328 3740 357 3769 id
370 3743 425 3780 eis,
442 3743 475 3772 &
492 3751 593 3772 eorum
608 3741 741 3780 cuilibet,
757 3742 813 3772 fine
826 3741 974 3781 dilatione,
991 3744 1087 3775 debite
1099 3748 1204 3785 corrigi
1227 3748 1261 3778 ὃς

211 3778 355 3807 reformari
369 3780 486 3817 faciati53

258 3814 374 3847 Proviso
395 3818 503 3856 semper
526 3818 606 3856 quod
626 3818 676 3857 ipsi
703 3819 854 3857 quicquam
870 3844 879 3857 ,
910 3820 987 3858 quod
1017 3821 1045 3850 in
1072 3821 1162 3852 nostri
1191 3832 1263 3853 con-

208 3859 350 3889 temptum
368 3856 641 3896 velflpraejudicium,
657 3865 704 3888 aut
725 3857 828 3896 Populi
846 3857 934 3888 nostri
948 3857 1137 3897 Dampnum,
1156 3861 1265 3899 aliqua-

211 3889 386 3966 {iessgpctaedere
400 3895 506 3934 valeat,
520 3905 580 3927 non
603 3903 786 3936 attemptent‚
800 3896 845 3927 seu
866 3895 967 3928 faciant
983 3899 1201 3935 quomodolibet
1223 3908 1265 3931 at-

320 3940 350 3960 Π.

636 27 1445 83 coNVENTloNEs,
1500 29 1890 83 LITERAE,

1320 115 1356 147 In
1377 117 1455 155 cujus
1468 139 1479 155 ,
1504 117 1566 149 &c-
1586 117 1670 157 usque
1702 103 1998 156 Qintumdecimum
2021 117 2098 150 diem
2113 117 2182 158 Julii
2210 121 2347 158 proximo
2369 118 2499 155 AnnD.

1281 154 1409 186 fututum
1422 154 1572 186 duraturas.
2392 160 2479 198 1418.

1317 193 1407 225 Teste
1420 193 1504 234 Rege
1519 194 1593 233 apud
1608 196 1761 225 Civitatem
1773 196 1852 233 Regis
1864 193 1897 225 de
1909 197 2019 226 Bas'eux
2031 194 2154 235 septimo
2167 195 2215 227 die
2230 195 2345 235 Aprilis.
2368 202 2433 228 Hm.
2452 208 2482 235 5.

1956 273 2010 302 Per
2024 270 2108 311 ipſsem
2126 274 2232 311 Regem.

1564 395 1614 429 De
1629 395 1818 440 Restitutione
1833 398 2068 445 Temporalium.

1285 478 1405 534 REX
1423 479 1559 511 omnibus
1593 479 1629 512 ad
1643 490 1733 520 quoa,
1748 480 1811 514 ὅτε.
1828 481 1965 515 Salutem.

1380 517 1478 549 Sciatis
1495 520 1558 557 quo
1583 542 1595 567 2

1319 555 1370 587 De
1384 556 1485 588 Gratia
1498 555 1597 588 nostra
1609 557 1742 597 speciali,
1755 557 1788 590 δε
1802 566 1832 590 ut
1846 557 1990 591 Divinum
2003 556 2157 593 Servitium
2167 570 2201 594 ac
2215 560 2338 592 aliaPie·
2360 570 2414 593 An.
2433 568 2461 596 6.

1282 595 1343 625 tatis
1365 594 1478 634 Opem,
1496 605 1563 633 quae
1579 597 1610 626 in
1628 595 1746 636 Ecclesia
1756 597 1859 626 -Sandi
1881 598 2015 636 Sepulchri
2035 600 2067 629 de
2087 599 2201 630 cadomo
2212 599 2271 631 fieri
2287 599 2338 631 de-
2363 609 2399 632 Η.
2418 613 2448 639 5.

1281 630 1394 703 {eapti}
1402 634 1462 672 plus
1475 633 1560 666 solito
1572 634 1750 674 accrescant,
1767 635 1920 666 &ibidem
1934 637 2095 669 laudabilius
2105 647 2338 671 manuteneantur
2364 647 2455 670 Norm.
2467 646 2497 673 6.

1318 681 1657 751 Cilncleffrantffbanonicis
1672 710 1804 742 Ecclefiae
1816 709 1959 749 praedictae
1972 715 2070 744 omnia
2081 715 2282 754 Temporalia,
2301 717 2341 747 ei·
2365 685 2498 756 ἕζγρζι

1281 747 1350 779 dem
1369 749 1520 788 Ecclestae,
1537 751 1610 781 infra
1632 749 1781 780 Ducatum
1801 750 1932 781 nostrum
1955 747 2166 792 Normanniae,
2192 754 2343 792 spectantia
2366 758 2428 793 ders.

1283 786 1340 818 sive
1352 789 1532 827 pertinentia,
1549 788 1609 819 HA
1618 799 1638 819 B
1648 798 1666 819 E
1676 797 1699 819 N
1710 798 1732 819 D
1743 798 1761 819 Α
1771 813 1780 827 ,
1799 789 1828 819 in
1848 787 2087 821 Sustentationem
2106 791 2210 823 Divini
2231 793 2346 827 Servitii

1283 826 1455 894 &Ialiorum
1468 826 1579 897 Pgietatis
1593 827 1725 867 Operum
1737 827 1940 866 praediCkorum
1948 850 1958 866 ‚
1975 826 2013 858 de
2025 827 2120 859 Dono
2131 829 2242 862 nostro.

1335 875 1355 894 n
1369 875 1406 896 cu
1418 876 1448 896 us
1519 876 1546 897 c.

1321 875 1415 934 Teste¹
1423 888 1510 943 Rssge
1524 903 1599 943 apud
1612 907 1763 936 Civitatem
1776 906 1855 944 Regis
1865 904 1898 935 de
1914 904 2022 935 Baieux
2033 903 2153 946 septimo
2171 904 2219 939 die
2233 904 2346 946 Aprilis.

2364 485 2441 517 Ann.
2452 482 2485 518 D

1964 983 2018 1012 Per
2036 980 2118 1022 ipsum
2135 985 2240 1023 Regem.

1495 1107 1544 1138 De
1565 1104 1751 1137 Cancellario
1770 1105 1964 1138 Normanniae
1984 1104 2146 1150 constituto.

1374 1189 1399 1220 E
1408 1199 1435 1221 M
1444 1200 1464 1220 ο
1472 1198 1495 1221 R
1508 1200 1528 1220 A
1537 1190 1560 1220 N
1570 1199 1620 1220 Du
1631 1198 1658 1221 M
1676 1190 1767 1231 qubd,
1781 1191 1878 1221 oflavo
1894 1191 1937 1221 die
1950 1190 2059 1230 Aprilis
2067 1215 2077 1231 ,
2093 1191 2188 1223 ultim&
2231 1194 2347 1232 aeterito,
2372 1185 2448 1218 Ann-
2458 1185 2499 1219 D·

1383 1229 1529 1259 Dominus
1543 1228 1608 1259 Rex
1625 1229 1768 1268 Constituit
1782 1228 1820 1264 &
1835 1230 1990 1260 ordinavit
2003 1233 2082 1268 Magi
2107 1241 2166 1261 rum
2205 1232 2344 1271 hilippum
2365 1228 2476 1294 A1n4168·

1325 1309 1367 1336 Et
1382 1307 1469 1336 eodem
1481 1309 1554 1345 Die,
1571 1310 1601 1336 in
1615 1310 1730 1336 Camera
1736 1307 1789 1345 fisa
1799 1330 1808 1344 ‚
1822 1309 1897 1345 apud
1904 1311 2056 1338 Civitatem
2081 1318 2144 1337 uam
2162 1307 2195 1338 de
2214 1310 2342 1348 Baieux,
2360 1288 2426 1333 Ibiti·
2460 1290 2466 1296 ⁸

1287 1345 1355 1375 idem
1369 1348 1500 1376 Dominus
1515 1347 1575 1375 Rex
1590 1345 1749 1376 liberaverit
1760 1346 1844 1376 eidem
1855 1349 1989 1384 Magnum
2001 1350 2056 1386 Sigi
2066 1346 2120 1377 lum
2132 1344 2232 1386 ficum,
2248 1358 2345 1390 quam-
2365 1352 2402 1372 m·
2418 1345 2464 1382 36·
2478 1344 2506 1375 l·

1288 1384 1334 1414 diu
1347 1383 1396 1424 fibi
1405 1383 1541 1423 placuerit
1555 1383 1756 1424 custodiendum.

1289 1268 1416 1307 Morgan
1428 1267 1625 1297 Cancellarium
1632 1266 1712 1307 fitam
1724 1272 1846 1298 Ducatus
1859 1270 2053 1298 Normanniae:

1327 1508 1355 1536 *Ε
1382 1511 1428 1544 De
1447 1508 1638 1554 Restitutioue
1652 1510 1877 1557 Temporalium
1894 1511 1999 1545 Sanffl
2023 1511 2161 1558 Gervafi'i
2184 1511 2221 1548 de
2235 1517 2312 1551 Sees.
2373 1518 2390 1535 ⁹
2412 1518 2465 1547 IX.

1293 1599 1412 1654 REX
1431 1599 1594 1648 Omnibus,
1611 1599 1645 1631 ad
1661 1610 1749 1639 qum,
1767 1601 1828 1633 &c.
1845 1600 1980 1633 Salutem.
2370 1565 2448 1624 {3⁷11}
2464 1593 2507 1628 D-

1392 1638 1490 1669 Sciatis
1503 1638 1601 1677 quod,
2394 1634 2481 1672 1418.

1330 1676 1379 1707 De
1392 1676 1491 1708 Gratia
1502 1676 1598 1708 nostra
1611 1676 1734 1715 speciali,
1750 1677 1783 1708 &
1799 1685 1830 1707 ut
1843 1676 1986 1709 Divinum
2000 1678 2153 1711 Servitium
2168 1690 2202 1713 ac
2214 1681 2267 1713 alia
2287 1680 2352 1712 Pie·
2373 1676 2426 1700 An.
2443 1675 2473 1702 ⁶·

1291 1716 1351 1745 tatis
1367 1716 1397 1746 O
1419 1725 1481 1753 era,
1499 1723 1564 1753 quae
1578 1716 1607 1745 in
1623 1717 1755 1745 Priorum
1769 1717 1864 1746 Sanni·
1880 1717 2007 1756 Ger-vasti
2019 1718 2051 1747 de
2063 1721 2122 1748 Sees
2137 1719 2198 1751 fleri
2212 1720 2354 1758 debeant,
2375 1715 2413 1756 H}
2428 1720 2457 1747 5·

1312 1750 1353 1784 lus
1366 1755 1396 1785 so
1410 1755 1448 1785 ‘to
1462 1753 1637 1793 accrescant,
1654 1754 1689 1785 &
1701 1752 1810 1785 ibidem
1822 1754 1985 1786 laudabilius
1999 1765 2228 1790 manuteneantut
2247 1759 2280 1790 &
2296 1758 2353 1790 sus-
2375 1749 2440 1778 ¹⁶¹⁴·

1291 1799 1434 1824 tineantur
1443 1817 1452 1831 ,

1330 1831 1499 1870 Conceffimus
1515 1830 1647 1872 Religiofis
1661 1834 1738 1862 Viris
1753 1831 1897 1861 Prioratiis
1904 1832 2031 1870 praedidi
2043 1833 2141 1864 omnia
2154 1833 2356 1873 Temporalia‚

1293 1870 1387 1901 eidem
1404 1870 1558 1916 Prioratui,
1576 1872 1646 1902 infra
1663 1870 1811 1902 Ducatum
1826 1869 1957 1901 nostrum
1981 1870 2193 1912 Nortnanniae,
2207 1873 2358 1912 spectantia

1295 1910 1554 1986 fivfiaegtgngngiiz
1570 1949 1598 1977 in
1613 1947 1851 1978 Sustentationem
1868 1946 1970 1978 Divini
1986 1947 2099 1981 Servitii
2112 1949 2147 1982 &
2158 1948 2279 1982 aliorum
2291 1950 2357 1982 Pie-

1294 1988 1355 2055 tatiIs
1370 1986 1504 2030 Operum
1500 1986 1741 2056 ὅξὲκᾱίἂοωω,
1756 1986 1792 2017 de
1806 1986 1900 2017 Dono
1914 1985 2024 2019 nostm.

1330 2035 1516 2103 'Itjeffejtssgge
1526 2049 1600 2104 apud
1613 2066 1767 2094 Civitatem
1778 2065 1856 2102 Regis
1868 2064 1900 2094 de
1913 2065 2023 2094 Baieux
2037 2063 2152 2097 decimo
2163 2064 2210 2097 die
2222 2065 2336 2104 Aprilis.

1971 2143 2026 2171 Per
2044 2141 2127 2182 ipſscm
2146 2145 2251 2180 Regem,

1431 2266 1480 2299 De
1495 2263 1685 2310 Restitutione
1702 2266 1923 2312 Temporalium
1938 2267 2042 2300 Sanffl
2061 2264 2224 2314 Ebrulphi.

1300 2349 1417 2420 RE}
1435 2350 1599 2420 Omnibusd‚
1617 2351 1654 2383 ad
1668 2361 1755 2391 quos,
1774 2352 1835 2383 &c.
1852 2351 1986 2383 Salutem.
2377 2368 2453 2400 Ann-
2466 2368 2508 2401 D·

1418 2399 1496 2420 cratis
1533 2401 1573 2421 uo

1332 2428 1381 2460 De
1399 2428 1499 2459 Gratia
1510 2400 1611 2460 dostra'
1621 2428 1749 2468 speciali,
1765 2429 1799 2460 &
1817 2437 1848 2460 ut
1864 2428 1996 2460 divinum
2007 2427 2159 2462 Servitium
2176 2438 2210 2461 ac
2226 2429 2278 2461 alia
2291 2428 2357 2459 Pie-
2377 2408 2491 2474 ming*

1296 2468 1356 2497 tatis
1376 2467 1473 2504 Opera
1488 2490 1498 2506 ,
1525 2477 1590 2506 quae
1608 2468 1637 2498 in
1655 2467 1789 2498 Abbatia
1806 2469 1900 2498 Sanffi
1917 2467 2072 2506 Ebrulphi,
2100 2477 2168 2506 quae
2190 2468 2226 2498 de
2245 2467 2358 2498 Funda-
2379 2490 2407 2513 H
2430 2494 2447 2519 5
2466 2469 2473 2476 ‘

1296 2506 1373 2537 tione
1393 2505 1618 2543 Progenitorum
1637 2506 1803 2537 nostrorum
1818 2529 1829 2546 ‚
1853 2506 1999 2544 quondam
2021 2506 2139 2545 Regum
2163 2505 2277 2543 Angliae
2290 2529 2300 2543 ,
2324 2506 2357 2536 &
2387 2505 2466 2551 N’mg
2489 2524 2508 2551 6

1296 2543 1397 2574 nostro
1416 2543 1569 2574 Patronatu
1589 2545 1694 2583 existit,
1712 2544 1770 2576 fieri
1788 2544 1908 2576 debeant
1923 2569 1932 2582 ,
1952 2545 2012 2588 plus
2030 2544 2112 2575 solito
2128 2545 2305 2582 accrescant,
2324 2545 2358 2576 &
2379 2567 2407 2589 H
2418 2545 2509 2598 52th

1298 2582 1404 2613 ibidem
1423 2582 1584 2613 laudabilius
1600 2592 1831 2614 manuteneantur
1850 2583 1883 2613 &
1898 2582 2098 2620 sustineantur,
2380 2584 2413 2628 m'
2457 2599 2473 2628 g

1333 2620 1502 2660 Conceffimux
1522 2620 1656 2660 Religiofis
1683 2624 1757 2650 Virn·
1775 2620 1909 2650 Abbatiae
1922 2621 2063 2659 praedielae
2081 2621 2179 2651 omnia
2195 2620 2359 2659 Tempora·
2410 2622 2417 2629 '
2439 2609 2452 2637 3
2478 2622 2484 2628 ”

1297 2658 1349 2696 lia,
1368 2659 1460 2689 eidem
1480 2659 1629 2697 Abbatiae,
1646 2659 1718 2689 infm
1737 2659 1884 2690 Ducatum
1902 2659 2034 2690 nostrum
2051 2657 2247 2690 Normanniae
2261 2681 2271 2698 ,
2290 2669 2359 2698 qua-

1297 2697 1485 2734 litercumque
1501 2698 1667 2735 pertinentia
1684 2697 1739 2728 sive
1756 2697 1922 2735 speetantia‚

1334 2734 1366 2765 H
1377 2745 1396 2765 A
1407 2744 1483 2766 BEN
1494 2744 1543 2765 DA
1558 2760 1567 2773 ‚
1589 2736 1619 2765 in
1633 2734 1873 2767 Sustentationem
1893 2735 1994 2767 Divini
2012 2735 2125 2767 Servitii
2138 2758 2149 2775 ,
2171 2745 2206 2767 ac
2227 2735 2262 2767 ad
2280 2735 2360 2768 Exo-

1298 2773 1418 2804 randum
1445 2773 1597 2812 specialiter
1623 2783 1677 2810 pro
1702 2774 1782 2804 bono
1809 2774 1888 2805 Statu
1913 2774 2013 2805 nostro
2039 2774 2110 2805 dum
2127 2775 2301 2812 vixerimus,
2323 2775 2359 2806 &

1321 2822 1353 2842 ro
1370 2812 1474 2843 Anima
1491 2811 1586 2842 nostra
1604 2813 1673 2843 curn
1690 2813 1727 2842 ab
1744 2812 1796 2843 hac
1815 2812 1897 2844 Luce
1913 2814 2141 2852 migraverimus,
2157 2822 2191 2843 ac
2201 2812 2359 2843 Animabus

1324 2852 1523 2888 rogenitorum
1541 2852 1574 2882 δε
1593 2850 1795 2882 Successor-um
1814 2850 1998 2889 nostrorum,
2015 2852 2050 2882 &
2067 2851 2198 2881 omnium
2218 2849 2358 2894 Eidelium

1299 2889 1517 2920 Defunctorum
1532 2913 1542 2927 ,
1567 2899 1681 2921 necnon
1704 2889 1737 2920 ad
1755 2889 1807 2920 alia
1824 2890 1921 2921 Onera
1939 2890 1973 2921 &
1988 2889 2099 2921 Pietatis
2117 2888 2215 2927 Opera
2231 2888 2301 2919 mibi
2318 2888 2361 2921 fa-

1299 2928 1434 2996 cieIndurn
1452 2929 1485 2960 &
1501 2927 1730 2997 gustentandum‚
1748 2927 1784 2960 de
1802 2928 1896 2959 Dono
1912 2927 2021 2959 nostro.

1355 2976 1372 2995 n
1386 2976 1421 2997 cu
1435 2977 1465 2996 us
1535 2976 1564 2997 c.

1333 2977 1432 3036 TesteJ
1438 2989 1520 3046 Rege
1533 3003 1607 3044 apud
1621 3008 1773 3036 Civitatem
1789 3006 1866 3042 Regis
1877 3003 1911 3034 de
1924 3005 2034 3035 Baieux
2047 3002 2162 3036 decimo
2180 3002 2228 3034 die
2245 3002 2362 3043 Aprilis.

1982 3082 2036 3111 Per
2050 3079 2134 3121 ipfitm
2150 3083 2256 3121 Regem.

1456 3207 1505 3238 De
1524 3202 1712 3248 qulitutione
1727 3206 1949 3252 Temporalium
1967 3205 2003 3240 de
2019 3205 2205 3240 Tailleville.

1301 3289 1597 3359 RE}cStri-;mibusi,
1613 3290 1648 3321 ad
1662 3301 1750 3330 quos,
1769 3290 1828 3322 ὅτε.
1848 3290 1982 3323 Salutem.
2381 3302 2510 3335 ΛΜΗ),

1336 3366 1385 3397 De
1409 3338 1629 3398 (ὶῑαῑίειῳῐιιὲίὶῗε
1654 3367 1786 3406 speciali,
1813 3367 1846 3399 &
1870 3376 1901 3398 ut
1926 3367 2069 3399 Divinum
2086 3366 2238 3399 Servitium
2255 3375 2290 3397 ac
2305 3364 2358 3396 alia
2378 3342 2486 3410 ,424168

1301 3404 1412 3436 Pietatis
1427 3405 1525 3443 Opera
1541 3428 1550 3443 ,
1570 3416 1635 3444 quae
1651 3407 1680 3451 in
1699 3409 1830 3437 Prioratu
1848 3407 1880 3436 de
1897 3405 2049 3451 Taiileville
2061 3428 2072 3444 ,
2088 3407 2118 3436 in
2136 3403 2287 3448 Comitatu
2302 3413 2358 3434 no-
2376 3424 2412 3448 H.
2430 3429 2459 3456 5·

1301 3443 1359 3474 stro
1377 3444 1412 3473 de
1431 3443 1584 3482 Cadomo,
1603 3444 1663 3474 fieri
1679 3445 1815 3482 debeant,
1834 3445 1895 3482 plus
1913 3445 1994 3475 solito
2011 3443 2182 3482 accreseant‚
2199 3443 2234 3474 &
2249 3441 2357 3473 ibidem
2378 3458 2444 3487 thid.

1301 3482 1463 3513 laudabilius
1481 3492 1711 3514 manuteneantur
1728 3485 1761 3515 &
1779 3482 1980 3521 sustineantur,

1337 3520 1505 3589 Coricelqimus
1519 3544 1537 3567 ,Α
1551 3520 1658 3566 dilecto
1680 3522 1763 3565 nobis
1788 3523 1817 3551 in
1827 3560 1832 3565 Ι
1843 3520 1960 3551 Christo
1973 3543 1984 3558 ,
2006 3518 2140 3564 chharfir
2163 3518 2197 3548 de
2217 3516 2248 3562 l‘?
2264 3517 2336 3563 Foffe
2348 3541 2361 3558 ‚

1302 3559 1395 3590 Priori
1437 3568 1556 3590 rioratus
1575 3559 1700 3597 praedieti
1715 3585 1726 3598 ,
1750 3569 1848 3590 omnia
1861 3559 2048 3602 ¹Temporalia
2062 3579 2072 3596 ,
2085 3556 2179 3588 eidem
2197 3555 2361 3601 Pru-statut,

1301 3597 1372 3628 infra
1388 3597 1535 3641 Ducaturn
1552 3597 1683 3629 nostrum
1701 3598 1893 3629 Nortnanniae
1906 3619 1916 3635 ,
1931 3597 2174 3635 qualitercumque
2191 3603 2362 3633 pernnenua

1304 3636 1371 3704 sule-1
1379 3635 1550 3704 spgtffssagtg,
1569 3674 1598 3704 in
1616 3674 1852 3706 Sustentationem
1870 3672 1973 3705 Divini
1989 3671 2118 3709 Servitii,
2135 3669 2196 3706 &a
2214 3677 2297 3710 prout
2310 3669 2362 3712 fie-

1299 3721 1353 3752 pra
1371 3714 1402 3742 de
1419 3712 1503 3742 verbo
1522 3713 1562 3742 ad
1575 3713 1697 3743 verbum.

1342 3749 1378 3780 In
1397 3752 1490 3789 cujus,
1507 3751 1568 3781 &c.
2139 3785 2145 3791 ⁸
2231 3787 2236 3792 .
2335 3786 2343 3793 ·

1319 3827 1324 3833 ι
1343 3788 1435 3821 Teste
1448 3789 1528 3829 Rege
1542 3789 1615 3828 apud
1627 3792 1778 3820 Civitatem
1789 3787 1907 3828 nostram
1919 3787 1951 3819 de
1962 3789 2071 3817 Baieux
2083 3784 2198 3817 decimo
2208 3785 2254 3819 dte
2273 3785 2357 3826 Αρπ-

1306 3826 1346 3857 113’
1995 3863 2048 3893 Per
2059 3861 2141 3903 ipsum
2154 3865 2259 3904 Regem.

2023 3997 2029 4016 ,
2228 3961 2367 4012 ¹⁷1⁹1«

2383 526 2472 565 1418.
2488 511 2494 517 '
2554 539 2556 541 ·
