2562 4274
224 89 304 137 ms
686 72 1490 126 CONVENTTONEQ

69 171 147 202 Ann.
163 169 208 200 D.

98 218 182 248 1419.

71 253 134 277 Heu.
155 258 182 283 5·
437 254 486 286 De
508 254 733 285 Locumtenente
756 251 870 299 Angliae
895 249 1058 294 constituto.

69 337 170 407 ἴῃῖῃ
225 337 343 407 RE}
363 337 526 405 Omnibusi,
546 337 580 367 ad
593 345 684 375 quos,
702 336 764 367 &c-
783 336 920 368 Salutem.

101 394 106 399 -
147 394 152 400 ·
343 386 418 407 ciatis
438 385 497 413 quo
525 398 534 413 ,

72 415 130 439 Par.
152 420 177 444 7-
259 415 317 446 Pro
331 424 367 444 eo
381 415 479 452 quod,
497 413 650 444 carissimus
669 413 762 443 Frater
775 412 889 451 noster,
906 411 1051 450 Johannes
1073 413 1142 441 Dux
1164 407 1282 449 Bea'for-

74 497 120 523 23-
222 491 261 521 est
287 491 454 521 *rofefturus

261 503 363 561 Inlidet
376 514 475 560 intim³e
491 527 585 559 Cordi
601 528 701 559 nostro
721 527 799 566 quod
814 527 873 558 Pax
887 526 983 557 nostra
998 527 1070 557 infra
1085 526 1220 565 Regnum
1230 534 1284 568 no-

225 567 313 598 strum
339 568 450 607 Angliae
464 593 472 606 ,
493 568 644 605 praesertim
670 567 739 597 dum
762 566 885 597 absentes
910 566 1044 596 fuerimus
1060 588 1070 604 ,
1087 563 1284 595 inviolabiliter

223 607 404 645 observetur,
423 607 457 637 &
474 605 550 644 quod
569 606 687 645 Agenda
703 605 771 635 dieti
790 605 885 644 Regni
910 604 999 635 nostri
1019 603 1139 643 provide
1162 603 1285 641 dirigan-

223 654 283 682 tur,
301 656 334 676 ac
351 645 461 683 singulis
472 644 592 682 Justitiae
607 645 736 674 debitum
749 643 942 681 impendatur,
1165 680 1170 685 .

264 684 394 714 Necnon
411 684 447 713 de
463 683 607 713 Fidelitate
620 684 652 714 &
669 681 960 720 iudustria,catiffimi
970 681 1071 712 Fratris
1083 679 1286 718 nostri,Hum-

218 721 294 762 fridi
311 726 394 752 Ducis
406 721 574 761 Gloucestriae
586 722 686 752 intime
705 720 894 758 confidentes,
1203 757 1208 761 .

264 760 475 792 Censtituimus
499 760 581 799 ipficm
600 763 701 790 Ducem
721 759 880 789 Custodem
905 758 974 789 dicti
998 758 1094 797 Regni
1121 756 1233 800 nostri,
1252 765 1285 786 ac

226 800 343 831 Locum
369 800 497 830 nostrum
519 809 664 829 tenentem
690 799 718 827 in
743 798 846 827 eodem
871 797 999 835 Regno,
1017 797 1086 827 dum
1109 804 1185 839 extra
1210 795 1286 838 idem

225 838 367 875 Regnum
384 838 503 869 Moram
519 838 669 868 fecerimus
682 837 726 867 vel
741 837 835 866 donec
852 836 925 866 aliud
944 836 1009 866 inde
1024 835 1187 866 duxerimus
1209 833 1288 864 ordl-

226 877 352 908 nandum

266 899 378 946 Damu’s
398 923 492 945 autem
517 913 651 944 universis
668 913 700 943 &
724 912 833 952 singull5
855 909 1104 948 Archiepiscopis,
1127 909 1231 953 Episco
1251 909 1288 953 is,

228 953 386 984 Abbatibus
403 976 412 991 ,
430 953 573 984 Prioribus
587 975 598 989 ,
616 951 747 981 Ducibus
763 974 772 988 ,
791 950 956 980 Comitibus
968 972 978 987 ,
994 948 1164 986 Batonibus,
1186 947 1232 978 Mi
1244 949 1289 991 iti-

226 993 296 1031 bus,
312 991 588 1026 ConinitinitatibuS,
607 990 852 1026 Viceconiitibtis,
870 989 976 1019 Liberis
994 987 1190 1025 Hominibus,
1207 985 1290 1018 Balli-

224 1032 287 1068 vis,
314 1029 452 1060 Ministris
467 1052 477 1065 ,
505 1032 538 1060 &c
562 1029 696 1058 omnibus
720 1027 861 1058 Fidelibus
884 1026 1005 1065 nostris,
1019 1026 1137 1057 Tenore
1160 1025 1288 1056 Praesen·

226 1070 317 1103 tium,
337 1067 454 1098 firmiter
468 1070 495 1097 in
513 1066 672 1104 MandatiS,
689 1068 770 1104 quod
780 1065 900 1104 praefato
917 1069 1005 1102 Duci,
1023 1073 1158 1104 tanquam
1180 1063 1289 1096 Custo-

228 1107 257 1137 di
271 1106 339 1136 dieti
353 1106 449 1145 Regni
463 1105 567 1143 nostri,
585 1105 617 1136 &
635 1104 750 1135 Locum
774 1104 902 1135 nostrum
924 1105 1032 1136 tenenti
1055 1105 1082 1133 in
1104 1103 1224 1143 eodem,
1242 1102 1288 1134 In-

230 1147 374 1177 tendentes
390 1146 458 1182 sint,
475 1143 708 1182 Respondenies,
723 1153 756 1174 ac
773 1143 976 1179 Consulentes,
995 1144 1027 1172 &
1049 1143 1228 1173 Auxiliantes.

265 1183 297 1214 ln
313 1185 406 1223 cujus,
426 1184 486 1214 &c.
505 1183 552 1212 has
570 1182 673 1213 Literas
690 1181 798 1212 nostras
814 1181 943 1212 Parentes
958 1181 1017 1212 fieri
1031 1181 1064 1212 ὃ(
1079 1180 1180 1221 Magni
1199 1180 1292 1218 Sigilli

230 1223 319 1253 nostri
337 1223 494 1253 munimine
508 1221 627 1252 fecimus
641 1221 807 1259 consignari.

266 1261 331 1291 Dat.
352 1263 381 1291 in
403 1259 515 1291 Palatio
536 1260 623 1299 nostro
640 1259 714 1299 apud
732 1258 989 1299 W’stmonasterium
1011 1258 1154 1290 tricesimo
1168 1257 1215 1289 die
1229 1257 1293 1288 De-

227 1301 358 1331 cembris.

731 1338 785 1366 Per
804 1339 897 1366 Breve
912 1335 943 1366 de
957 1337 1076 1366 Privato
1087 1334 1186 1374 Sigillo.

367 1461 393 1487 ’Χῖ
420 1462 467 1494 De
490 1459 631 1504 Potestate
652 1458 747 1493 eidem
770 1461 994 1492 Locumtenenti
1016 1458 1151 1505 concqffir.

82 1485 99 1501 ⁸¹
119 1483 173 1511 IX.

83 1518 161 1590 ῗξῑίῃ
175 1557 217 1589 D,
297 1546 355 1580 EX
375 1546 538 1590 Omnibus,
556 1546 590 1577 ad
606 1555 694 1584 quOS,
713 1545 774 1576 &c.
792 1544 927 1576 Salutem.

82 1607 199 1667 Αἲξ-9
270 1584 584 1663 &gradante-wara
599 1621 677 1662 ufilue
694 1623 748 1661 ibi,
766 1622 926 1654 duxerimus
942 1621 1152 1660 ordinandum,
1167 1639 1217 1644 —
1232 1631 1296 1653 tunc

227 1661 285 1703 fis*

271 1701 339 1731 Nos

269 1723 404 1769 Volentes
424 1739 523 1777 Quieti
543 1737 728 1769 Praelatorum
746 1763 755 1775 ‚
782 1737 953 1776 Magnarum
1008 1739 1042 1770 ὃς
1068 1738 1189 1770 aliorum
1215 1738 1299 1768 Fide-

232 1777 302 1846 liudm
320 1777 503 1816 nostrorum,
520 1776 588 1808 dieti
606 1776 702 1816 Regni
721 1776 827 1816 nostri,
844 1776 915 1807 dum
928 1761 1052 1809 abdentes
1062 1777 1213 1816 fuerimus,
1230 1788 1298 1816 pro-

230 1827 259 1848 vi
281 1826 327 1847 ere

269 1841 373 1886 Eide'm
398 1853 523 1885 Custodi
548 1853 619 1885 diCti
645 1854 741 1894 Regni
769 1854 860 1885 nostri
888 1854 1001 1895 Angliae
1018 1878 1027 1893 ,
1055 1855 1089 1886 ὃς
1108 1854 1226 1886 Locum
1246 1864 1299 1886 no-

233 1893 322 1924 strum
342 1894 446 1924 tenenti
465 1894 494 1923 in
513 1892 634 1930 eodem,
648 1893 759 1931 plenam
778 1892 979 1925 Conceffimus
992 1893 1168 1924 Potestatem
1187 1894 1220 1925 &
1238 1894 1301 1925 Au-

232 1933 394 1963 &oritatem
412 1931 578 1970 specialem,
597 1940 653 1962 tam
675 1932 877 1970 Parliamenta,
898 1941 983 1968 quam
1001 1932 1151 1970 Concilia,
1169 1932 1240 1963 infra
1255 1932 1299 1962 di-

232 1972 314 2002 etum
334 1971 470 2009 Regnum
490 1970 622 2000 nostruin
641 1970 776 2001 Tenendi
793 1994 802 2008 ,
831 1972 864 2002 &
884 1970 1018 2001 Praelatos
1034 1993 1044 2009 ,
1075 1970 1224 2010 Magnates
1238 1994 1248 2010 ,
1265 1972 1300 2002 &

231 2009 389 2048 Proceres,
414 2019 446 2039 ac
473 2007 703 2051 Communitates
729 2010 799 2039 dieti
827 2009 923 2047 Regni
952 2009 1068 2047 nostri,
1092 2019 1162 2039 curn
1188 2018 1300 2048 tempus

231 2049 353 2116 exegegt
368 2048 542 2116 vfllnegesse
558 2048 657 2086 fuerit,
674 2047 867 2079 Convocandi
886 2048 919 2079 &
933 2047 1164 2087 Summonendi,
1181 2048 1215 2079 &
1229 2059 1299 2080 cum

233 2088 242 2117 i
266 2087 296 2117 sis
333 2085 459 2116 ‘onuen
482 2087 488 2116 i

244 2097 309 2156 PEt
329 2135 359 2155 ea
376 2149 385 2163 ,
415 2135 480 2163 quae
498 2109 602 2155 'Nobis
623 2125 656 2156 Sc
675 2124 784 2162 Regno
802 2124 901 2155 nostro
921 2123 1060 2162 praeditsto
1076 2125 1225 2156 necessaria
1243 2125 1302 2157 fue-

234 2166 290 2195 rint
317 2164 361 2194 vel
385 2173 550 2201 oportuna,
576 2163 610 2193 de
632 2163 736 2194 alsensu
764 2164 1018 2194 Parliamentorum
1046 2163 1078 2194 &
1098 2163 1301 2196 Conciliorum

236 2202 415 2240 hu'usmodi,
434 2202 584 2240 Faciendi,
603 2203 636 2232 &
655 2201 831 2240 Ordinandi,
849 2203 882 2232 ὃς
902 2201 1097 2239 Disponendi,

292 2241 313 2272 't
328 2251 377 2279 ea,
395 2251 460 2279 quae
478 2241 514 2271 de
526 2240 643 2271 Assensu
658 2240 913 2271 Parliamentorum
929 2242 961 2271 &
983 2240 1187 2271 Conciliorum
1210 2241 1303 2280 hujus-

238 2280 321 2311 modi
334 2279 487 2318 ordinata,
506 2279 659 2317 Traeiata,
677 2280 721 2310 vel
737 2278 920 2310 Concordata
936 2281 1056 2317 tuerint,
1074 2279 1303 2311 Executionide-

238 2319 306 2350 bitae
318 2341 328 2356 ‚
345 2318 371 2349 V
375 2320 419 2349 ice
436 2317 530 2348 nostra
542 2340 551 2355 ,
568 2318 730 2348 demandari
743 2317 882 2355 faciendi,

277 2357 406 2388 Necnon
422 2356 558 2394 Capitulis
572 2356 762 2388 Ecclciiarum
777 2356 985 2387 Cathedralium
999 2357 1030 2388 ὃ(
1047 2355 1302 2396 Conventualium,

237 2405 287 2433 per
303 2395 450 2432 Mortem,
469 2394 654 2432 Ceffionem,
671 2395 714 2425 seu
729 2396 832 2433 quovis
846 2395 902 2426 alio
924 2395 1014 2425 modo
1036 2396 1216 2434 vacantium,
1235 2407 1302 2427 cum

238 2434 397 2471 hujusmodi
412 2434 436 2464 V
440 2435 579 2464 acationes
594 2433 732 2471 praedicTtO
747 2432 871 2465 Custodi
884 2443 934 2471 per
947 2434 1021 2464 dista
1036 2433 1166 2471 Capitula
1182 2438 1302 2472 praesen·

238 2480 302 2503 tatae
319 2472 438 2509 suerint,
457 2471 645 2502 Concedendi
664 2473 825 2503 Licentiam
844 2472 973 2510 Eligendi
988 2472 1120 2502 Personas
1141 2472 1253 2504 idoneas
1275 2475 1303 2504 in

241 2509 367 2540 Pastores
386 2511 418 2540 &
438 2509 617 2541 praefidentes
633 2510 823 2541 Ecclesiarum
842 2510 1059 2549 praedictarum,

281 2547 336 2584 Et,
355 2548 425 2578 cum
438 2548 473 2579 de
486 2548 612 2578 Licentia
631 2550 763 2586 praedic'la
781 2549 941 2580 Eleeiiones
953 2550 981 2578 in
997 2550 1076 2578 diffis
1093 2547 1222 2580 Ecclesiis
1243 2550 1305 2581 fue—

243 2587 298 2616 rint
313 2586 480 2624 celebratae,
493 2589 526 2616 &
542 2586 674 2617 Personae
698 2587 808 2617 Elcetae
830 2597 878 2624 per
901 2587 1004 2617 Literas
1023 2587 1167 2617 dierorum
1186 2587 1306 2626 Capitu-

244 2625 339 2655 lorum
365 2624 465 2654 Nobis
485 2624 528 2654 vel
549 2625 601 2654 sibi
622 2624 720 2655 nostro
734 2625 869 2656 Nomine
890 2625 1085 2663 Praesentatae,
1108 2625 1254 2657 Affensum
1271 2629 1304 2658 δε

245 2663 384 2694 Pavorem
399 2662 524 2702 Regium
541 2663 651 2701 singulis
666 2664 824 2699 hujusmodi
842 2663 1036 2693 Eleetionibus
1059 2664 1119 2702 (nisi
1141 2666 1308 2695 rationabilis

247 2701 325 2732 causa
342 2702 473 2731 subfuerit
488 2711 572 2738 quare
586 2702 667 2731 dietis
680 2701 874 2732 Elcciionibus
886 2702 1045 2739 hujusmodi
1069 2702 1199 2733 Affensus
1220 2704 1308 2734 dene-

249 2742 305 2780 gari
321 2739 432 2775 debeat)
451 2740 633 2777 Adhibendi‚

285 2778 321 2812 Et
344 2779 478 2816 ulterius,
503 2788 557 2816 pro
581 2777 807 2808 Confirmatione
832 2777 1000 2808 Eledmrum
1015 2801 1025 2816 ,
1045 2779 1145 2817 quibus
1173 2779 1208 2809 fic
1230 2780 1308 2810 adlii—

245 2817 330 2847 betur
349 2816 479 2848 Affensus
513 2818 564 2847 i'llis
581 2817 615 2847 ad
635 2827 705 2855 quos
724 2818 858 2854 pertinet,
876 2827 958 2846 mere
975 2817 1055 2847 solito
1074 2817 1308 2857 Transcribendi,

288 2856 353 2893 Ac,
371 2865 438 2886 curn
460 2839 620 2886 Eiee‘tiones
642 2855 799 2891 huiusmodi
819 2855 994 2886 confirmata:
1016 2856 1131 2894 fuerint,
1151 2857 1183 2887 δε
1198 2857 1234 2887 de
1249 2858 1307 2888 hoc

246 2903 296 2934 per
316 2894 421 2925 Literas
434 2893 663 2924 Diocesanorum
677 2894 828 2924 Locorum
844 2894 1043 2932 praedi&0rum
1059 2895 1177 2932 praefato
1184 2895 1308 2926 Custodi

244 2931 422 2969 constiterit,
438 2932 612 2970 Fidelitates,
626 2931 724 2962 Nobis
739 2933 774 2962 de
792 2931 956 2964 Minoribus
972 2933 1094 2963 Praelatis
1112 2935 1142 2964 in
1159 2934 1212 2965 hac
1230 2944 1306 2973 parte

247 2972 374 3009 debitas,
390 2970 555 3008 Recipiendi
589 2981 622 3002 ac
636 2971 714 3001 Tem
756 2971 818 3000 ralia
835 2972 878 3001 sua
896 2971 1092 3009 Restituendi,

283 3010 323 3040 lta
345 3009 425 3047 quod
447 3010 522 3039 idem
547 2994 653 3039 Custos
675 3019 689 3039 a
740 3009 871 3048 Iajoribus
889 3009 1027 3047 Praelatis,
1046 3011 1082 3040 lic
1106 3010 1230 3049 mefitis,
1248 3021 1307 3041 non

247 3049 381 3086 recipiat,
399 3057 453 3078 nec
476 3048 658 3085 Teniporalia
680 3047 867 3078 Eccleliarum
893 3049 938 3084 (ad
964 3059 1083 3087 quarum
1101 3049 1243 3090 Regimen
1259 3051 1310 3080 eli-

248 3096 354 3124 guntur
376 3085 421 3116 seu
440 3085 627 3123 postulantur)
653 3086 751 3116 liberet
768 3086 812 3116 seu
832 3087 972 3124 restituat,
990 3088 1136 3126 quousque
1157 3098 1209 3118 nos
1231 3088 1308 3126 super

247 3126 305 3194 Ῑέοε
320 3125 429 3155 duxerit
442 3124 718 3162 consulendum,aut
731 3125 803 3155 aliud
817 3135 832 3155 a
847 3126 945 3156 Nobis
958 3127 1024 3157 inde
1039 3127 1167 3157 habuerit
1181 3128 1210 3156 in
1221 3127 1309 3158 Man-

272 3173 320 3194 atis

285 3187 524 3238 Et'quascumque
538 3201 622 3230 etiam
638 3200 790 3231 Fidelitates
800 3211 867 3240 ,pro
883 3201 1107 3240 quibuscumque
1123 3202 1310 3241 Terris,Te-

252 3240 408 3276 nementis,
426 3239 470 3269 seu
484 3238 703 3269 Haereditatibus
716 3240 799 3268 nobis
813 3241 932 3277 debitas,
952 3239 1136 3278 Recipiendi,

289 3277 335 3307 Ac
356 3278 459 3307 Terras
474 3301 484 3314 ,
509 3278 687 3308 Tenementa
703 3300 712 3314 ,
736 3280 769 3308 &c
790 3278 967 3308 Hereditates
990 3279 1148 3315 hujusmodi
1171 3279 1223 3308 illis
1237 3303 1246 3316 ,
1275 3279 1310 3310 ad

253 3325 327 3354 quos
342 3316 496 3353 pertinent,
514 3324 599 3354 prout
612 3315 718 3353 justum
736 3316 835 3354 fuerit,
855 3317 1007 3346 Liberandi
1023 3318 1056 3347 &
1073 3316 1271 3354 Restituendi,

290 3353 459 3391 Homagiis,
478 3353 572 3383 Nobis
594 3364 646 3391 pro
667 3353 750 3384 dietis
771 3354 867 3384 Terris
883 3379 892 3392 ,
909 3355 1108 3392 Teneinentis,
1126 3355 1158 3385 &
1180 3354 1309 3386 Haeredi-

253 3393 354 3424 tatibus
368 3392 628 3429 debitis,reservatis
638 3402 720 3430 ,quae
735 3391 819 3431 usque
832 3393 972 3423 Reditum
991 3393 1118 3423 nostrum
1134 3395 1163 3423 in
1177 3393 1308 3431 Angliarn

252 3431 387 3501 {olkimuts
403 3453 413 3468 ‚
428 3440 483 3474 pro
507 3430 575 3460 Fine
598 3431 777 3469 rationabili,
795 3433 823 3461 in
845 3431 1018 3462 Cancellaria
1040 3430 1134 3462 nostra
1160 3431 1309 3471 faciendo,

286 3480 301 3499 e
332 3479 363 3499 ec
379 3478 450 3506 uari,

290 3480 430 3538 Vlolumus
447 3507 525 3536 enim
546 3506 626 3544 quod
649 3506 724 3536 idern
741 3507 848 3538 Custos
872 3509 969 3538 omnia
983 3507 1145 3545 Praemissa,
1163 3518 1196 3538 ac
1211 3509 1310 3539 omnia

249 3546 302 3577 alia
323 3546 355 3576 &
377 3545 479 3583 singula
520 3543 768 3575 Gubernationem
789 3546 863 3576 suam
883 3547 1021 3585 tangentia
1042 3548 1075 3577 &
1090 3547 1310 3585 concernentia,

250 3585 287 3615 de
304 3583 421 3614 Ass'ensu
435 3585 468 3615 δε
482 3567 695 3614 befiberatione
713 3583 837 3615 Concilii
856 3584 962 3623 nostri,
980 3586 1014 3616 &
1034 3595 1093 3615 non
1116 3585 1212 3623 aliter,
1229 3585 1309 3616 faciit

251 3625 286 3655 &
303 3631 462 3660 exequatur.

289 3661 322 3692 In
341 3661 436 3699 cujus,
454 3660 514 3691 &c.

328 3699 415 3731 Teste
434 3709 463 3730 ut
481 3699 566 3737 supra.

84 1680 118 1702 H.
141 1684 167 1709 ς.

84 1714 148 1742 ibid.

751 3774 804 3802 Per
820 3776 911 3803 Breve
921 3772 954 3802 de
970 3775 1088 3803 Privato
1104 3774 1203 3811 sigillo.

1546 71 1933 124 LITERAE,

2400 150 2476 184 Anti.
2486 152 2530 188 Da

2427 200 2515 232 1419.

2396 233 2463 259 Hen.
2483 241 2514 268 5.

1699 250 1751 281 De
1774 244 2000 280 Pardonatione.

1319 332 1434 392 REX
1453 333 1586 364 omnibus
1605 332 1715 378 naiiivis
1733 336 1768 367 &
1794 333 1934 366 Fideiibus
1948 332 2015 372 suis,
2032 332 2068 364 ad
2084 341 2156 371 quos
2169 332 2315 371 praesentes
2327 331 2378 362 Li-
2395 322 2495 393 ἕν’-57-

1392 381 1458 403 terae
1471 380 1668 409 pervenerint,
1684 374 1816 404 Salutem,

1357 410 1454 442 Sciatis
1467 410 1564 449 quod,
1582 410 1619 440 de
1634 409 1734 442 Gratia
1748 411 1843 442 nostra
1860 410 1988 451 speciali,
2003 409 2223 440 Pardonavimus
2239 411 2272 442 &
2287 412 2378 441 Remi-
2397 401 2487 425 ΜΨ·
2501 405 2530 433 7·

72 454 105 476 H·
127 458 143 484 5
149 471 154 476 -
168 457 203 475 ¹⁷³·
222 452 292 491 diae,
309 453 346 483 de
360 452 501 483 Mandato
514 453 548 484 &
564 451 719 483 Voluntate
733 451 850 489 nostris,
866 460 950 490 penes
961 450 1141 480 Praesentiam
1157 447 1281 478 nostram
1312 449 1413 490 fimus,
1427 449 1527 488 Jurato
1543 449 1635 488 Ligeo
1650 449 1766 488 nostro,
1784 449 1911 488 Johanni
1923 450 1955 480 de
1949 447 2080 519 Uernel
2101 448 2254 485 Armigero
2275 448 2379 479 Trans·
2397 438 2533 471 H·5·P·²·

1322 487 1496 525 greffionem
1511 510 1521 525 ,
2398 483 2434 502 m.
2453 473 2500 509 46.

1567 497 1631 517 uam
1651 486 1721 519 fecit
1743 489 1877 519 ducendo
1899 491 1927 519 in
1984 497 2083 518 xorem
2096 509 2107 524 ‚
2133 486 2261 517 Licentia
2283 486 2380 518 nostr&

1321 536 1382 556 nori
1402 497 1584 564 optenta‚qJ

1583 525 1719 556 ohannam
1740 527 1839 557 Filiam
1859 528 1892 558 &
1913 526 2070 557 Haeredem
2092 525 2234 565 Johannis
2251 524 2295 555 dex
2317 524 2383 555 Illes

1322 563 1423 633 Migtis
1432 588 1442 603 ,
1460 564 1602 596 Defunffl
1611 589 1620 603 ,
1637 573 1668 596 ut
1682 566 1802 603 dicitur,
1820 565 1892 595 infra
1906 565 2036 597 AEtatem
2050 565 2084 597 &
2095 568 2125 595 in
2137 562 2275 595 Custodia
2289 563 2384 596 nostra

1322 612 1367 634 exi
1393 612 1488 635 entem
1986 620 1988 622 -

1361 626 1579 672 Pardonarssimus
1591 641 1674 671 etiam
1687 639 1722 671 &
1734 640 1885 682 Remtfimus
1901 639 2065 673 Parentibus
2082 642 2116 673 &
2136 641 2247 673 Amicis
2261 641 2384 680 praefatae

1323 680 1466 719 Johannae
1486 682 1505 699 ¹⁸¹¹
1524 678 1789 719 Transgreffionem
1806 703 1816 716 ,
1842 689 1928 717 quam
1955 680 2005 717 ipsi
2031 680 2152 712 {imiliter
2175 681 2305 711 fecerunt
2328 689 2383 718 pro
2401 679 2417 696 ‘
2439 678 2492 708 IX.

1324 719 1472 750 Consensu
1486 718 1535 749 suo
1550 720 1578 748 in
1591 718 1644 748 hac
1661 726 1738 756 parte
1751 717 1895 755 adhibito,
2402 717 2469 755 832.

1361 757 1545 795 Imponendo
1560 756 1741 788 Procuratori
1755 755 1854 786 nostro
1868 764 2032 794 perpetuum
2049 755 2115 786 inde
2126 755 2292 795 Silentium,

1361 795 1502 826 Nolentes
1525 796 1603 834 quod
1625 795 1712 826 iidem
1727 794 1872 833 Johannes
1897 796 1930 826 ὃς
1955 793 2111 832 Johanna,
2128 802 2174 825 aut
2194 794 2324 825 Parentes
2338 794 2384 826 vel

1324 834 1419 864 Amici
1440 835 1479 865 sui
1503 834 1631 872 praediffl
1645 857 1655 872 ,
1672 833 1821 865 occasione
1842 833 1981 873 praemissa
1995 857 2004 870 ,
2023 843 2072 871 per
2096 831 2166 862 Nos
2181 854 2191 870 ‚
2210 832 2254 863 seu
2273 833 2386 865 dietum

1324 871 1542 904 Procuratorem
1567 872 1712 911 nostrum,
1730 880 1776 902 aut
1788 872 1857 903 alios
1870 871 2034 902 Officiari'os
2054 870 2164 902 nostros
2177 870 2389 910 quoscumque,

1325 921 1476 979 veiItentur,
1495 910 1695 981 mt‘aglcestentur,
1710 911 1899 951 impediantur
1913 912 1943 941 in
1957 911 2052 949 aliquo
2067 910 2111 940 seu
2123 918 2284 949 graventur.

1379 960 1397 979 n
1413 960 1448 980 cu
1461 960 1493 980 us
1567 959 1592 980 c.

1324 1025 1344 1056 b
1363 960 1457 1032 ''I'esteJ
1470 974 1552 1027 R'ege
1566 986 1640 1026 apud
1657 985 1863 1027 Castrumficum
1878 986 2040 1026 Rothomagi
2052 985 2197 1018 tricefimo
2210 985 2256 1017 die
2263 985 2391 1018 Decem-

1346 1036 1390 1057 ris.

2011 1065 2065 1094 Per
2082 1063 2164 1103 ipsum
2181 1066 2286 1102 Regem.

1328 1191 1385 1222 Pro
1402 1185 1583 1235 quibusdam
1609 1186 1759 1232 Persbnis,
1785 1199 1804 1219 a
1831 1188 1915 1220 Duce
1944 1189 2122 1226 Britannia,
2145 1184 2190 1220 ad
2206 1185 2392 1234 praefintiam

1731 1239 1819 1282 Regis
1840 1239 1985 1269 venturis.

1334 1320 1424 1379 RE
1436 1320 1483 1359 X,
1501 1330 1550 1359 per
1576 1320 1683 1352 Literas
1702 1321 1758 1351 suas
1778 1320 1925 1358 Patenteo,
1948 1321 2034 1360 usque
2053 1321 2177 1359 primum
2195 1320 2271 1352 diem
2293 1321 2390 1354 Martii
2411 1322 2488 1353 Ann.
2500 1320 2542 1354 D.

1413 1361 1546 1398 proximo
1561 1360 1686 1390 futurum
1701 1360 1860 1397 duraturas,
1877 1360 1992 1398 suscepit
2009 1361 2039 1390 in
2054 1360 2178 1399 salvum,
2195 1360 2257 1391 &e
2272 1360 2392 1400 Trigin-
2433 1370 2520 1400 1419.

1332 1406 1359 1428 ta
1380 1399 1514 1429 Personas
1536 1399 1748 1437 (cujuscumque
1771 1397 1883 1437 StatuS,
1902 1397 2035 1436 Gradus,
2053 1400 2098 1430 seu
2121 1397 2306 1430 Conditionis
2329 1400 2392 1431 fue-
2413 1405 2464 1429 Aa.
2483 1410 2511 1435 7.

1332 1438 1398 1473 rint)
1423 1438 1566 1474 Armatas,
1585 1438 1630 1467 vel
1653 1447 1713 1467 non
1733 1438 1874 1475 Armams,
1893 1447 1976 1476 quas,
1995 1437 2148 1468 cariffirnus
2171 1437 2265 1468 Frater
2286 1437 2392 1478 Revis,
2415 1444 2450 1467 H.
2468 1447 2498 1473 5.

1333 1478 1403 1505 Dux
1417 1479 1573 1505 Britanniae
1587 1476 1620 1506 ad
1638 1476 1749 1515 Regem
1763 1477 1874 1507 mittere
1891 1477 2030 1512 voluerit,
2047 1476 2131 1514 usque
2146 1476 2324 1508 Praesentiam
2333 1463 2394 1508 Re·
2414 1477 2478 1505 lbid.

1332 1516 1391 1553 gis,
1409 1516 1580 1552 ubicumque
1597 1524 1665 1544 eum
1680 1516 1741 1545 fore
1756 1515 1925 1554 contigerit,
1942 1514 2073 1545 Pedestre
2095 1515 2139 1545 vel
2159 1513 2317 1555 Equestre,
2334 1524 2393 1546 tarn
2415 1525 2452 1544 m.
2463 1523 2511 1551 47.

1333 1563 1383 1590 per
1401 1553 1506 1591 Diem,
1525 1555 1612 1591 quarn
1628 1563 1677 1591 per
1698 1553 1850 1591 Noctem,
1869 1563 1924 1584 una
1946 1563 2014 1584 cum
2038 1553 2147 1590 Libris,
2169 1553 2289 1592 Literis,
2309 1554 2396 1585 Man-

1334 1593 1411 1630 ticis‚
1431 1591 1529 1631 Bagis,
1547 1591 1649 1629 Bonis,
1669 1592 1784 1630 Rebus,
1811 1591 1964 1630 Cari-agiis,
1993 1592 2024 1623 &
2046 1591 2188 1623 Hernesiis
2210 1592 2261 1623 suis
2285 1593 2396 1631 quibus-

1334 1639 1460 1668 cumque
1475 1654 1485 1668 ,
1509 1631 1639 1667 quotiens
1657 1631 1690 1660 &
1714 1630 1828 1668 quando
1847 1631 1897 1660 sibi
1919 1630 2077 1668 placuerit,
2094 1629 2239 1661 veniendo
2259 1653 2270 1670 ,
2286 1632 2395 1663 ibidem

1336 1669 1496 1706 morando,
1516 1670 1549 1699 ὃς
1567 1668 1668 1699 exinde
1679 1669 1755 1698 salvo
1769 1669 1801 1698 ὅ(
1819 1670 1912 1699 secure
1923 1668 2085 1706 rcdeundo;

1375 1706 1493 1737 Proviso
1509 1706 1618 1744 semper
1633 1707 1714 1744 quod
1728 1706 1858 1736 Perionae
1872 1708 2016 1747 praedietae
2033 1708 2206 1745 quicquam,
2223 1708 2284 1739 &c-
2307 1708 2400 1748 quod-

1335 1755 1391 1784 que
1405 1746 1453 1783 ipii
1469 1745 1578 1775 nullum
1594 1744 1779 1783 Castrorum,
1799 1748 1859 1776 ὅτε.

1379 1784 1410 1814 ln
1426 1786 1521 1822 cujus,
1538 1784 1600 1814 &a

1371 1822 1461 1853 Teste
1477 1822 1559 1862 Rege
1574 1822 1648 1861 apud
1664 1821 1785 1862 Castrum
1793 1821 1873 1861 saum
1889 1822 1920 1852 de
1934 1825 2025 1852 Rauen
2041 1821 2113 1851 xxxi.
2126 1820 2171 1851 die
2185 1819 2366 1853 Decembris.

2026 1900 2081 1929 Per
2094 1897 2178 1938 rpfitm
2192 1902 2296 1938 Regem.

1419 1991 1434 1993 <
1777 1989 1784 1991 e
1882 1989 1887 1990 ν
1995 1989 2022 1997 ἡ

1575 2047 1634 2079 Pro
1658 2042 1851 2092 Burgenfibus
1876 2047 1913 2078 V
1910 2044 1964 2077 illa
1988 2043 2024 2077 de
2047 2047 2167 2091 Dieppe.

1341 2130 1459 2190 REX
1479 2129 1720 2174 Archiepiscopis,
1738 2129 1885 2173 Episcopis
1921 2130 2078 2176 Abbatibus
2092 2154 2101 2167 ,
2119 2118 2289 2176 Pri-oribus,
2312 2132 2403 2179 Duci-
2422 2142 2497 2174 Am,
2510 2141 2553 2174 D,

1352 2210 1356 2215 Ι
1419 2171 1489 2208 bus,
1508 2169 1686 2214 Corn'itibus,
1704 2169 1873 2214 Baronibus‚
1891 2168 2062 2213 Musti-ciariis,
2080 2168 2214 2217 B²u¹v¹⁵a
2234 2170 2402 2204 Vicecomi-
2441 2191 2528 2221 1420.

1338 2209 1429 2246 tibus,
1448 2209 1622 2246 Praepolitis,
1640 2207 1795 2246 Ministris,
1811 2210 1844 2239 ὃ(
1863 2207 1919 2238 aliis
1934 2206 2076 2239 Fidelibus
2090 2209 2159 2245 suls,
2177 2209 2311 2242 salutem.

1377 2249 1475 2278 Sciatis
1489 2247 1568 2285 quod
1585 2246 1673 2284 Nos,
2422 2225 2473 2249 An*
2490 2231 2517 2258 7'

1378 2286 1467 2316 Gratti
1490 2285 1629 2316 memoria
1651 2283 1824 2316 recensentes
1848 2283 2022 2316 Fidelitatem
2038 2307 2049 2324 ‚
2071 2286 2105 2317 &
2126 2284 2324 2320 Constantiam
2338 2311 2348 2327 ,
2369 2298 2402 2319 ac
2421 2264 2509 2326 Zia?-

1340 2324 1539 2355 Dileetionem
1558 2325 1711 2362 iinceram,
1729 2334 1813 2362 qua8‚
1830 2324 1924 2354 dilecti
1939 2325 1972 2355 &
1995 2323 2089 2355 fideles
2110 2325 2217 2365 nostri,
2234 2326 2402 2368 Burgenfis,
2422 2346 2457 2365 m.
2470 2345 2518 2373 50,

1340 2367 1504 2402 Manemes,
1522 2364 1554 2394 &
1572 2363 1741 2392 Habitantes
1756 2364 1784 2392 V
1785 2362 1842 2392 illae
1854 2363 1886 2392 de
1901 2365 2001 2401 Dirppe
2011 2386 2019 2401 ,

1378 2402 1534 2440 Postquam
1544 2425 1553 2440 ,
1570 2402 1682 2433 Divino
1698 2400 1784 2431 Nutu
1793 2424 1804 2440 ,
1820 2401 2022 2432 nobilillitnatn
2035 2400 2188 2433 Civitatem
2203 2402 2330 2433 nostram
2341 2401 2406 2434 Ro-

1340 2441 1468 2480 thomagi
1494 2440 1605 2479 ingrcssi
1625 2441 1745 2477 fuimus,
1764 2440 1796 2470 &
1819 2439 1866 2477 ipsi
1889 2439 1943 2470 Bur
1963 2440 2054 2477 enseS,
2073 2439 2240 2479 Manentes‚
2255 2441 2289 2472 &
2311 2440 2406 2472 Habi-

1340 2489 1428 2510 tantes
1441 2479 1474 2510 ad
1491 2478 1622 2510 Gratiam
1639 2481 1672 2510 &
1686 2478 1889 2510 Obedientiam
1901 2483 1951 2508 noi
1968 2488 2008 2509 ras
2022 2478 2048 2509 se
2065 2478 2200 2510 Subditos
2221 2479 2402 2511 reddiderunt

1342 2519 1375 2550 ὃ(
1389 2519 1543 2555 iub'ectos,

1378 2528 1457 2586 Tarii
1474 2558 1502 2586 in
1519 2556 1580 2586 sana
1595 2554 1814 2586 Gubernatione
1835 2555 1869 2585 δε
1889 2555 1981 2585 secura
2000 2553 2140 2585 Custodia
2160 2554 2240 2585 Villae
2260 2557 2406 2594 praedictae

1341 2597 1374 2626 &
1392 2596 1535 2632 praecipue
1548 2604 1617 2625 curn
1633 2594 1732 2624 eadem
1749 2592 1823 2623 Villa
1837 2595 1983 2630 nuperime
1997 2603 2046 2629 per
2066 2592 2203 2624 Inimicos
2221 2595 2254 2625 &
2270 2595 2405 2626 Rebelles

1342 2634 1454 2663 nostros
1467 2632 1654 2663 fraudulenter
1668 2633 1701 2662 &
1716 2632 1872 2669 proditorie
1885 2641 1933 2668 per
1948 2631 1981 2661 N
1984 2632 2081 2662 ocrem
2098 2630 2189 2670 Capta
2203 2633 2270 2664 effer
2285 2634 2319 2664 δε
2328 2634 2405 2665 Tra-

1341 2672 1415 2708 dita,
1434 2671 1496 2709 ipsis
1510 2671 1634 2701 lnimicis
1647 2671 1680 2701 &
1697 2670 1859 2700 Rebellibus
1874 2670 1989 2700 viriliter
2009 2670 2177 2708 resistendo,
2192 2671 2278 2709 quam
2299 2673 2327 2702 in
2348 2673 2406 2704 aliis

1343 2710 1456 2740 diversis
1470 2711 1502 2740 δε
1521 2709 1695 2739 multimodis
1710 2708 1878 2746 obsequiis,
1897 2708 2049 2746 Custibus,
2067 2710 2102 2740 &
2118 2708 2254 2746 Expenlis
2273 2711 2406 2742 intolera-

1345 2749 1446 2778 bilibus
1464 2750 1498 2779 &
1521 2747 1688 2785 sumptuolis
1702 2769 1712 2785 ,
1731 2746 1830 2777 Nobis
1852 2746 2010 2777 honorifice
2027 2748 2060 2777 &
2082 2747 2256 2779 laudabiliter
2274 2748 2407 2780 ostende-

1344 2797 1426 2824 runt,
1442 2788 1475 2818 &
1492 2786 1577 2816 indies
1591 2785 1756 2816 incessanter
1772 2787 1868 2823 (prout
1882 2785 1993 2816 oculata
2012 2784 2067 2816 fide
2088 2786 2289 2824 conspicimus)
2312 2787 2409 2819 osten·

1344 2826 1412 2856 dere
1428 2835 1486 2854 non
1500 2825 1650 2862 desistunt,

1384 2863 1572 2899 Volentesque
1587 2862 1708 2901 proinde
1721 2861 1815 2894 fideles
1829 2863 1862 2894 &
1878 2863 1954 2893 bene
1970 2862 2085 2892 meritos
2097 2861 2273 2901 hujusmodi,

1380 2902 1442 2940 Qui
1460 2902 1522 2932 fidei
1538 2901 1693 2932 constantis
1708 2901 1820 2933 fervore
1841 2902 1938 2939 Regiis
1962 2901 2144 2938 Beneplacitis
2164 2901 2354 2941 adhaeserunt,
2368 2904 2404 2935 &

1343 2941 1507 3009 quagaplura
1523 2942 1555 2971 ὃ(
1571 2941 1701 2971 notabilia
1714 2941 1748 2972 δε
1763 2940 1905 2971 fructuosa
1920 2938 2120 2977 Obsequia‚ut
2132 2941 2329 2981 praernittitur,
2349 2942 2406 2973 im-

1382 2990 1399 3008 n
1422 2989 1502 3009 erunt

1344 2990 1490 3049 pePavore
1506 3002 1601 3056 Regio
1616 3017 1815 3053 communire,
1833 3017 1867 3047 &
1883 3023 1989 3053 quanto
2005 3014 2112 3046 Fideles
2126 3016 2286 3055 hujusmodi
2303 3017 2336 3048 ad
2344 3025 2404 3048 tam

1344 3057 1421 3088 utilia
1435 3057 1577 3095 Obsequia
1589 3056 1769 3086 inveniuntur
1783 3056 1946 3093 proniores,
1964 3062 2042 3084 tanto
2057 3053 2142 3086 debet
2161 3065 2209 3086 eos
2223 3055 2314 3096 Regia
2323 3056 2405 3087 Beni-

1344 3096 1467 3126 volentia
1482 3095 1628 3131 gratiosius
1642 3092 1792 3131 ampletffi,
1811 3093 1843 3124 &
1859 3094 1929 3122 inter
1944 3092 1993 3122 sibi
2007 3093 2158 3132 peculiares
2179 3096 2282 3125 merito
2303 3104 2405 3126 nume·-

1345 3144 1421 3171 rare,
1439 3144 1468 3164 ut
1484 3133 1521 3163 sic
1535 3133 1568 3163 ad
1581 3141 1654 3171 grata
1668 3132 1810 3168 Obsequia
1827 3131 1853 3161 se
1869 3132 1983 3162 reddant
1998 3131 2185 3170 imposterum
2198 3135 2405 3173 promptiores,

1344 3174 1378 3203 &
1395 3172 1590 3239 lgraecedentes
1605 3171 1842 3208 Subsequentibus
1859 3170 1979 3200 Causam
1994 3172 2106 3209 majoris
2127 3169 2238 3203 Gratiae
2255 3172 2405 3204 exhibeant

1346 3211 1379 3241 &
1423 3211 1512 3240 avoris

1381 3247 1462 3278 Hinc
1477 3233 1632 3285 est’quod,
1650 3246 1685 3276 de
1702 3246 1795 3276 nostra
1807 3246 1915 3284 speciali
1929 3246 2026 3277 Gratia
2036 3270 2046 3285 ,

1380 3286 1427 3316 Ad
1443 3286 1673 3316 Meliorationem
1690 3284 1772 3315 Villae
1787 3285 1988 3324 praedietae,ac
2002 3285 2200 3325 Burgenfium,
2211 3285 2402 3324 Manentium,

1345 3325 1378 3355 &
1394 3324 1610 3354 inhabitantium
1631 3325 1659 3353 in
1675 3324 1790 3362 eadem,
1807 3334 1920 3354 necnon
1933 3324 2184 3363 Supportationem
2205 3324 2337 3355 Onerum
2361 3325 2402 3355 ei-

1344 3364 1410 3393 dem
1427 3363 1508 3393 Villae
1524 3362 1677 3393 necessario
1692 3363 1950 3399 imcumbentium,

1382 3401 1426 3432 Ex
1441 3411 1516 3432 certa
1531 3402 1641 3432 scientia
1655 3402 1688 3432 &
1705 3411 1787 3432 mero
1801 3411 1883 3432 motu
1895 3401 2015 3440 nostris,
2033 3410 2148 3434 necnon
2168 3400 2204 3431 de
2220 3398 2404 3432 Avisamento

1346 3440 1378 3470 &
1394 3439 1506 3470 Aisensu
1523 3439 1650 3470 Concilii
1663 3439 1770 3477 nostri,
2131 3457 2134 3460 «

1383 3477 1599 3516 Conceffimus,
1635 3488 1667 3507 ro
1679 3477 1778 3509 Nobis
1792 3478 1826 3509 &
1840 3477 2010 3509 Haeredibus
2023 3476 2141 3514 nostris,
2159 3476 2194 3506 &
2209 3475 2262 3506 hac
2275 3475 2403 3513 praesenti

1345 3516 1428 3547 Carta
1452 3516 1544 3547 nostra
1565 3518 1584 3536 *²
1655 3516 1849 3547 nfirmavimus
1863 3540 1872 3553 ,
1891 3517 2010 3554 praefatis
2033 3514 2216 3553 Burgenfibus
2230 3537 2240 3553 ,
2260 3513 2405 3546 Manenti-

1345 3556 1417 3593 bus,
1435 3556 1468 3587 ὃς
1494 3554 1693 3585 Habitantibus
1716 3556 1794 3592 quod
1817 3554 1865 3592 ipsi
1881 3577 1890 3591 ,
1909 3555 1943 3585 &
1966 3552 2146 3584 Succeffores
2168 3551 2224 3589 sui,
2240 3551 2405 3593 Burgenies,

1347 3593 1517 3630 Minentes,
1533 3594 1566 3624 ὃ(
1584 3593 1748 3624 Habitantes
1758 3593 1840 3624 Villae
1856 3592 2016 3630 praedietae,
2033 3590 2071 3621 de
2084 3589 2260 3634 omnimodis
2274 3591 2403 3623 Gabellis

1345 3632 1414 3662 Salis
1431 3642 1463 3661 ac
1490 3631 1720 3668 impositionibus
1743 3631 1918 3668 Forinsecis,
1940 3639 2057 3659 necnon
2081 3628 2241 3667 Quartagiis
2262 3640 2402 3668 quorum-

1345 3679 1472 3706 cumque
1496 3669 1650 3708 Portuum,
1669 3671 1717 3708 qui
1740 3679 1872 3705 exnunc,
1889 3669 1919 3698 in
1944 3667 2042 3698 eadem
2062 3665 2149 3704 Villa,
2164 3676 2215 3704 per
2239 3669 2310 3705 ipsos
2332 3668 2403 3699 Bur-

1347 3708 1461 3745 genses,
1482 3707 1649 3744 Manentes,
1667 3710 1700 3738 ὃ(
1722 3708 1905 3745 Habitantes,
1924 3707 1958 3737 &
1975 3714 2075 3735 eorum
2100 3705 2280 3737 Succeffores
2293 3730 2303 3745 ,
2323 3706 2405 3738 Ven-

1344 3747 1446 3775 dentur
1467 3745 1511 3775 seu
1537 3745 1705 3777 Venditioni
1724 3753 1897 3784 exponentur
1912 3767 1922 3782 ,
1946 3743 1994 3773 ΙΜ
2005 3751 2023 3772 1³
2036 3752 2054 3773 E
2065 3752 2087 3774 R
2096 3751 2114 3773 P
2125 3752 2143 3773 ε
2153 3753 2177 3774 τ
2185 3753 2209 3774 u
2219 3752 2242 3774 υ
2252 3753 2279 3775 Μ
2300 3755 2313 3776 s
2326 3754 2338 3776 1
2347 3753 2370 3776 N
2379 3753 2404 3775 τ

1347 3785 1413 3821 Qu
1426 3791 1517 3813 ῐετι
1549 3793 1599 3815 ΕΤ
1629 3785 1919 3820 EonERAT13
1946 3781 2146 3820 qualicumque
2165 3781 2258 3814 Cursu
2277 3808 2288 3822 ,
2316 3793 2405 3822 quem

1343 3822 1421 3852 dista
1436 3822 1544 3851 Auxilia
1559 3823 1622 3852 alibi
1638 3823 1706 3852 infra
1723 3821 1863 3853 Dor-ninia
1876 3818 1971 3850 nostra
1983 3820 2148 3859 habuerint,
2166 3831 2226 3851 non
2238 3821 2386 3853 obstante:

1387 3860 1448 3897 Qu
1458 3869 1469 3889 1
1480 3869 1498 3891 E
1507 3868 1528 3889 T
1537 3870 1557 3891 A
1566 3869 1593 3891 Μ
1602 3870 1624 3891 υ
1636 3871 1648 3891 s
1668 3863 1768 3898 etiarn,
1786 3860 1820 3890 &
1833 3882 1843 3896 ,
1861 3858 1978 3888 Tenere
2000 3858 2199 3898 Praesemium,
2217 3869 2270 3897 pro
2290 3860 2408 3899 Nobis,

1347 3898 1381 3928 &
1408 3897 1576 3929 l-laeredibus
1605 3898 1706 3929 nostris
1721 3922 1731 3938 ,
1761 3907 1813 3936 pro
1836 3905 1973 3935 perpetuo
1997 3896 2049 3927 Ex
2059 3907 2079 3927 o
2090 3905 2113 3928 N
2127 3906 2144 3928 E
2155 3907 2208 3929 RA
2218 3906 2299 3929 mus
2334 3898 2409 3937 ipsos

1348 3935 1503 3973 Burgenles
1519 3960 1528 3974 ,
1548 3936 1698 3967 Manentes
1712 3959 1722 3974 ,
1737 3937 1770 3967 &
1793 3934 1961 3965 Habitantes
1977 3957 1987 3973 ,
2004 3936 2037 3966 &
2057 3935 2238 3967 Succeffores
2253 3937 2317 3967 suos
2335 3945 2410 3975 prae-

1347 3974 1443 4005 diuos
1456 3997 1468 4014 ,
1487 3974 1523 4005 de
1552 3975 1778 4014 quibuscumque
1803 3971 1950 4005 Custumis
1972 3975 2006 4006 &
2032 3973 2167 4006 Subfidiis
2185 3975 2306 4014 antiquis
2319 3983 2411 4044 ,Tper

2078 4022 2081 4025 “
2310 4037 2312 4039 ,
2373 4021 2417 4043 et-

2443 3528 2463 3549 *
2482 3529 2536 3559 IX.

2424 3568 2489 3606 833.
