2562 4274
51 544 72 565 *
89 545 145 576 ῙΧ.

51 587 116 622 635.

88 3799 109 3822 θ
128 3801 181 3830 IX.

88 3841 154 3877 636.

803 162 907 210 ET
990 162 1261 208 ACTA

46 261 123 297 ΑΜ
135 253 178 291 D.
191 254 251 292 sent
270 252 360 307 (quod
379 253 460 294 abfit)
479 248 691 294 praejudienre3
715 247 760 284 illa
778 277 789 291 ‚
814 246 856 299 ne
870 259 921 292 per
939 252 1010 285 Nos
1021 276 1034 299 ἡ,
1057 249 1106 286 vei
1123 247 1247 297 aliquem

68 299 153 340 ¹418-
192 299 323 330 nostrum
334 319 344 336 ,
361 294 509 333 Proposita
524 295 571 324 seu
588 291 648 338 Pro
689 292 781 324 nenda
791 315 802 330 ‚
815 291 904 324 Dran
920 292 967 324 vel
985 292 1134 329 Dicenda,
1150 291 1248 329 Scrip-

46 344 110 370 Hm.
128 348 156 375 5.
191 346 219 369 ta
238 337 283 367 seu
306 334 450 366 scribenda
465 358 475 371 ,
501 331 627 370 expresse

675 340 849 370 evocamuS,
874 331 908 362 δὲ
925 341 978 369 pro
995 341 1054 362 non
1073 330 1226 368 Propofitis
1237 348 1248 368 ,

193 376 290 407 Dictis
307 396 317 412 ,
344 373 389 404 seu
417 372 532 409 Scriptis
557 369 653 400 haberi
669 369 805 401 volumus
822 370 1032 410 imperpetuum
1051 382 1062 409 3
1086 369 1130 401 his
1145 391 1156 407 ,
1183 378 1248 406 quae

192 416 266 446 inter
290 412 360 457 Nos
385 412 420 443 δε
446 410 509 443 Vos
531 409 623 440 solum
649 409 684 440 δε
709 407 825 440 finaliter
844 409 1053 441 concludentur
1067 432 1079 447 ,
1103 408 1250 439 dumtaxat

193 457 326 490 excepte

233 529 253 548 *¹
271 528 339 567 Qia
356 526 562 559 protestatione
579 523 617 555 fic
638 523 730 563 faeta,
755 524 898 562 eleganter
915 525 1033 565 rogabat
1049 531 1099 555 eos
1119 522 1253 563 (gauden-

195 567 236 599 do
254 567 335 606 quod
350 591 360 605 ,
377 565 486 597 omiffis
503 564 579 601 aliis,
608 563 715 602 ingredi
733 563 922 595 desiderarunt
940 564 1090 595 Materiam
1109 562 1255 605 Principa-

196 606 266 643 lem)
285 614 421 644 quatenus
433 603 467 634 ad
481 601 641 640 hujusmodi
654 601 758 632 Pacem
767 625 777 640 ‚
796 613 813 633 a
826 603 937 633 cunctis
951 601 1114 633 Christianis
1128 600 1256 631 fidelibus

197 645 246 676 diu
260 644 459 680 desideratam,
476 642 614 679 aperirent
629 640 697 671 Vias
709 641 743 671 &
758 640 873 680 Media,
890 651 940 679 per
956 650 1021 678 quae
1042 639 1156 678 poffent
1174 638 1256 670 velo*

196 685 258 715 cius
273 682 423 723 (exquisitis
436 679 622 719 Subterfugiis
636 679 736 717 procul
749 679 842 718 pulsis)
856 681 1002 719 pervenire
1015 678 1050 709 ad
1065 678 1194 710 eandem.

235 761 351 800 Quibus
371 758 455 789 dietis
470 780 480 796 ,
499 757 582 787 traxit
602 756 669 787 Pars
688 755 822 795 Dalphini
838 756 873 788 ad
897 757 1011 788 Partem
1025 779 1035 795 ,
1053 756 1088 786 &
1108 755 1258 786 redeuntes

196 796 428 831 Protestabantur
441 798 470 827 in
483 795 592 827 effectu
600 818 610 834 ,
625 805 678 833 pro
690 805 767 832 parte
780 805 898 833 eorum,
919 795 1011 825 modo
1027 804 1086 833 quo
1100 794 1257 833 supra,pe-

195 845 286 869 tentes
300 838 332 867 in
348 836 405 867 fine
419 835 499 874 quod
515 834 735 866 Ambaffiatores
750 836 827 872 Regis
840 834 988 872 aperirent.

236 913 353 952 Quibus
367 912 418 952 ipfi
435 911 590 943 confestim
606 909 793 950 replicarunt,
813 909 895 947 quod
903 909 967 940 Pars
980 908 1108 946 adversa,
1125 908 1161 940 de
1175 907 1258 940 omni

197 953 324 989 ratione,
341 952 437 990 primo
461 952 495 982 &
515 958 581 982 ante
602 950 718 987 omnia,
735 947 895 986 hujusmodi
917 948 1018 978 Media
1037 949 1072 979 ad
1089 948 1195 979 Pacem
1214 948 1258 976 in-

197 989 333 1028 ductiva,
350 991 509 1028 aperirent,
527 997 642 1025 propter
656 987 777 1025 sequelas
799 987 833 1018 &
855 985 1120 1026 Inconvenientias‚
1138 996 1203 1025 quae
1223 993 1258 1016 ex

197 1028 354 1068 lnjustitiQ
371 1031 436 1067 Regi
451 1037 500 1066 per
515 1026 630 1057 Partem
646 1035 746 1056 eorum
761 1024 904 1064 impensa,
921 1024 1113 1064 sequebantur.

239 1106 356 1145 Qubus
369 1104 468 1136 auditis
502 1103 562 1134 aliis
575 1102 683 1134 omissis
698 1102 955 1141 Altercationibus,
975 1102 1177 1134 condescendit
1192 1102 1260 1132 Pars

201 1144 336 1182 Dalphim'
359 1142 448 1180 (nova
473 1126 679 1173 Protestatione
699 1141 863 1179 praehabita)
887 1151 940 1181 pro
953 1141 1037 1172 Bono
1050 1142 1129 1173 Pacis
1145 1143 1178 1172 ὅ(
1194 1140 1260 1171 Ne-

221 1184 289 1221 otii,
307 1183 343 1212 de
362 1191 422 1219 quo
439 1182 529 1219 agitur
540 1204 550 1219 ,
567 1190 598 1212 ut
616 1181 746 1218 asseruit,
766 1179 949 1218 inducendo,
973 1181 1080 1219 aperire
1097 1182 1130 1212 δε
1154 1180 1262 1210 offerre

200 1190 282 1260 {egi
301 1220 442 1251 Dominia
459 1221 493 1251 δε
509 1218 607 1250 Castra
620 1242 630 1259 ,
654 1220 813 1258 conscripta
831 1217 937 1249 ibidem
955 1220 984 1249 in
1002 1219 1122 1250 Scedula
1134 1241 1144 1257 ‚
1162 1227 1194 1248 ut
1212 1218 1262 1248 hic

197 1267 321 1298 apparet.

240 1337 289 1365 La
311 1337 371 1365 cite
392 1333 431 1370 (ξ’
455 1334 566 1376 Chastel
582 1334 615 1365 de
633 1337 767 1374 Xaintes,
785 1334 824 1370 ό·
846 1341 906 1364 tout
929 1332 960 1363 la
979 1335 1060 1363 Terre
1083 1330 1122 1368 ό·
1137 1334 1213 1362 Paris
1229 1331 1265 1361 de

202 1375 360 1411 Xaintonge
366 1382 416 1412 per
433 1374 495 1405 dela
511 1375 540 1405 la
555 1373 681 1404 charam:
691 1385 700 1403 .-

240 1415 290 1442 La
314 1416 374 1443 Cite
397 1411 435 1448 ό,
462 1412 570 1453 Chastel
592 1412 705 1450 d'Agen
721 1435 732 1450 ‚
758 1409 797 1446 ῤ’
814 1410 845 1441 la
863 1413 945 1441 Terre
963 1409 1000 1446 ᾤ’
1020 1409 1046 1440 le
1063 1412 1139 1440 Pait's
1156 1408 1263 1447 d'Age-

202 1461 287 1482 κοτε,-

240 1492 289 1520 La
306 1493 368 1519 Cite
382 1512 392 1528 ,
418 1489 443 1519 le
463 1488 572 1529 chastel
585 1511 594 1526 ‚
623 1487 662 1523 όν
680 1494 740 1518 tout
758 1487 787 1518 la
805 1491 905 1519 Contre
924 1488 956 1518 de
983 1490 1124 1525 Perregort
1140 1510 1150 1525 ,
1177 1484 1216 1521 ὠ·
1234 1487 1264 1517 la

201 1529 285 1560 Terre
304 1527 342 1562 ό·
361 1527 385 1557 le
405 1530 481 1558 Paiis
499 1532 531 1557 de
549 1530 718 1564 Perregeux:

239 1569 288 1596 La
313 1568 372 1595 Cite
394 1565 432 1601 ὁ·
455 1565 564 1606 chastel
586 1566 619 1596 de
640 1568 781 1604 Limoges,
807 1563 846 1600 ὧν
871 1564 901 1594 la
924 1567 1006 1595 Terre
1031 1563 1069 1600 ό,
1088 1563 1112 1593 le
1130 1565 1205 1594 Paiis
1231 1564 1264 1593 de

201 1606 232 1634 L
247 1615 288 1634 mo
298 1613 346 1634 m:

225 1603 364 1673 yLasCite
381 1641 421 1677 ὠ
437 1642 463 1672 Ie
482 1641 592 1683 chastel
607 1641 639 1672 de
657 1645 777 1680 Caours,
802 1639 841 1676 ό
867 1640 896 1671 la
921 1645 1003 1672 Terre
1030 1640 1068 1676 (ῤ’
1094 1639 1119 1670 le
1138 1643 1213 1671 Paiis
1232 1640 1265 1670 de

200 1684 290 1711 Caour
300 1692 328 1711 m
338 1692 348 1710 .-

237 1681 383 1756 LasCite,
400 1718 424 1748 le
444 1718 556 1761 Chastel
564 1742 573 1757 ,
590 1717 629 1754 ό·
648 1717 678 1748 la
696 1721 777 1749 Terre
794 1718 826 1748 de
846 1719 933 1748 Tarbe
945 1729 955 1747 .-

238 1761 288 1790 La
304 1761 404 1795 Terre,
422 1756 446 1787 le
467 1761 561 1795 Paiis,
579 1757 617 1792 &⁹
637 1757 661 1786 le
679 1760 764 1786 Conte
772 1757 805 1786 de
814 1760 926 1794 Bigorre
937 1767 946 1785 .·

240 1800 284 1828 Le
303 1800 407 1834 Conte,
424 1794 454 1826 la
472 1800 554 1827 Terre
565 1819 573 1832 ,
591 1794 629 1830 ὠ
649 1794 673 1824 Ie
691 1798 766 1825 Paiis
785 1795 817 1824 de
836 1799 929 1825 Gaure
942 1805 951 1823 .·

239 1838 289 1867 La
307 1838 380 1864 Citee
397 1832 435 1867 ώ-
451 1833 475 1864 le
490 1834 600 1875 Chastel
612 1833 802 1874 d'Angelefine
813 1856 823 1872 ,
839 1833 869 1863 la
885 1837 984 1863 Contre
994 1855 1004 1872 ,
1021 1832 1052 1862 la
1067 1836 1167 1872 Teste,
1183 1832 1222 1869 ὀ,
1240 1831 1266 1863 Ie

203 1877 280 1906 Paiis
295 1871 515 1910 d'Angolemois:

239 1914 289 1942 La
303 1914 383 1948 Cite,
400 1913 494 1950 Paris,
512 1910 550 1945 &⁶
568 1910 592 1941 Ie
609 1909 719 1951 chastel
733 1911 765 1940 de
781 1911 884 1941 Rooks:

241 1953 291 1981 La
311 1953 412 1980 Contre
436 1949 474 1986 &
500 1952 575 1980 Paiis
599 1950 631 1979 de
657 1952 815 1987 Rovergue,
841 1952 925 1979 Avec
943 1957 986 1979 nes
1008 1946 1045 1977 Ie,-
1062 1950 1151 1986 cites,
1178 1947 1264 1977 Char-

203 1993 289 2020 teaux
308 2013 318 2026 ,
345 1990 441 2027 Paiis,
465 1986 504 2024 &
529 1991 623 2018 Terres
649 1998 699 2028 que
724 1987 758 2020 ils
776 1991 899 2019 tiennent
937 1998 951 2017 e
969 1987 1072 2018 Ptffleu
1090 1997 1124 2018 en
1143 1989 1217 2017 Paiis
1235 1987 1269 2017 de

202 2030 335 2058 Guienne.

241 2069 291 2097 La
310 2069 395 2096 Conte
412 2065 445 2096 de
464 2067 558 2095 Poiteu
568 2075 578 2095 .·

238 2107 284 2136 Le
303 2103 413 2145 chastel
424 2103 463 2139 ὀ»
483 2107 510 2136 V
510 2103 557 2133 ille
576 2104 608 2134 de
622 2103 734 2135 Calais.-

237 2145 284 2173 Le
300 2142 410 2212 Chalssel
417 2165 427 2181 ,
445 2141 475 2171 Ia
491 2145 520 2173 V
521 2141 567 2172 zlle
581 2141 619 2177 &
635 2144 778 2180 Seigniorie
791 2141 824 2172 a'e
841 2145 977 2183 Merqae;

203 2218 219 2251 ι
240 2184 296 2212 Les
316 2185 352 2212 Vi
364 2181 417 2220 les,
433 2181 604 2222 Chasteanx,
621 2180 660 2217 ῥ’
679 2184 834 2220 Seigniories
853 2181 887 2211 de
907 2185 1046 2220 Sangae,
1065 2181 1185 2219 Hames,
1203 2181 1271 2211 Wa-

216 2217 408 2299 aig-hiza}
414 2281 424 2296 ,
442 2257 534 2296 Villo,
552 2256 590 2294 ὠ·
604 2257 629 2289 le
644 2261 728 2290 Conte
741 2257 774 2287 de
784 2259 908 2298 Guynes,
925 2269 994 2290 avec
1008 2270 1035 2288 ce
1050 2256 1128 2298 qu'ils
1143 2261 1268 2289 tiennent

206 2297 240 2328 de
257 2299 361 2327 Pieffieu
375 2308 408 2326 en
421 2297 463 2327 dit
475 2299 568 2336 Paiis,

242 2334 513 2375 C'fflaſjhvoir‚*‘cc
541 2336 682 2375 QJ’EST
709 2343 763 2366 EN
791 2335 890 2367 Frap
917 2345 971 2367 EN
997 2335 1122 2375 Fure,
1140 2342 1194 2367 ετ
1220 2344 1269 2366 ce

205 2375 356 2413 QJ’EST
382 2382 434 2405 EN
462 2372 647 2405 DEMAIN
673 2381 729 2405 EN
755 2373 946 2406 DEMAIN.

205 2449 317 2522 νεξέιῐῗ
335 2449 413 2482 faito
432 2449 530 2483 Part&
551 2451 750 2490 discesserunt,
765 2451 831 2491 90st
846 2451 1003 2484 Prandium
1019 2450 1093 2483 hora
1107 2449 1210 2484 Tertia
1229 2438 1273 2482 re-

245 2564 313 2597 Ubi
333 2565 504 2598 Recitabant
523 2565 745 2598 Ambaffiatores
763 2569 842 2605 Regis
859 2568 940 2606 quod
963 2567 1067 2599 Oblata
1089 2576 1141 2606 per
1159 2567 1273 2598 Partem

207 2604 352 2636 adversam
371 2605 442 2635 Duo
457 2607 487 2636 in
504 2605 530 2635 se
545 2605 582 2635 de
599 2606 689 2637 Facto
705 2605 921 2644 Continebant,

247 2642 272 2674 P
283 2652 306 2674 R
318 2652 330 2674 1
342 2651 369 2674 M
379 2652 402 2674 u
414 2652 443 2674 Μ
461 2643 637 2675 Continebat
652 2644 794 2675 Dominia
809 2647 842 2677 δε
862 2644 961 2675 Castra
979 2654 1044 2683 quae
1061 2653 1122 2674 non
1139 2644 1202 2675 sunt
1227 2642 1277 2674 ad-

209 2681 268 2713 huc
285 2683 314 2712 in
327 2692 416 2713 manu
434 2682 541 2721 Regis,

249 2719 269 2750 S
281 2728 300 2751 Ε
311 2730 329 2750 c
338 2729 361 2750 u
374 2729 397 2750 N
409 2730 430 2751 D
439 2730 462 2751 u
475 2729 503 2751 Μ
523 2720 699 2752 Continebat
714 2729 790 2752 certa
808 2721 951 2752 Dominia
973 2722 1007 2753 sc
1025 2720 1124 2752 Castra
1141 2731 1191 2760 per
1207 2720 1274 2751 Do—

214 2759 329 2789 minum
345 2758 462 2796 Regem
476 2761 535 2798 jam
548 2758 674 2790 Poffeffa
684 2782 694 2797 ‚
710 2762 771 2792 &c.

251 2795 308 2834 Et,
327 2805 465 2835 quantum
477 2798 511 2828 ad
528 2797 552 2827 P
564 2807 588 2828 R
599 2807 611 2828 1
625 2807 652 2828 M
663 2807 686 2828 υ
698 2807 725 2828 Μ
736 2821 746 2837 ,
770 2798 959 2836 Replicabant
977 2798 1058 2836 quod
1078 2798 1122 2828 illa
1138 2806 1198 2829 erat
1212 2808 1278 2828 om-

215 2835 342 2866 nimodo
358 2835 544 2874 insufficiens,
567 2846 626 2867 non
643 2837 833 2876 acceptanda,
850 2838 916 2874 quia
932 2838 1022 2874 longe
1050 2838 1142 2875 major
1160 2836 1266 2867 OBLA

214 2881 239 2904 'r
251 2883 262 2904 1
275 2884 296 2904 o
315 2874 389 2905 fasta
412 2874 502 2906 fuerat
525 2885 577 2912 per
598 2875 683 2905 Viros
707 2877 801 2913 magni
824 2874 910 2905 statiis
925 2877 958 2907 δε
976 2876 1127 2913 notabilis,
1144 2875 1278 2905 habentes

212 2911 444 2944 sufficientiorem
459 2914 496 2943 ab
513 2913 639 2951 ipsorum
653 2912 788 2944 Domino
809 2913 940 2951 supremo
960 2914 1097 2953 praetenso
1116 2913 1278 2953 Potestatem

213 2951 302 2988 quarn
315 2951 469 2983 credebant
485 2952 558 2989 ipsos
571 2951 676 2983 habere
690 2951 726 2981 de
739 2951 876 2989 praesenti.

255 2988 314 3018 An
335 2990 552 3021 ScchDu
565 2998 591 3020 Μ
618 2988 765 3020 dicebatur
781 3014 791 3027 ,
817 2989 897 3027 quod
919 2989 963 3019 illa
987 2989 1160 3020 OBLATI
1173 3001 1193 3021 o
1219 2999 1279 3021 erat

217 3026 306 3056 inanis
329 3028 362 3057 &
379 3037 468 3059 vacua
493 3028 613 3069 (stilicet)
634 3029 700 3059 dare
722 3028 798 3067 Regi
821 3028 900 3066 quod
920 3028 1001 3059 suum
1026 3028 1090 3067 est,
1112 3029 1179 3067 quia
1199 3029 1279 3068 quod

217 3063 300 3096 suum
315 3064 356 3094 est
370 3067 486 3103 amplius
499 3069 556 3106 ejus
570 3067 607 3098 de
619 3067 689 3106 Jure
702 3066 760 3097 fieri
775 3077 835 3097 non
849 3066 950 3104 potest.

255 3102 356 3141 Qare
376 3105 519 3141 petebatur
542 3107 623 3143 quod
646 3107 806 3143 dignaretur
825 3105 891 3135 Pars
907 3104 1019 3136 adversa
1037 3105 1074 3135 ab
1089 3105 1172 3143 hujus
1186 3107 1280 3137 vacuis

217 3140 422 3172 Oblationibus
443 3142 469 3172 se
491 3143 628 3175 abstinere
643 3168 652 3181 ,
670 3146 704 3176 ὃς
722 3144 816 3175 solum
836 3146 901 3183 Regi
918 3143 1023 3175 offerre
1047 3143 1109 3175 talia
1133 3154 1197 3183 quae
1219 3154 1280 3174 non

217 3179 340 3218 possidet
355 3188 402 3210 aut
414 3179 500 3212 habet
511 3182 540 3212 in
554 3182 600 3212 sua
613 3182 717 3214 Manu.

258 3256 374 3295 Quibus
388 3256 650 3296 Impugnationibus
662 3268 711 3296 per
725 3258 946 3291 Ambasfiatores
964 3255 1101 3298 Dalphini
1123 3259 1223 3291 auditis
1245 3261 1279 3292 δε

218 3295 367 3326 intellectis
390 3296 549 3327 nitebantur
570 3296 621 3333 ipfi
641 3306 741 3327 eorum
766 3297 946 3328 OBLATA
977 3298 1179 3337 magnificare3
1209 3300 1281 3329 inter

221 3341 326 3378 caetera
340 3334 489 3403 afferentes
504 3334 586 3373 quod
600 3336 687 3374 magis
702 3336 886 3378 continebant
900 3346 986 3375 quam
1002 3336 1142 3374 Regnum
1158 3338 1285 3378 Arrago-

223 3379 347 3442 ωἷέυὲ
358 3420 377 3442 Ε
388 3382 509 3442 ἒῖΙἨΝΥῗ
519 3420 543 3441 U
554 3419 581 3441 M
599 3410 821 3450 Respondebam
836 3413 917 3450 quod
931 3413 1090 3445 offerebant
1103 3412 1227 3444 Poffeffi
1234 3424 1283 3453 per

223 3449 340 3489 Regem
354 3449 388 3480 ad
403 3450 568 3481 evirandum
581 3460 702 3481 omnem
718 3450 882 3489 scrupulum
895 3452 929 3482 &
950 3451 1108 3483 remorsum
1127 3451 1284 3485 Conscien-

224 3489 273 3520 tiae
284 3488 356 3526 suae,
373 3498 461 3527 quem
478 3489 580 3520 habere
594 3489 679 3520 debet
693 3490 722 3519 in
737 3499 768 3519 ea
781 3497 867 3527 parte.

263 3565 379 3604 Qibus
389 3565 559 3604 replicarunt
575 3564 794 3596 Ambaffiatores
808 3568 903 3605 Regis,
912 3566 1037 3598 dicentes
1053 3566 1151 3607 quod,
1161 3568 1180 3598 fi
1194 3569 1286 3607 prima

226 3600 295 3633 Pars
312 3603 342 3633 O
350 3613 370 3634 Β
378 3613 399 3635 L
411 3615 430 3636 A
440 3613 463 3634 τ
473 3615 485 3635 1
495 3615 516 3636 ο
526 3613 548 3635 N
559 3614 569 3634 1
580 3615 592 3636 s
611 3614 713 3635 eorum
729 3605 817 3643 magis
838 3613 885 3636 aut
905 3607 998 3636 minus
1018 3608 1184 3638 continebat
1199 3617 1285 3645 quarn

225 3639 364 3685 Regnum
379 3643 549 3683 Arragoniae
562 3652 609 3674 aut
630 3643 787 3680 Nzwarrae,
803 3643 861 3673 hoc
883 3643 1062 3675 nesciverunt
1079 3645 1148 3684 ipsi,
1163 3645 1209 3675 sed
1229 3645 1286 3676 hoc

226 3678 384 3719 serverum,
402 3682 501 3721 quod,
518 3682 649 3714 faciendo
670 3681 926 3719 Comparationem
944 3682 979 3713 ad
999 3683 1136 3722 Regnum
1160 3684 1288 3715 Franciae

228 3726 298 3748 cum
311 3718 509 3760 Pertinentiis,
527 3722 652 3752 omnino
664 3728 720 3751 erat
734 3719 849 3751 modica
864 3721 897 3751 &
913 3720 1094 3753 insufficiens.

270 3792 290 3813 *²
310 3794 348 3826 Et
363 3797 457 3834 quoad
470 3797 631 3829 Secundam
646 3806 773 3836 partem,
790 3797 943 3829 voluerunt
963 3798 1051 3837 ipsos,
1067 3809 1120 3839 pro
1140 3798 1223 3830 Parte
1242 3798 1292 3830 ad-

233 3831 326 3876 versa,
340 3832 410 3877 ¹scire
423 3836 502 3874 quod
517 3847 576 3868 non
591 3839 740 3875 petebant,
757 3846 812 3867 nec
827 3844 939 3875 petent,
957 3838 992 3867 ab
1007 3837 1119 3869 adversa
1139 3837 1223 3869 Parte
1239 3838 1292 3877 Ju-

235 3869 434 3916 spficationem
453 3874 576 3913 aliquam
594 3876 641 3906 seu
664 3875 879 3906 Serenationem
899 3874 1091 3907 Conscientiae
1112 3879 1205 3915 Regis,
1223 3887 1293 3907 cum

234 3908 292 3946 ipse
303 3908 387 3940 fuerit
400 3911 433 3941 &
449 3914 499 3942 erit
509 3924 589 3944 verus
605 3915 638 3945 &
650 3914 792 3954 legitimus
807 3913 908 3945 Haeres
922 3914 1092 3946 indubitatus
1106 3916 1229 3954 ejusdem
1238 3916 1303 3953 ‚se-,

233 3947 469 4016 ί(Ξιπιάιίιῖῃτι.(ωοά
490 3950 617 3984 Nobiles
636 3953 676 3984 sui
698 3952 899 3993 Progenitores
919 3953 1031 3984 fiierunt
1053 3953 1105 3985 suis
1119 3956 1295 3993 temporibus

246 3995 318 4017 ucce
341 3996 402 4017 ivis.

269 4024 368 4063 Quare
393 4026 532 4071 petebant·
548 4028 629 4066 quod
642 4052 652 4067 ‚
676 4039 745 4061 curn
765 4030 840 4061 Nox
865 4030 980 4061 haberet
1004 4029 1181 4071 Confilium,
1204 4031 1298 4069 place-

233 4069 280 4095 ret
308 4062 337 4095 se
360 4064 460 4095 melius
489 4064 591 4098 avisare
604 4088 616 4106 ‚
647 4067 682 4099 δι
706 4077 771 4108 erga
804 4069 883 4101 diem
915 4069 1076 4102 crastinam
1091 4093 1101 4109 ,
1124 4070 1160 4102 ad
1196 4070 1299 4102 horam

1342 147 1819 208 ptrss‘troA.
2300 177 2352 223 γι

1290 250 1457 283 consuetam
1478 250 1689 290 conveniendi,
1705 251 1751 283 sua
1767 251 1953 282 OBLATA
1976 250 2083 290 'majora
2104 248 2198 284 facere
2220 247 2254 284 ec
2275 261 2341 292 aug·
2366 248 2442 281 Arm.
2455 248 2500 283 Da

1289 298 1423 321 meritare.
2386 290 2473 329 1418„
2491 314 2500 329 ,

1329 365 1366 398 Et
1380 366 1437 405 fic,
1456 358 1561 398 Noete
1575 365 1804 405 stipem-emente,
1821 366 2006 398 discesserunn
2364 333 2399 358 H.
2417 338 2447 366 5⁶

1332 443 1445 482 Qibus
1460 442 1651 474 Die&Hora
1666 442 1895 482 advenientibus,
1914 443 1977 482 post
1992 442 2130 474 sdentiur'n
2144 448 2194 482 per
2207 452 2347 481 magnum

1293 488 1404 519 tempus
1423 490 1553 520 tentum,
1571 482 1686 512 tandem
1705 482 1847 513 oriebatur
1870 483 2017 513 contentio
2039 483 2110 513 inter
2130 493 2179 513 eos
2197 493 2261 522 quae
2281 484 2348 514 Pars

1293 520 1391 558 primo
1405 519 1518 551 deberet
1529 521 1643 558 aperire.

1333 557 1387 596 Et,
1403 558 1483 589 factis
1496 558 1529 589 ad
1545 559 1572 589 id
1584 558 1653 589 hinc
1669 558 1735 589 inde
1752 558 1904 589 rationibus
1923 560 2108 590 commotivis
2129 562 2239 599 utrique
2261 562 2352 603 Parti,

1295 596 1449 627 secundum
1463 606 1566 628 eorum
1579 598 1745 635 opinionem
1760 598 1974 635 accommodis,
1990 598 2026 627 fic
2041 598 2212 631 Altercando
2227 600 2352 633 deduxe÷

1297 644 1362 666 runt
1377 635 1454 666 diem
1469 636 1555 675 usque
1568 636 1603 667 ad
1618 636 1721 666 horam
1736 636 1917 666 undecimam
1933 635 1990 667 fine
2003 636 2107 668 fruitu.

1335 711 1375 743 Et
1386 719 1456 743 tunc
1467 711 1687 743 Ambaffiatores
1697 716 1775 751 Regis
1791 714 1829 743 eis
1843 711 1987 750 dixerunt,
2005 712 2146 752 rogando,
2166 725 2302 753 quantum
2324 718 2352 748 se

1300 750 1399 781 melius
1412 752 1441 780 in
1457 751 1579 785 Prandio
1591 751 1729 782 avisarent
1744 761 1829 789 quam
1846 750 1950 781 NoCte
1965 751 2102 789 praeterita
2116 753 2227 784 fuerunt
2241 757 2352 794 avisati,

1300 790 1333 819 ὃ(
1348 798 1397 819 eos
1413 789 1561 820 certiorare
1574 789 1593 820 fi
1607 790 1657 820 alia
1672 789 1774 821 vellent
1786 788 1892 819 offerre
1906 789 1940 819 ad
1961 789 2117 828 effedtum,
2135 799 2166 821 ut
2187 793 2257 824 hora
2277 796 2352 826 Ter.

1299 827 1337 858 tifi
1351 826 1414 866 post
1428 827 1583 858 Meridiern
1596 827 1630 858 ad
1647 827 1761 858 Locum
1774 827 1887 866 possent
1897 829 2053 860 convenire
2067 829 2244 862 consuetum.²

1339 904 1409 943 Qua
1422 903 1493 936 hora
1507 903 1690 943 adveniente,
1707 913 1741 936 ac
1756 912 1820 935 toto
1838 903 1885 934 die
1898 904 2045 945 sequente,
2063 907 2098 938 ὃς
2119 908 2204 938 etiam
2225 915 2288 938 toto
2309 907 2355 939 dle

1299 942 1478 982 Dominico,
1494 951 1562 975 tunc
1585 945 1721 982 proximo
1760 951 1825 974 ante
1846 942 1998 974 Prandium
2014 967 2023 982 ‚
2043 945 2081 975 nil
2102 947 2220 985 amplius
2241 948 2277 976 ab
2296 948 2358 984 ipsis

1300 981 1552 1051 Ardnbasfiattoribus
1564 983 1621 1021 (sua
1636 982 1711 1022 prius
1719 965 1824 1013 &blata
1836 989 1900 1014 toto
1915 981 1969 1014 isto
1983 991 2117 1022 tempore
2126 984 2355 1024 justificantibus)

1298 1030 1332 1051 au
1353 1031 1396 1053 ive
1414 1030 1450 1052 un
1464 1043 1471 1051 .

1339 1101 1490 1141 Tandem,
1508 1108 1610 1134 mutuo
1626 1101 1761 1134 consensu
1774 1098 1919 1142 Partium,
1940 1104 1971 1134 in
1985 1097 2054 1134 hora
2067 1098 2198 1137 consueta
2212 1099 2276 1144 post
2291 1104 2361 1137 Me·

1303 1140 1403 1171 ridiem
1423 1149 1633 1179 convenerunt,
1655 1142 1722 1179 ubi,
1739 1141 1857 1180 habitis,
1873 1150 1904 1172 ut
1925 1143 2016 1181 prius,
2034 1145 2144 1180 magnis
2161 1144 2360 1176 Altercationi-'2

1304 1179 1356 1209 bus
1376 1178 1536 1217 (videlicet,
1556 1189 1620 1216 quae
1642 1179 1707 1210 Pars
1726 1181 1822 1217 primo
1844 1182 1974 1218 aperiret)
1995 1181 2107 1211 tandem
2122 1205 2132 1221 ,
2148 1183 2221 1213 inter
2242 1191 2362 1224 caetera,

1306 1217 1440 1247 dicebant
1454 1217 1673 1248 Ambaffiatores
1687 1217 1821 1255 Dalphini
1834 1219 1913 1256 quod
1930 1220 2072 1258 hucusque
2085 1222 2115 1249 in
2128 1221 2264 1252 omnibus
2277 1231 2363 1252 com·

1307 1256 1441 1286 munibus
1452 1255 1633 1286 Tra&atibus
1646 1255 1853 1286 Consimilibus
1876 1257 1979 1288 solebat
2002 1258 2125 1297 semper,
2142 1269 2194 1297 pro
2215 1260 2306 1291 modo
2326 1261 2361 1292 &

1307 1294 1416 1332 forma,
1432 1293 1574 1325 observari
1585 1294 1684 1333 quod,
1704 1293 1854 1334 postquam
1866 1294 1933 1326 Pars
1954 1305 2008 1326 una
2028 1300 2150 1336 aperuit,
2168 1299 2364 1338 subsequenter

1307 1332 1423 1362 deberet
1436 1332 1469 1362 &
1483 1333 1565 1363 altera
1581 1334 1704 1370 aperire,
1722 1333 1755 1363 &
1769 1333 1864 1371 quod,
1881 1335 1917 1364 ita
1932 1336 2049 1372 aperiret
2062 1346 2116 1365 una
2129 1337 2194 1367 Pars
2209 1338 2278 1369 sicut
2297 1338 2363 1378 alia,

1307 1370 1391 1402 Ordo
1406 1371 1518 1402 rationis
1532 1371 1690 1410 expostulat
1704 1371 1736 1402 &
1751 1370 1855 1401 modus
1868 1373 1952 1402 etiam
1968 1375 2119 1412 antiquitus
2134 1376 2317 1413 procedendi.

1343 1446 1402 1477 Cui
1423 1447 1626 1485 responderunt
1650 1446 1871 1478 Ambasfiatores
1890 1451 1986 1487 Regis,
2004 1450 2101 1488 quod,
2122 1460 2257 1489 qnantum
2281 1452 2315 1484 ad
2334 1451 2367 1484 il·-

1307 1486 1363 1517 lam
1381 1486 1684 1517 OBLATIONEM
1705 1487 1738 1524 (si
1752 1486 1809 1517 dici
1823 1487 1922 1518 debeat
1939 1488 2151 1526 OBLATlo)
2173 1500 2221 1527 per
2243 1490 2305 1521 illos
2325 1491 2368 1522 fa·

1308 1525 1385 1556 Ctam
1401 1548 1410 1562 ,
1429 1525 1503 1554 illam
1523 1526 1692 1562 reputabunt
1714 1525 1762 1562 ipsi
1785 1527 1908 1556 omnino
1931 1536 2050 1557 vacuam
2064 1551 2073 1563 ,
2093 1529 2224 1566 inanem,
2245 1531 2278 1560 &
2298 1540 2367 1568 quas

1309 1564 1328 1593 si
1348 1563 1454 1608 nullam
1469 1585 1478 1601 ,
1498 1564 1674 1594 consideratis
1694 1564 1830 1594 omnibus
1852 1573 1938 1602 prout
1957 1565 1992 1595 de
2010 1565 2078 1602 Jure
2099 1566 2220 1596 debeant
2240 1569 2369 1599 confide-

1306 1612 1377 1640 rari,

1348 1640 1446 1679 Qiare
1460 1641 1591 1679 petebant
1601 1640 1637 1670 ab
1652 1641 1704 1678 cis,
1722 1648 1856 1679 quatenus
1868 1640 2039 1679 Dignaretur
2054 1641 2120 1672 Vias
2133 1644 2166 1674 &
2184 1641 2284 1673 Media
2306 1654 2371 1682 aped-

1310 1680 1365 1710 rire
1384 1679 1576 1718 rationabilia,
1595 1689 1658 1717 quae
1676 1679 1711 1709 ad
1732 1681 1805 1710 hanc
1832 1680 1939 1710 Pacem
1964 1680 2120 1710 inducenda
2140 1682 2232 1712 valere
2248 1692 2371 1723 queant,

1309 1718 1426 1749 scientes
1443 1718 1542 1756 quod,
1561 1719 1636 1748 sacro
1656 1718 1723 1756 illo,
1739 1718 1825 1756 parati
1848 1727 1925 1748 erant
1945 1718 1994 1755 ipsi
2016 1719 2099 1748 talem
2117 1721 2238 1751 modum
2254 1722 2284 1751 in
2297 1721 2369 1752 Pro‘

1309 1756 1441 1787 cedendo
1456 1752 1622 1795 observare,
1641 1756 1716 1787 unde
1730 1758 1832 1787 merito
1847 1756 1966 1787 debeant
1980 1759 2153 1788 contentari:

1348 1832 1386 1864 Et
1399 1833 1453 1872 fic,
1471 1834 1524 1864 hiis
1539 1834 1572 1864 ὅτ.
1587 1833 1643 1864 aliis
1660 1833 1838 1864 Suafionibus
1853 1834 1886 1864 &
1910 1833 2109 1872 Argumentis,
2127 1833 2217 1865 Diem
2240 1834 2296 1866 fine
2310 1836 2370 1868 stu-⁴

1311 1871 1361 1903 &u
1381 1873 1505 1916 ulteriori
1526 1872 1560 1902 ad
1583 1872 1718 1916 Nostem
1740 1872 1931 1911 deduxerunt,
1948 1875 1978 1902 in
1993 1872 2137 1904 Octavam
2150 1874 2250 1905 horam
2262 1874 2317 1905 diei
2330 1876 2372 1906 seo

1311 1919 1422 1949 quentis
1441 1919 1621 1943 conventuri.

1352 1987 1423 2026 Qui
1437 1987 1509 2019 hora
1523 1989 1662 2019 conventi
1677 1989 1707 2018 in
1724 1987 1810 2019 Loco
1824 1988 1905 2019 solito
1915 2013 1924 2026 ‚
1942 1987 2008 2025 post
2021 1986 2157 2019 silentium
2177 1994 2290 2022 tentum
2304 2016 2314 2029 ,
2339 1995 2372 2023 ut

1313 2026 1457 2066 solebant,
1476 2027 1609 2065 quaelibet
1623 2026 1689 2057 Pars
1703 2027 1798 2067 alteri,
1817 2036 1846 2058 ut
1860 2027 1926 2058 Vias
1939 2027 2019 2057 Pacis
2037 2029 2170 2066 aperiret,
2190 2030 2375 2069 imponebat;

1350 2102 1504 2142 Tandem,
1519 2102 1585 2141 post
1598 2103 1685 2134 multa
1700 2103 1728 2133 in
1745 2103 1798 2133 hac
1811 2113 1841 2132 re
1860 2105 2004 2142 reciproca
2020 2103 2207 2144 Argumenta,
2226 2105 2378 2139 Dominus

1311 2141 1553 2182 'Archiepifiopuss
1570 2152 1622 2180 pro
1634 2142 1716 2172 Parte
1728 2140 1880 2180 Dalphini,
1897 2143 2025 2181 dicebat,

1354 2185 1488 2212 Dominus
1510 2185 1601 2210 comes
1619 2184 1716 2211 Sarum
1738 2181 1771 2210 &
1785 2191 1834 2210 vos
1849 2186 1938 2211 caeteri
1951 2185 2080 2220 Domini,
2100 2184 2164 2220 quia
2178 2182 2307 2215 videmus
2320 2192 2376 2215 vos

1316 2220 1397 2251 nullo
1412 2219 1504 2250 modo
1519 2219 1585 2249 Vias
1600 2217 1683 2250 Pacis
1695 2219 1767 2249 velle
1785 2221 1906 2258 aperire,
1924 2230 1982 2250 non
2002 2220 2274 2260 advertentes-quod
2289 2222 2376 2260 Nos,

1315 2269 1369 2297 pro
1385 2265 1462 2296 parte
1473 2257 1586 2296 nostra,
1602 2259 1699 2295 primo
1715 2258 1749 2288 δί
1764 2258 1867 2288 ultimo
1882 2260 2040 2296 aperuimus
2056 2260 2088 2290 &
2111 2261 2229 2290 fecimus
2246 2260 2380 2291 debitum

1316 2296 1464 2335 nostrum,
1483 2295 1625 2327 Miramur
1637 2296 1737 2334 valde3
1755 2306 1822 2326 nam
1835 2296 1872 2326 sic
1885 2307 1945 2327 non
1965 2298 2033 2328 solet
2054 2300 2175 2335 perverti
2192 2298 2303 2330 debitus
2316 2298 2379 2330 Or-

1315 2336 1355 2366 do
1375 2337 1409 2367 Sc
1431 2335 1537 2365 Forma
1558 2334 1729 2365 Tractandi:
1749 2343 1945 2366 verumtamen
1967 2346 2018 2366 nos
2042 2337 2101 2374 (qui
2118 2337 2197 2374 supra
2209 2338 2308 2367 omnia
2322 2337 2379 2369 Pa-

1316 2384 1383 2405 cem
1397 2373 1600 2412 desideramus,
1617 2374 1651 2404 &
1663 2372 1698 2403 ad
1712 2372 1850 2404 effec'tum
1871 2374 1949 2412 quod
1974 2384 2024 2412 per
2045 2374 2158 2406 Partem
2173 2376 2300 2406 nostram
2316 2385 2379 2407 non

1319 2413 1401 2443 stabit
1417 2414 1485 2450 quin
1500 2412 1548 2443 fiet
1563 2410 1621 2443 Pax
1633 2411 1712 2442 firma
1730 2412 1763 2442 &
1778 2412 1942 2451 indubitata)
1967 2414 2102 2444 volumus
2120 2416 2219 2445 iterato
2236 2416 2298 2445 alias
2311 2414 2380 2446 Vias

1318 2452 1399 2483 Pacis
1412 2452 1446 2482 &
1462 2449 1561 2481 Media
1572 2452 1692 2489 aperire,
1707 2450 1744 2482 de
1761 2452 1862 2488 quibus
1876 2461 1936 2482 non
1949 2451 2107 2483 haefitamus
2120 2463 2174 2484 vos
2188 2454 2294 2484 merito
2307 2463 2380 2484 con-

1318 2491 1437 2528 tentari,
1453 2490 1489 2520 ita
1511 2499 1607 2521 tamen
1628 2488 1724 2528 quod,
1742 2498 1805 2520 ante
1826 2491 1939 2528 omnia,
1958 2501 2010 2522 vos
2033 2490 2156 2530 Dicatis,
2174 2501 2209 2522 an
2230 2491 2382 2523 lllustriffi-

1319 2540 1383 2560 mus
1398 2528 1546 2559 Dominus
1557 2530 1618 2557 Rex
1631 2527 1723 2559 vester
1739 2528 1777 2559 sic
1789 2528 1816 2558 se
1830 2530 2021 2567 proposuerit,
2037 2538 2084 2560 aut
2094 2530 2219 2561 voluerit
2233 2540 2302 2560 cum
2311 2530 2380 2561 Do-

1318 2569 1389 2598 nino
1403 2567 1504 2598 nostro
1517 2566 1655 2605 Dalphino
1670 2567 1796 2606 alligare,
1813 2568 1847 2598 &
1863 2568 1993 2606 adjuvare
2008 2568 2099 2605 ipsum
2118 2569 2152 2598 ad
2167 2568 2380 2600 Debellandum

1317 2608 1359 2676 (ἐξ)
1365 2605 1548 2676 ἓξὲἑῐῐίιὲιὲῐη
1561 2605 1698 2637 Inimicos
1713 2605 1776 2637 suos
1785 2629 1795 2644 ,
1812 2606 1846 2637 &
1859 2606 2043 2646 adversarios,
2061 2607 2095 2638 &
2108 2607 2242 2638 Rebelles
2258 2608 2287 2638 in
2302 2607 2383 2647 Reg=

1359 2721 1406 2753 Ad
1429 2721 1507 2760 quod
1528 2720 1653 2752 Domini
1674 2720 1894 2753 Ambaffiatores
1920 2724 1998 2760 Regis
2023 2720 2138 2759 (habito
2160 2724 2235 2761 prius
2262 2719 2333 2754 inter
2355 2723 2381 2755 se

1321 2760 1480 2799 Colloquio
1501 2760 1636 2798 separato)
1657 2759 1803 2798 dixerunt,
1822 2761 1968 2799 allegando
1982 2771 2029 2798 per
2041 2763 2160 2791 rationes
2174 2761 2253 2800 quod
2265 2763 2383 2800 respon-

1321 2799 1389 2830 dere
1399 2802 1433 2829 ad
1450 2798 1590 2837 praemissa
1605 2798 1674 2828 effet
1689 2808 1847 2836 pervertere
1858 2799 2000 2830 Ordinem
2023 2798 2178 2830 Processfis
2199 2802 2232 2831 ὃς
2254 2800 2383 2831 Modum

1323 2838 1510 2876 procedendi:
1532 2847 1597 2876 quae
1618 2837 1688 2867 cum
1711 2837 1819 2868 fuerant
1838 2839 1868 2867 in
1890 2838 1915 2867 se
1931 2839 1994 2868 duae
2010 2840 2133 2868 materiae
2148 2839 2271 2870 multum
2289 2839 2384 2871 diver-

1321 2877 1374 2916 sae,
1388 2877 1420 2907 ὃ(
1441 2884 1590 2914 propterea
1610 2876 1744 2913 petebant
1763 2877 1844 2913 quod
1863 2877 1898 2906 ad
1918 2875 2070 2907 Materiam
2092 2876 2282 2915 Principalem
2304 2878 2384 2909 Pacis

1323 2917 1367 2952 (ut
1388 2915 1450 2945 alias
1469 2914 1611 2950 dicebant)
1635 2915 1732 2952 primo
1755 2915 1788 2945 &
1811 2922 1875 2945 ante
1896 2916 1993 2944 omnia
2015 2915 2196 2951 dignarentur
2220 2918 2383 2954 intendere,

1323 2953 1397 2991 quasi
1416 2952 1450 2984 ad
1468 2953 1700 2983 Fundamentum
1719 2952 1798 2990 super
1814 2963 1873 2990 quo
1888 2962 1990 2983 omnes
2005 2962 2115 2984 caeterae
2129 2955 2249 2985 debeant
2260 2955 2383 2985 aedifica-

1322 2994 1365 3030 ri,
1384 2992 1418 3022 &
1433 2991 1470 3022 slC
1483 2992 1541 3022 suas
1558 2991 1644 3020 OBL
1656 2998 1726 3020 ATI
1737 3001 1756 3020 0
1767 2999 1789 3020 N
1801 3001 1819 3021 Ε
1831 3000 1843 3021 s
1863 3000 2063 3029 augmentare,
2080 3002 2128 3030 ut,
2148 2993 2302 3023 secundum
2323 2992 2383 3023 Or-

1323 3031 1440 3068 dinem,
1457 3030 1492 3059 ad
1506 3030 1638 3060 ulteriora
1654 3029 1760 3060 valeant
1778 3030 1950 3068 procedere,
1969 3038 2000 3060 ut
2019 3031 2167 3069 affeetant,
2187 3040 2271 3069 prout
2291 3031 2382 3063 visum

1323 3077 1380 3101 erat
1391 3068 1514 3106 partibus
1527 3077 1732 3107 opportunum.

1363 3147 1383 3166 ²*
1404 3145 1475 3184 Qio
1496 3144 1610 3182 audito,
1628 3143 1693 3174 Pars
1716 3144 1798 3176 altera
1817 3144 1931 3175 ulterius
1952 3143 2057 3176 offerre
2078 3154 2125 3177 aut
2139 3146 2294 3184 procedere
2308 3145 2385 3177 diffi-
2402 3156 2417 3174 α
2437 3157 2489 3188 IX.

1323 3185 1455 3253 (stultam,
1474 3183 1628 3215 defiderans
1648 3189 1713 3213 ante
1730 3184 1826 3213 omnia
1845 3183 2026 3223 Responsum
2048 3194 2212 3223 congruum
2233 3184 2269 3215 ad
2290 3185 2383 3224 Qae-
2398 3196 2464 3233 537⁵

1336 3233 1382 3255 ita.

1364 3299 1411 3332 Ac
1427 3299 1545 3330 demum
1566 3298 1703 3338 Magister
1715 3298 1850 3337 Philippus
1864 3300 1956 3337 posuit
1978 3309 2026 3330 eos
2044 3299 2072 3330 in
2097 3299 2174 3331 bona
2193 3300 2240 3339 spe
2258 3301 2292 3332 &
2313 3309 2389 3332 extra

1326 3349 1448 3370 ornnem
1463 3338 1669 3369 dubitationem
1679 3360 1687 3375 ,
1706 3337 1784 3376 quod
1800 3341 1931 3368 Dominus
1938 3338 2003 3377 situs
2018 3341 2106 3368 Comes
2118 3339 2151 3370 &
2166 3343 2253 3370 caeteri
2277 3343 2388 3370 Domini

1318 3378 1364 3418 sui
1380 3378 1441 3408 sunt
1463 3377 1548 3414 plene
1567 3377 1601 3407 &
1621 3375 1790 3407 sufficienter
1809 3376 1931 3414 dispofiti
1951 3378 1984 3407 ὅ(
2005 3376 2114 3407 induffl
2135 3377 2169 3408 ad
2192 3378 2391 3416 trac-tandum,

1327 3414 1629 3453 Communicandum,
1648 3417 1682 3447 &
1697 3413 1940 3446 Concludendum
1957 3415 2035 3454 super
2049 3415 2146 3446 Petitis
2158 3418 2195 3447 ab
2210 3416 2330 3454 eisdem,
2348 3415 2390 3447 se-

1327 3454 1457 3486 cundum
1476 3453 1619 3484 Ordinem
1640 3462 1734 3484 tamen
1752 3477 1761 3491 ,
1786 3455 1819 3484 ὃς
1841 3464 1895 3492 pro
1917 3454 1984 3483 loco
2002 3455 2034 3483 &
2056 3463 2188 3492 tempore
2208 3455 2390 3494 opportunis,

1327 3493 1398 3524 dum
1413 3502 1507 3523 tamen
1522 3492 1585 3523 talia
1599 3494 1716 3522 Domino
1728 3494 1793 3530 Regi
1810 3501 1956 3530 propterea
1968 3491 2140 3531 offerantur,
2158 3493 2194 3524 de
2219 3494 2319 3532 quibus
2338 3502 2388 3524 va-

1326 3533 1381 3563 leat
1396 3533 1429 3563 &
1445 3531 1545 3562 debeat
1558 3532 1727 3562 contentari.

1366 3608 1483 3646 Qibus
1502 3606 1601 3637 auditis
1617 3607 1788 3646 gaudenter,
1807 3615 1839 3637 ut
1857 3609 1999 3646 apparuit,
2024 3618 2073 3646 per
2097 3609 2209 3638 Partem
2231 3606 2393 3646 adversam,

1329 3646 1407 3677 idern
1428 3644 1666 3684 Reverendtffimus
1689 3649 1774 3676 Pater
1796 3647 1906 3683 petebat
1925 3648 1961 3677 ab
1983 3646 2225 3686 Ambcrffi'atoribus
2242 3648 2320 3684 Regis
2333 3645 2392 3677 dari

1330 3685 1516 3717 Securitatem
1532 3684 1612 3723 quod
1628 3695 1677 3723 ea,
1693 3695 1758 3723 quae
1773 3684 1897 3724 diceret,
1915 3685 2086 3716 servarentur
2099 3687 2127 3715 in
2141 3683 2260 3715 secretis.

1344 3778 1347 3780 -
1370 3761 1439 3801 Qia
1459 3760 1615 3792 Securitate
1635 3761 1785 3800 promissa,
1804 3762 2006 3799 protestabatur
2029 3763 2057 3791 in
2079 3761 2185 3791 effectu
2200 3769 2232 3791 ut
2247 3761 2339 3800 prius,
2358 3763 2393 3795 δε

1332 3800 1403 3832 ultra
1416 3800 1497 3838 quod
1510 3800 1602 3831 solfim
1619 3810 1733 3837 propter
1747 3801 1882 3831 sinceram
1900 3799 2115 3836 Affec‘tionem,
2134 3809 2220 3838 quam
2239 3800 2323 3831 habet
2344 3812 2396 3834 eo·-

1334 3849 1399 3870 rum
1418 3840 1549 3869 Dominus
1570 3838 1726 3877 Dalphinus
1747 3840 1781 3869 ad
1801 3842 1912 3875 Regem,
1930 3839 1963 3869 &
1988 3840 2062 3867 suam
2085 3839 2160 3875 piam
2188 3839 2396 3879 intentionem,

1334 3887 1421 3916 quam
1436 3878 1520 3908 habet
1533 3877 1566 3908 ad
1580 3877 1685 3908 Pacem
1701 3880 1773 3915 (non
1787 3878 1932 3912 obstante,
1953 3876 2033 3913 quod
2046 3886 2111 3906 anre
2125 3876 2272 3907 OBLATA
2287 3887 2337 3915 per
2354 3880 2398 3918 ip-

1336 3917 1397 3947 sum
1412 3916 1474 3947 sunt
1487 3916 1600 3954 grandia
1612 3917 1644 3947 &
1662 3925 1763 3955 magna
1778 3915 1849 3951 satis)
1863 3915 1953 3944 voluit
1966 3914 2121 3944 SECUNDO
2132 3916 2238 3952 aperire
2249 3918 2283 3947 ὃς
2304 3916 2395 3947 offer-

1337 3965 1368 3985 re
1382 3954 1460 3992 Regi
1477 3955 1547 3984 ultra
1558 3954 1704 3985 Contenta
1719 3957 1747 3984 in
1762 3952 1881 3983 Scedulst
1894 3962 1941 3989 per
1955 3952 2044 3989 ipsum
2069 3953 2142 3989 prius
2163 3953 2278 3993 tradita,
2297 3955 2397 3985 videli-

1338 4001 1403 4031 cet,
1419 3999 1507 4022 totam
1523 3992 1601 4023 illam
1620 3995 1733 4022 Partem
1753 3994 1931 4021 Normanniae
1953 4002 2011 4030 quae
2032 3991 2180 4031 eststtuata
2198 3992 2273 4022 ultra
2287 3992 2398 4023 Flumen

1339 4035 1463 4071 Seram-’5
1483 4035 1608 4063 Civitate
1630 4028 1832 4069 Rothomagenfi
1849 4028 1887 4064 ό·
1908 4029 1964 4067 ejus
1977 4032 2006 4059 V
2006 4032 2174 4060 icecomitatu
2186 4030 2327 4062 duntaxat
2341 4042 2392 4060 ex-

1341 4073 1420 4109 ceptis
1430 4081 1440 4099 :

2350 4104 2391 4136 Et
