2562 4274
75 1017 95 1039 9
106 1019 191 1048 vm.

87 1067 155 1093 440.

91 3733 206 3764 *vlilg

200 152 254 202 98

247 351 454 382 Censtituimus
469 347 560 386 ipsum
585 343 775 376 Admirallum
798 342 929 375 nestrum
958 341 1051 373 Florae
1075 337 1206 370 Navium
1226 333 1263 365 ab

210 391 272 422 Ore
287 392 377 427 Aquae
394 386 548 418 Thamisiae
564 383 656 414 versus
668 391 756 421 partes
767 381 907 422 Bormies,
1189 413 1193 419 .
1255 409 1262 416 ‚

249 428 356 458 Dantes
375 428 401 457 ei
415 426 525 463 plenam
540 446 551 462 ,
575 421 695 453 Tenore
715 421 914 459 Praesentium,
931 416 1106 450 Potestatem
1121 409 1264 456 Audiendi

214 467 350 505 Qierelas
369 465 502 495 omnium
517 461 550 493 &
566 461 742 499 singulorum
758 459 794 490 de
805 460 874 498 hiis,
892 459 939 496 qui
952 456 1097 488 Officium
1115 448 1264 496 Admrrallt

209 513 346 543 tangunt,
370 504 403 534 δε
429 499 632 539 Cognoscendi
647 500 677 529 in
694 498 790 530 Causis
810 497 967 528 Maritimis
982 518 992 533 ,
1018 495 1051 525 &
1083 491 1206 534 ustitiam
1220 487 1264 518 fa-

209 544 318 580 ciendi,
337 551 369 572 ac
396 540 599 578 Delinquentes
615 539 692 575 juxta
713 546 813 568 eorum
837 535 986 566 Demerita
1006 532 1049 563 Ca
1076 529 1187 573 igandr,
1205 526 1264 557 Pu-

207 582 301 649 {iffndi
308 582 359 648 ,ἀᾷ
369 578 540 611 Carcerandi
547 601 557 618 ,
563 578 596 609 &
612 577 814 614 incarceratos,
822 575 870 613 qui
884 570 1057 604 deliberandi
1071 574 1177 600 tuerint
1184 588 1195 606 ,
1201 564 1263 596 De*

218 630 225 649 1
248 629 312 649 esim
333 628 340 648 l

243 658 277 687 N
280 642 373 688 ecno’n
388 657 489 688 Naves
502 657 536 688 ὃς
556 653 714 686 Naviculas
728 651 884 684 Guerrinas
904 647 1084 685 necess'arias,
1101 643 1264 689 cujuscum—³

208 706 263 734 que
278 696 406 733 Portagii
428 696 552 733 fuerint,
575 694 705 732 quotiens
727 690 837 722 neceffe
858 690 940 720 fuerit
954 710 964 726 ‚
989 683 1210 723 congregandi,
1229 682 1263 713 &

208 734 381 765 Marinarios
396 744 429 766 ac
446 735 514 764 alios
527 756 537 772 ,
563 741 616 770 pro
640 730 774 762 Navibus
790 730 824 761 &
844 725 997 758 Naviculis
1012 725 1063 755 illis
1078 720 1244 753 necessarios
1253 741 1264 758 ,

208 772 355 812 Eligendi,
374 772 532 811 Capiendi,
551 772 584 802 &
598 771 627 800 in
641 767 746 800 eisdem
760 766 910 804 Ponendi,
928 767 961 796 ὃς
977 763 1011 795 ad
1027 760 1187 800 hujusmodi
1198 759 1265 790 Ma-

208 813 342 850 rinariOS,
361 812 409 851 qui
426 811 558 842 Rebelles
571 809 618 839 vel
631 807 842 838 Contrariantes
855 804 959 836 fuerint
979 804 1010 833 in
1032 801 1086 832 hae
1103 808 1198 838 parte,
1215 797 1267 828 de-

211 851 270 880 bite
284 850 485 888 compescendi
503 850 536 879 &
551 846 723 885 castigandi,

245 888 283 920 Et
298 888 333 920 ad
348 889 446 918 omnia
460 888 511 918 alia
544 896 608 924 quae
622 885 657 916 ad
671 883 813 915 Officium
834 879 984 913 Admiralli
1002 878 1156 916 pertinent,
1173 874 1265 906 inhac

208 937 302 966 parte,
320 926 454 958 Faciendi
469 926 502 956 &
518 910 707 962 lecercendi,
727 929 809 961 prout
817 920 924 958 dejure
937 920 969 950 &
983 915 1138 947 secundum
1153 914 1264 952 Legem

211 968 381 997 maritimam
396 965 479 995 fuerit
493 963 675 1000 faciendum,
1007 994 1012 998 ¹
1078 992 1083 997 ¹

248 1007 266 1024 *²
286 1005 323 1035 Et
339 1004 374 1034 ad
389 1002 558 1034 sufficientes
573 1002 605 1032 ὃς
619 1000 735 1030 idoneas
756 997 889 1028 Personas
903 1018 914 1034 ,
935 1002 1063 1032 quotiens
1076 991 1132 1028 ipse
1147 990 1182 1021 ad
1203 989 1264 1020 hoc

209 1054 308 1074 vacare
322 1052 379 1072 non
393 1041 497 1081 poterit
512 1063 522 1079 ,
546 1039 580 1070 ad
596 1037 739 1068 Praemiffa
757 1037 856 1066 omnia
877 1035 911 1065 &
934 1031 1037 1072 singula
1056 1029 1184 1061 facienda
1197 1028 1265 1058 loco

210 1082 291 1120 ipfius
308 1080 463 1118 Nicliolai,
483 1076 675 1109 Substituendi
689 1076 722 1106 δι’.
739 1072 919 1112 Deputaridi,
1140 1107 1145 1112 ι

246 1119 281 1149 Et
296 1120 364 1149 idco
381 1120 462 1148 vobis
476 1115 640 1147 mandamus
655 1113 736 1154 quod
750 1114 844 1142 eidem
860 1109 1008 1141 Nicholao
1023 1131 1033 1146 ,
1052 1105 1212 1137 substitutis
1227 1105 1261 1137 δε

208 1155 357 1196 Deputatis
370 1157 421 1187 suis
436 1154 613 1194 hujusmodi,
631 1154 661 1182 in
676 1151 829 1182 Praemissis
840 1149 976 1180 omnibus
987 1145 1142 1183 &singulis
1156 1144 1265 1175 facien-

208 1196 268 1232 dis,
294 1196 472 1226 Intendentes
495 1194 548 1223 litis
565 1215 574 1230 ,
599 1191 784 1222 Consulentes
806 1189 839 1220 &
860 1187 1033 1218 Auxiliantes
1074 1185 1204 1224 quotiens
1228 1184 1262 1214 &

209 1243 292 1271 prout
309 1233 459 1272 peripsum
475 1230 675 1268 Nicholaum,
691 1228 736 1259 seu
760 1227 933 1258 Substitutos
953 1234 1000 1255 aut
1024 1207 1182 1261 Deputatos
1200 1220 1264 1251 suos

208 1273 366 1307 huusniodi
383 1272 460 1311 super
477 1271 536 1300 hoc
551 1269 657 1299 fueritis
672 1267 851 1307 praemuniti,
869 1264 913 1296 vel
926 1263 1025 1302 aliquis
1040 1260 1167 1293 vestrum
1180 1260 1265 1291 fuerit

211 1312 396 1349 praemunitus
411 1319 445 1340 ex
461 1318 536 1348 parte
552 1307 664 1338 nostra:

248 1349 366 1380 Proviso
380 1349 487 1386 semper
500 1347 580 1386 quod
594 1346 671 1376 idern
687 1343 864 1381 Nicholaus‚
882 1349 928 1373 aut
941 1339 1091 1372 Substituti
1105 1338 1151 1369 seu
1164 1336 1265 1375 Depu-

209 1389 258 1418 tari
273 1388 312 1418 sui
326 1387 505 1425 hujusmodi,
524 1387 676 1424 quicquam
699 1392 800 1414 contra
819 1381 945 1412 formam
958 1380 1057 1410 Statuti
1074 1401 1085 1417 ,
1108 1379 1139 1408 in
1161 1376 1266 1406 Parlia-

210 1436 311 1457 mento
328 1426 455 1456 Domini
470 1424 587 1455 Ricardi
610 1431 699 1460 nuper
720 1421 809 1460 Regis
825 1420 940 1456 Angliae
961 1417 1085 1449 Secundi
1103 1414 1167 1461 post
1182 1413 1267 1445 Con-

210 1465 341 1503 questum
355 1487 366 1503 ,
390 1464 478 1496 Anno
501 1462 598 1501 Regni
619 1461 658 1492 sui
680 1458 911 1498 Quintodecimo
932 1465 1013 1487 tento
1029 1480 1040 1494 ,
1065 1454 1153 1492 editi,
1170 1454 1269 1484 colore

208 1504 389 1541 praesentium
406 1504 563 1534 Literarum
578 1500 753 1537 nostrarum,
772 1507 831 1528 non
846 1497 948 1527 faciant
968 1505 1023 1526 nec
1044 1500 1212 1531 attemptent
1225 1492 1269 1522 ul-

208 1544 239 1572 lo
245 1552 372 1618 11:503]th
380 1603 390 1619 ,
406 1580 467 1611 &c.
489 1577 624 1617 quamdiu
635 1576 707 1606 diCti
722 1574 899 1605 Mercatores
910 1572 1081 1605 Custodiam
1090 1570 1181 1602 Maris
1189 1571 1268 1609 juxta

208 1619 405 1650 Concordiam
419 1617 585 1656 praedictam
601 1616 747 1645 habuerint
761 1614 908 1644 duraturas.

244 1657 333 1689 Teste
348 1657 431 1697 Rege
446 1657 519 1697 apud
537 1653 814 1695 Wstmonasterium,
830 1651 968 1684 vicesimo
982 1649 1088 1680 octavo
1102 1648 1147 1679 die
1155 1645 1270 1685 Aprilis.

893 1703 948 1731 Per
964 1700 1046 1740 ipficm
1061 1701 1167 1737 Regem.

548 1835 641 1878 Super
668 1828 777 1863 Duello
793 1824 935 1860 habendo.

185 1954 191 1961 ,
214 1919 299 1978 RE
308 1919 357 1966 X,
377 1918 532 1952 Senescallo
546 1916 595 1948 suo
611 1914 787 1960 Aquitaniae,
806 1924 839 1947 ac
861 1911 1079 1945 Constabulario
1100 1911 1150 1943 suo
1163 1909 1270 1943 Burde-

293 1962 392 1998 galiae,
410 1961 444 1991 ὃς
458 1967 559 1990 eorum
572 1954 830 1993 Locatenentibus,
848 1952 982 1984 Salutem.

249 2004 293 2034 Ex
308 2008 385 2039 parte
398 2021 407 2038 ,
431 1995 528 2029 dileffl
546 1996 626 2035 Ligei
649 1993 764 2032 nostri,
786 1991 928 2031 Johannis
950 1989 1091 2028 Bolomer,
1117 1986 1267 2026 Burgenfis

130 2070 136 2077 .
151 2033 158 2039 ⁸
210 2039 401 2077 Burdegaliae,
416 2038 499 2068 nobis
514 2035 573 2073 est,
588 2033 710 2071 graviter
723 2030 942 2070 conquerendO,
960 2028 1147 2060 monstratum
1155 2026 1252 2065 quod,

166 2108 174 2116 ,
249 2075 402 2115 cumipse
416 2085 519 2114 nuper,
538 2075 570 2105 in
592 2070 682 2103 Curia
700 2070 796 2102 nostra
816 2069 946 2100 Civitatis
968 2067 1116 2106 praedfflcae
1131 2089 1141 2104 ‚
1166 2074 1266 2097 coram

211 2116 366 2150 Guillielmo
378 2118 494 2146 Domino
509 2114 541 2144 de
556 2110 581 2142 le
595 2115 711 2150 Sparre,
733 2118 802 2139 tunc
824 2107 1026 2139 Gubernatore
1048 2104 1180 2136 Civitatis
1195 2113 1267 2142 prae-

210 2158 315 2196 dicht,
334 2158 367 2187 δε
387 2151 532 2185 Wllielmo
546 2154 700 2190 Faryugton
721 2146 856 2179 Chivaler
871 2169 882 2186 ‚
907 2143 1126 2176 Constabulario
1140 2143 1266 2180 ejusdem

147 2186 154 2194 ο
209 2196 354 2233 Civitatis,
372 2190 567 2232 impetierit&
579 2185 747 2220 accusaverit
761 2188 935 2216 Bertramum
948 2182 1263 2223 Usana,Mercatorem

206 2236 241 2268 &
256 2233 424 2272 Burgensem
436 2230 565 2261 Civitatis
577 2226 740 2266 praedierae,
756 2224 836 2256 deeo
846 2223 924 2263 quod
935 2223 1012 2254 idem
1020 2222 1178 2254 Bertramus
1186 2230 1265 2259 quae-

206 2275 275 2305 dam
292 2272 370 2304 Mala
382 2270 494 2307 Verba,
511 2267 598 2306 Nos,
621 2267 658 2306 ὃς
677 2262 826 2295 Coronam
849 2261 998 2300 nostram,
1014 2271 1047 2292 ac
1070 2259 1192 2291 Patriam
1210 2269 1265 2290 no-

207 2313 293 2345 stram
311 2309 506 2350 Aquitanniae,
525 2307 559 2339 δε
583 2304 733 2343 praeiertim
754 2301 859 2332 distam
875 2300 1032 2331 Civitatem
1051 2297 1180 2330 nostram
1193 2296 1264 2330 Bur·

208 2352 343 2389 degaliae,
362 2349 464 2379 intime
477 2343 693 2380 concernentia,
709 2338 807 2370 dixiffe
826 2335 978 2378 debueiat,

244 2390 287 2420 Ac
299 2386 494 2426 postmodum,
502 2383 600 2414 habito
616 2378 751 2412 Processu
760 2379 806 2416 ,in
814 2378 867 2408 hac
877 2386 952 2416 parte
962 2400 971 2415 ,
980 2378 1008 2406 in
1018 2375 1107 2407 Curia
1114 2374 1263 2415 praedicti,

208 2430 282 2460 inter
298 2428 392 2457 Partes
404 2424 567 2462 praediiias,
586 2422 616 2450 in
632 2417 739 2449 Forma
747 2416 877 2456 Juris,in
894 2416 991 2447 endem
1002 2413 1107 2453 Curia,
1124 2414 1262 2453 pei-Duo-

208 2467 301 2497 decini
319 2464 430 2496 Menses
441 2463 500 2500 jam
513 2459 635 2498 elapsos,
652 2456 858 2499 consideratum
871 2454 963 2484 fuiffet
980 2453 1055 2492 quod
1071 2452 1207 2484 Duellum
1220 2455 1264 2484 in-

210 2513 252 2536 ter
268 2506 360 2534 Partes
376 2501 522 2540 predictas
538 2508 572 2530 ex
593 2496 675 2528 causa
695 2493 838 2524 Praemissa
859 2493 1004 2523 haberetur
1020 2514 1030 2530 ,
1053 2491 1186 2530 quodque
1201 2492 1261 2523 dies

210 2543 244 2574 &
259 2543 336 2572 locus·
349 2542 387 2571 ei:
401 2539 479 2577 super
495 2539 551 2568 hoc
566 2535 779 2574 assignarentur,

249 2580 304 2618 Et,
323 2581 387 2610 licet
400 2578 528 2616 praefatus
540 2575 680 2614 Joliannes
694 2580 764 2609 νος,
782 2569 898 2608 praefate
913 2566 1083 2606 Senescalle,
1099 2566 1200 2608 saepius
1219 2578 1263 2598 re-

209 2620 331 2658 quisierit
346 2618 421 2656 quod
438 2613 664 2652 eidemJohanni
677 2620 710 2641 ac
726 2609 843 2647 praefato
864 2608 1008 2639 Bertramo
1027 2615 1120 2636 certos
1133 2607 1211 2636 diem
1228 2607 1261 2637 &

210 2658 329 2694 locum,
342 2658 415 2695 juxta
430 2652 681 2684 considerationem
696 2646 860 2686 praeditstam
871 2669 881 2684 ‚
898 2646 976 2684 super
993 2645 1051 2674 hoc
1072 2644 1266 2683 assignaretis,

210 2707 262 2727 vos
278 2705 370 2726 tamen
386 2690 544 2732 hujusmodi
559 2690 636 2720 diem
651 2689 682 2719 &
699 2688 796 2716 locum
811 2685 941 2715 Partibus
956 2682 1112 2722 praedietis,
1122 2683 1200 2720 jrntta
1210 2682 1264 2720 Ju-

210 2738 245 2765 ris
262 2734 453 2770 exigentiam,
478 2728 619 2766 hucusque
636 2726 771 2763 assignare
789 2722 948 2760 denegastis
963 2744 973 2760 ,
999 2722 1031 2752 &
1046 2721 1137 2758 ipsum
1156 2721 1265 2758 Johan-

212 2783 280 2804 nem
294 2782 327 2802 ex
343 2772 397 2801 hac
410 2769 493 2801 causa
509 2766 698 2804 multipliciter
721 2763 868 2801 inquietari
891 2761 924 2792 &
944 2758 1084 2790 molestari
1107 2759 1263 2796 fecistis-‚in

213 2812 294 2850 ipsius
302 2811 440 2850 johannis
454 2808 620 2845 Dainpnum
637 2813 696 2834 non
712 2801 860 2832 modicum
875 2800 908 2831 &
923 2798 1085 2828 Gravamen
1095 2820 1105 2836 ,

251 2851 277 2880 A
296 2850 394 2888 quibus
410 2847 523 2886 quidem
534 2843 655 2884 Justitiae
676 2840 890 2878 Denegatione,
908 2836 1110 2874 Inquietatione
1143 2836 1177 2867 &
1191 2835 1263 2866 Mo-

213 2888 374 2925 lestatione,
390 2896 422 2917 ac
437 2886 494 2916 aliis
506 2881 729 2914 Gravamiiii'ous
743 2880 794 2909 sibi
807 2879 835 2907 iri
851 2877 903 2906 iiac
917 2883 1012 2917 parte,
1027 2883 1058 2904 ut
1077 2858 1185 2912 arserit,
1204 2874 1263 2905 illa-

214 2929 265 2964 tis,
280 2928 314 2957 ad
332 2927 398 2957 Nos
414 2925 447 2955 δε
462 2921 644 2955 Audientiam
659 2918 784 2949 nostram
798 2915 946 2955 appellavit
959 2936 969 2952 ,
996 2917 1062 2943 licut
1085 2922 1132 2950 per
1157 2911 1264 2943 Instru-

215 2974 342 2997 mentum
357 2963 508 2995 Publicum
517 2983 527 2999 ,
542 2960 621 2997 super
633 2959 690 2988 hoc
712 2955 880 2987 confectum
896 2975 907 2991 ,
932 2954 965 2984 &
988 2952 1072 2982 nobis
1087 2950 1262 2990 exhibitum,

213 3004 323 3042 plenius
337 3003 437 3041 poterit
452 3009 583 3038 apparere
592 3021 601 3036 ,

249 3044 348 3082 (Quam
371 3040 484 3079 quidem
518 3036 745 3074 Appen-ationem
768 3030 897 3070 praefatus
915 3029 1059 3068 johannes
1073 3050 1083 3066 ,
1106 3034 1136 3058 ut
1156 3027 1266 3066 afferit,

212 3082 340 3120 prosequi
356 3077 476 3110 intendit
492 3086 560 3107 curn
575 3072 681 3105 effectu
691 3095 700 3110 ,
759 3110 763 3114 ι
1067 3104 1071 3109 .

251 3119 289 3150 Et
304 3119 403 3149 Nobis
413 3114 575 3154 supplicavit
588 3121 617 3143 ut
631 3112 658 3141 ei
669 3108 792 3150 Justitiae
804 3105 1049 3145 complementum
1064 3114 1094 3134 in
1113 3103 1167 3135 hac
1183 3113 1261 3143 parte

214 3157 273 3189 fieri
290 3156 424 3188 'uberedi

252 3168 317 3227 NJos
336 3195 433 3234 (Supp
444 3191 557 3223 icationi
569 3187 714 3228 praedierae
725 3183 893 3252 annuentes&
909 3183 991 3213 vobis
1006 3180 1196 3220 Mandamus,
1219 3181 1265 3211 fir-

215 3237 298 3265 miter
311 3235 506 3272 injungentes,
524 3227 599 3267 quod
613 3230 673 3258 tam
689 3224 860 3263 praedictum
894 3230 1049 3252 ertramum
1069 3243 1079 3258 ,
1103 3221 1133 3250 in
1148 3221 1265 3258 propriis

216 3273 345 3304 Personis
359 3271 410 3302 suis
418 3294 427 3309 ,
445 3270 557 3306 venire,
573 3274 688 3296 necnon
701 3262 914 3300 Imperitionem
925 3261 958 3291 &
967 3257 1184 3290 Accusationem
1193 3268 1265 3296 praa-

217 3311 305 3343 dietas
314 3334 323 3349 ,
341 3319 410 3340 curn
422 3308 558 3340 omnibus
572 3315 604 3335 ea
616 3302 797 3339 tangentibus
810 3323 820 3338 ,
838 3300 913 3330 mitti
935 3297 1020 3328 facias
1040 3306 1138 3327 coram
1152 3296 1265 3335 Nobis,

219 3352 248 3381 in
262 3349 377 3387 propria
390 3346 508 3378 Persona
520 3343 630 3380 nostra,
646 3343 714 3372 citra
728 3339 841 3369 Festum
854 3337 948 3368 Sanciti
964 3334 1113 3366 Michaelis
1129 3336 1263 3372 proximo

218 3390 345 3421 futurum
358 3384 392 3416 ad
402 3386 531 3415 ultimum
540 3405 549 3420 ,
566 3382 615 3412 sub
629 3377 830 3416 Sigillolvestro
838 3386 889 3406 vos
903 3373 1015 3413 praefate
1024 3373 1192 3411 Senestalle,
1209 3373 1265 3404 sive

221 3425 306 3459 vestri
322 3424 438 3454 Locum
453 3419 651 3458 tenentis,una
667 3426 736 3447 cum
749 3416 807 3446 hoc
817 3414 896 3445 Brevi
910 3435 915 3443 ,
928 3421 956 3444 ut
974 3411 1042 3442 Nos
1056 3411 1175 3450 justitiae
1182 3421 1266 3442 com-

219 3467 394 3507 plementum
404 3461 530 3491 Partibus
543 3456 684 3496 praedietis
690 3454 765 3493 super
777 3451 926 3483 Praemiffis
933 3450 992 3480 fieri
1000 3450 1097 3494 jubere
1105 3451 1244 3481 valeamus
1256 3461 1268 3489 3

258 3503 295 3534 Et
309 3503 366 3532 boc
376 3524 385 3538 ,
404 3499 453 3530 sub
467 3497 595 3529 Periculo
610 3493 806 3529 incumbenti,
823 3492 975 3521 nullatenus
989 3490 1131 3519 omittatis.

260 3541 350 3573 Teste
365 3539 447 3577 Rege
462 3536 535 3575 apud
555 3530 828 3574 Wstmonasterium,
845 3530 950 3560 octavo
965 3527 1010 3557 die
1024 3525 1107 3557 Maii.

896 3588 947 3615 Per
963 3586 1044 3623 ipsum
1062 3587 1165 3620 Regem.

466 3162 572 3183 aremur
578 3174 589 3188 ,

491 3722 513 3743 '⁶
537 3722 597 3752 Pro
618 3719 748 3750 Domino
771 3712 806 3746 de
832 3707 1002 3744 Brederode.

74 3782 207 3840 ΑἙἿΙῊ).
288 3810 312 3840 E
322 3810 368 3848 X,
385 3819 434 3846 per
450 3807 556 3837 Literas
567 3802 624 3833 suas
642 3799 790 3835 Patentes,
806 3796 922 3834 suscepit
936 3796 966 3824 in
981 3793 1083 3823 salvum
1098 3791 1271 3824 &securum

96 3849 182 3921 {¹407}-
226 3888 380 3918 sensionem
396 3886 450 3914 sias
464 3881 607 3921 speciales,
626 3876 809 3909 Carissimum
824 3872 1074 3905 Confimzuisseum
1090 3868 1194 3906 Regis,
1212 3868 1242 3906 J
1240 3879 1269 3896 ⁰·

306 3848 495 3877 Conduehim
509 3844 606 3880 suurn,
624 3840 700 3871 acin
716 3836 946 3871 Protee'tionem,
963 3832 1150 3867 Tuitioiiem,
1169 3829 1271 3860 &De-

227 3926 341 3955 han-fem
356 3927 497 3952 Dominum
510 3922 542 3951 de
556 3916 720 3953 Brederode,
738 3914 775 3944 de
790 3913 910 3951 paitibus
922 3908 1089 3944 Holandiae,
1103 3908 1174 3937 infra
1189 3905 1271 3943 Reg-

76 3948 163 3992 Frcfc,
185 3971 209 3996 7Δ
228 3974 297 3994 nuni
317 3962 403 3997 Regis
421 3960 547 3996 Angli-x,
564 3967 633 3988 cum
648 3954 759 3993 Viginti
774 3951 900 3982 Personi's
914 3947 1077 3985 EquitibuS,
1102 3947 1129 3974 iri
1144 3944 1270 3974 Comiti-

76 4006 110 4028 H.
132 4012 159 4036 4·
178 4011 214 4030 ff»-
227 4014 261 4033 va
277 4001 336 4035 sua,
354 3999 509 4035 veniendo,
524 3997 632 4027 ibidem
655 3990 810 4027 morando,
827 3990 861 4020 &
880 3986 981 4017 exinde
1001 3983 1091 4014 versus
1104 3983 1197 4013 Partes
1212 3982 1269 4013 suas

226 4041 346 4080 proprias
360 4036 500 4069 redeundo
508 4058 517 4074 ,
526 4043 640 4066 necnon
654 4031 730 4062 Bona
737 4053 747 4069 ,
755 4027 829 4066 Res,
836 4027 869 4058 &
876 4023 1009 4058 Hemesa
1016 4021 1269 4062 suaquaecumque,

621 126 1425 185 CONVENTIONES,

55 238 134 270 Anii.
150 235 191 266 D.
244 236 292 267 De
307 234 467 271 fidelitate,
484 227 580 263 dileffl
593 229 695 267 nobis,
712 224 1009 258 NicholaiBIal-bume
1025 223 1126 268 (nobis.
1135 230 1184 260 per
1191 227 1264 264 pra}-

60 275 170 350 Ηέΐοξ.
208 274 469 350 Σαὲξῗὶὲξίῃῖἓὲῗῑοιεε
480 280 539 309 proi
547 277 625 307 parte
640 267 749 300 Borean
761 267 793 297 in
807 265 862 298 hac
887 273 967 305 parte
990 261 1140 299 nominati)
1154 259 1264 298 plenius

1492 129 1877 181 LITERAE,

1327 215 1461 261 ,Proviso
1480 217 1586 257 semper
1610 218 1690 258 quod
1707 218 1785 250 idem
1802 216 1968 258 Johannes',
1993 218 2023 249 in
2035 214 2188 249 Praemiffis
2201 211 2357 251 faciendis,
2367 206 2443 239 Ams-
2459 204 2502 241 D·

1303 255 1393 299 nichil
1407 265 1455 299 per
1469 255 1513 295 se,
1530 258 1576 288 vel
1600 257 1663 289 suos
1685 256 1768 288 faciat
1787 257 1833 288 vel
1850 265 1997 295 attemptet
2014 267 2063 296 per
2077 256 2154 295 quod
2169 254 2358 292 DamPssums
2392 243 2478 286 ¹405⁴

1302 290 1510 338 PraeJudicum,
1524 296 1571 340 vel
1590 295 1755 340 Periculum
1778 296 1892 334 aliquod
1906 295 1985 336 Regi
1999 317 2009 333 ,
2037 303 2083 328 aut
2102 294 2206 335 Regno
2227 292 2295 331 suo,
2311 290 2357 323 seu
2373 289 2475 321 ΗΜΛ--

1302 330 1338 362 Li
1353 332 1586 408 ἓιεςειῗὲεεενδεέιέῐε
1599 343 1700 374 poterit
1715 334 1771 366 ullo
1785 334 1886 365 modo.

1373 408 1462 440 Teste
1474 394 1566 450 kege
1572 411 1647 450 apud
1663 410 1938 452 Wstmonasterium,
1956 418 2013 442 xxv
2030 410 2078 442 die
2092 409 2175 443 Maii.

1977 490 2032 518 Per
2050 487 2132 527 ipficm
2148 489 2252 525 Regem.

1620 609 1678 645 Pro
1700 608 1856 659 Tangus'do
1884 610 2022 656 chastell.

1304 692 1442 748 REX,
1456 703 1507 739 per
1521 694 1628 741 Literas
1641 696 1697 727 suas
1711 695 1841 728 Parentes
1876 697 1962 736 usque
1978 697 2094 729 Festum
2112 695 2278 728 Nativitatis
2293 694 2361 725 bea·
2379 698 2507 732 Ann,D,

1377 741 1415 763 tae
1434 734 1535 764 Manae
1550 744 1684 772 proximo
1697 720 1993 780 futurum-duraturas,
2018 736 2136 775 suscepit
2149 736 2180 766 in
2194 734 2300 766 salvum
2323 734 2359 765 ὃ(
2395 739 2482 777 1406.

1304 771 1431 814 securum
1448 770 1636 816 Conductum
1650 774 1749 812 suum,
1764 783 1797 804 ac
1821 784 1850 804 in
1866 774 2099 813 Protectionem,
2121 774 2309 810 Tuitionem,
2325 772 2359 803 &
2376 781 2429 806 An.
2445 787 2472 814 7.

1305 810 1511 855 Defensionem
1528 811 1586 855 suas
1598 812 1741 851 speciales,
1761 815 1870 853 Tanguy
1884 812 2004 851 chastell
2016 813 2053 844 de
2072 812 2212 844 Britannia
2224 812 2362 849 Armige-
2379 820 2442 845 lien.
2457 825 2486 851 4.

1304 859 1386 887 rum,
1404 846 1612 890 Prisonarium,
1630 850 1773 882 Carissimi
1787 851 1850 881 Filii
1864 850 1971 890 Regis,
1989 850 2131 889 Johannis
2145 851 2176 881 de
2191 850 2364 890 Lancastre,
2414 855 2479 884 lhid.

1303 898 1338 918 ac
1352 886 1480 932 Alanmp
1494 888 1694 928 Qatrehiewe
1706 912 1717 928 ,
1740 890 1773 920 &
1788 891 1927 919 Herneum
1951 888 2072 928 Poffi‘lyn
2088 912 2099 928 ,
2117 889 2268 921 Servientis
2281 889 2364 928 ipsius

1304 925 1487 973 Tanguyum
1503 927 1608 966 Regno
1634 928 1726 966 Regis
1746 928 1861 966 Angliae
1882 927 2052 967 existentes,
2079 927 2170 960 versus
2196 936 2285 966 partes
2303 927 2364 959 Bri-

1303 972 1420 1002 tanniae,
1438 972 1499 994 tam
1520 972 1570 1003 per
1588 967 1708 998 Terram
1721 990 1730 1005 ,
1756 977 1840 1006 quam
1862 977 1912 1005 per
1935 966 2017 998 Mare
2064 965 2091 997 se
2115 965 2303 1004 divertendo,
2327 966 2363 998 &-

1303 1001 1505 1041 Transeundo,
1522 1013 1636 1048 necnon
1651 1006 1797 1043 praefatos,
1816 1005 1940 1036 Alanum
1963 1005 1998 1036 &
2012 988 2166 1037 riemeum
2174 1029 2185 1045 ,
2208 1006 2239 1036 in
2251 1005 2364 1038 dietum

1304 1040 1447 1084 Regnum
1460 1041 1568 1085 Reg¹⁸³
1587 1053 1656 1088 cum
1673 1043 1885 1086 Redemptione
1897 1042 2021 1082 ejusdem
2037 1044 2183 1085 Tanguy,
2200 1053 2364 1083 penesprae-

1306 1078 1396 1110 fatum
1413 1078 1516 1109 Filium
1532 1080 1620 1120 Regis
1632 1082 1799 1120 deserenda,
1817 1084 1851 1114 &
1866 1081 2237 1122 eiiolvenda,Redeundo‚
2254 1083 2365 1116 ibidem

1305 1127 1341 1147 ex
1355 1118 1408 1149 hac
1425 1118 1503 1149 causa
1519 1119 1677 1158 morando,
1693 1121 1727 1162 βε
1744 1120 1779 1150 ad
1797 1120 1892 1152 Partes
1912 1121 1971 1152 suas
1984 1121 2134 1160 praedictas
2148 1121 2313 1162 redeundo,
2330 1131 2366 1155 ac

1306 1156 1366 1187 Res
1373 1180 1389 1203 2„
1402 1155 1519 1195 Equos,
1537 1159 1571 1189 &
1586 1158 1718 1189 I-lernelia
1733 1158 1778 1189 sua
1793 1169 2002 1197 quaecumque,

1327 1195 1426 1240 'Dum
1442 1205 1536 1240 tamen
1553 1197 1640 1228 iidem
1650 1220 1659 1235 ,
1680 1196 1822 1237 Tanguy,
1841 1196 1963 1235 Alanus,
1983 1199 2016 1229 &
2032 1198 2180 1240 Herneus,
2197 1199 2289 1239 aliqua
2303 1198 2366 1232 Re-

1304 1242 1336 1273 gi
1352 1257 1362 1273 ,
1392 1234 1436 1264 seu
1449 1234 1531 1280 dicto
1546 1234 1654 1279 Regno
1668 1235 1736 1276 suo,
1754 1235 1952 1274 praejudicialia
1976 1245 2037 1267 riori
2057 1237 2200 1278 deferant,
2216 1249 2270 1270 nec
2305 1240 2367 1270 uic-

1304 1282 1410 1317 quarn,
1426 1273 1502 1310 quod
1520 1284 1549 1303 in
1565 1273 1655 1305 Revis
1669 1283 1715 1306 aut
1730 1275 1884 1314 Ligeorum
1902 1274 2016 1305 suorum
2037 1273 2209 1315 Dampnum
2225 1278 2271 1308 vel
2313 1287 2366 1309 rae·

1301 1312 1443 1350 Judlcmm
1459 1312 1558 1343 cedere
1579 1298 1668 1344 vai'eat
1683 1337 1693 1352 ‚
1719 1314 1791 1344 infra
1815 1313 1893 1344 idem
1916 1313 2053 1353 Regnum
2069 1314 2159 1356 Regis
2174 1315 2296 1355 faciant,
2313 1325 2367 1348 nec

1306 1350 1399 1420 facIere
1416 1350 1461 1395 vel
1476 1359 1643 1422 attgecmptare
1658 1352 1826 1391 praesumant
1840 1353 1942 1391 quovis
1956 1352 2057 1383 modo.

1358 1400 1376 1420 n
1389 1398 1485 1428 Cujus,
1537 1399 1563 1420 c.

1378 1429 1468 1460 Teste
1482 1428 1568 1468 Rege
1580 1428 1655 1469 apud
1670 1428 1944 1470 W‘stmonaslerium,
1962 1429 2065 1461 Primo
2080 1430 2126 1462 die
2135 1429 2225 1470 Junii.

1981 1509 2035 1539 Per
2059 1506 2143 1548 ipfitm
2159 1509 2265 1547 Regem.

1599 1635 1649 1668 De
1668 1634 1775 1667 Litera
1793 1630 1912 1667 Cambii
1921 1631 2081 1678 facienda.

1311 1718 1392 1775 RE
1401 1719 1432 1751 X
1448 1718 1570 1765 philippo
1583 1719 1615 1749 de
1630 1717 1757 1763 All-‚ertit
1774 1717 1941 1749 Lumbardo
1952 1741 1964 1758 ,
1988 1718 2018 1749 in
2033 1717 2160 1750 civitate
2181 1716 2273 1758 Regis
2287 1716 2370 1750 Lon·
2387 1724 2456 1758 Am,
2475 1729 2508 1762 D

1386 1759 1480 1789 doniae
1495 1766 1705 1796 commoranti,
1724 1756 1860 1788 Salutem.
2406 1775 2419 1796 Ι
2444 1752 2483 1800 0'6
2510 1756 2517 1764 ⁶

1348 1798 1398 1830 Ut
1409 1798 1550 1838 quandam
1574 1796 1697 1828 Literam
1714 1794 1830 1826 Cambii
1853 1794 1946 1826 Sociis
1967 1795 2021 1827 tuis
2035 1819 2046 1834 ,
2069 1796 2100 1826 in
2115 1794 2245 1826 Partibus
2259 1793 2369 1826 Exteris
2386 1775 2443 1833 An4
2485 1794 2492 1800 '

1310 1836 1576 1874 commorantibus,
1591 1835 1627 1866 de
1643 1833 1767 1865 Duobus
1782 1833 1903 1864 Milibus
1923 1834 1957 1865 &
1973 1834 2150 1872 Qingentis
2164 1833 2273 1865 Marcis
2308 1832 2369 1864 Ve-
2387 1847 2416 1870 H
2433 1828 2438 1834 ’
2455 1817 2482 1844 7’

1311 1876 1429 1920 nerabili
1442 1876 1471 1905 in
1486 1874 1603 1905 Christo
1614 1871 1699 1917 *Patri
1713 1895 1723 1911 ‚
1749 1875 1789 1902 H.
1814 1871 1957 1941 Episcopo
1971 1872 2128 1902 Bathonien
2164 1871 2204 1908 ὠ·
2227 1855 2370 1912 ΜῖἱεηΙὶ,
2388 1857 2475 1922 ςὶῶἶ

1310 1916 1356 1946 seu
1370 1925 1428 1953 ejus
1442 1912 1676 1945 Procuratoribus
1691 1934 1701 1950 ,
1725 1920 1779 1949 pro
1800 1909 1905 1941 Primis
1946 1911 2082 1942 metabus
2129 1909 2290 1949 piscopatsss
2303 1909 2370 1942 Du·
2388 1928 2417 1953 Η
2467 1909 2474 1917 ‘
2490 1896 2517 1924 ⁷⁸

1309 1953 1479 1990 nolmensis,
1498 1953 1528 1982 in
1542 1951 1666 1989 partibus
1681 1949 1822 1987 praedietis
1836 1948 1994 1988 solvendis,
2010 1949 2090 1980 licite
2103 1948 2195 1980 facere
2207 1949 2311 1988 valeas,
2319 1948 2370 1981 Li·
2417 1944 2423 1950 ’
2439 1935 2471 1961 4⁶

1309 1993 1434 2025 centiam
1447 1991 1519 2029 tibi,
1537 1990 1655 2020 Tenore
1670 1988 1876 2026 Praesentium,
1894 1987 2026 2019 duximus
2042 1986 2290 2028 Concedendam3
2388 1973 2425 1993 m'
2446 1972 2491 2000 ις’

1347 2031 1432 2062 Dum
1453 2038 1548 2061 tamen
1570 2028 1678 2058 Aurum
1715 2026 1879 2066 raedietum,
1906 2026 1952 2057 seu
1963 2025 2079 2065 aliquod
2098 2026 2172 2057 aliud
2194 2025 2308 2058 Aurum
2323 2027 2370 2058 vel

1307 2070 1489 2109 Argentum,
1503 2068 1533 2097 in
1550 2065 1644 2097 Maffa
1659 2075 1694 2096 ve
1727 2064 1866 2104 Moneta,
1889 2064 1987 2096 colore
2008 2064 2150 2103 praesentis
2166 2064 2298 2097 Mandati
2313 2075 2367 2097 no-

1307 2109 1372 2147 stri,
1389 2116 1450 2138 non
1458 2105 1639 2144 transmittas,
1657 2104 1701 2135 seu
1709 2103 1856 2135 transmitti
1865 2102 1966 2142 facias,
1984 2103 2035 2135 sub
2043 2103 2370 2144 Forisfacturaejusdern,

1344 2145 1435 2180 Teste
1449 2145 1536 2185 Rege
1549 2143 1622 2186 apud
1638 2141 1898 2184 Wstmonasterium
1906 2165 1917 2181 ,
1933 2141 2043 2175 octavo
2056 2141 2104 2174 die
2113 2141 2132 2183 J
2134 2151 2203 2175 unu

2044 2202 2099 2233 Per
2117 2201 2202 2241 iplt'em
2218 2205 2326 2244 Regemi

1572 2334 1593 2355 at
1616 2335 1676 2366 Pro
1694 2330 1833 2378 Expensts
1849 2328 1982 2376 Hospitii
2002 2329 2099 2376 Regis.
2357 2369 2361 2372 ,
2384 2349 2500 2383 evm,

1306 2418 1392 2473 RE
1402 2417 1433 2449 X
1449 2416 1612 2458 Omnibus,
1631 2417 1666 2449 ad
1682 2426 1770 2457 quos,
1788 2416 1849 2448 &c.
1866 2413 2002 2447 Salutem4
2397 2399 2465 2427 442·

1403 2457 1502 2488 Sciatis
1515 2458 1595 2498 quod
1611 2456 1832 2494 assignavimus,
1851 2464 1905 2493 pro
1919 2451 2183 2492 ExpenfisHospitii
2197 2449 2285 2481 nostri
2307 2448 2365 2481 Bo-
2383 2453 2461 2487 Am,-
2473 2455 2517 2488 D,

1304 2510 1339 2530 na
1355 2498 1389 2528 ὃ(
1404 2495 1530 2535 Catalla,
1550 2506 1615 2535 quae
1631 2493 1744 2526 fuerunt
1757 2495 1869 2524 Ricardi
1883 2493 1908 2523 le
1920 2495 2025 2536 .S‘'⁷.⁰P2
2039 2498 2128 2528 nuper
2150 2472 2366 2533 Archiepiscopi
2415 2495 2501 2535 1406.

1304 2537 1453 2572 Eburum,
1471 2534 1504 2565 &
1527 2545 1592 2573 quae
1607 2558 1617 2572 ‚
1641 2533 1793 2564 occasione
1814 2530 1992 2562 Rebellioms
2013 2528 2094 2566 ipfius
2117 2526 2237 2558 Ricardi
2250 2550 2262 2566 ,
2285 2528 2368 2558 nobis
2386 2536 2440 2562 An,
2455 2537 2483 2571 7ss

1305 2576 1366 2606 sunt
1379 2572 1540 2611 forisfaeta‚
1556 2582 1588 2602 ac
1605 2572 1640 2602 de
1653 2570 1747 2601 valore
1764 2569 1876 2606 Viginti
1902 2567 2070 2606 Librarum,
2116 2575 2161 2597 uae
2177 2564 2249 2597 infra
2263 2565 2369 2604 Hospi-
2388 2576 2421 2600 H.
2447 2583 2477 2608 4,

1304 2614 1377 2644 tium
1393 2610 1477 2647 ipsius
1492 2620 1581 2649 nuper
1598 2608 1817 2646 Archiepiscopi
1837 2606 1908 2647 apud
1923 2604 2098 2636 Westmona
2125 2605 2215 2635 crium
2230 2603 2369 2644 existunt,
2388 2615 2439 2640 Par
2452 2620 2478 2648 7⁴

1305 2652 1374 2682 sicut
1386 2658 1447 2691 'per
1464 2649 1604 2686 quandam
1627 2646 1840 2686 lnquifltionem
1854 2668 1864 2682 ,
1890 2653 1987 2675 coram
2009 2645 2092 2674 certis
2107 2642 2370 2674 Commiffionariis
2387 2655 2422 2678 H.
2436 2660 2464 2687 4.
2487 2658 2512 2689 p,

1304 2689 1424 2725 nostrss,
1442 2686 1520 2725 super
1535 2685 1668 2724 Johanne
1677 2684 1821 2723 Mqlham,
1827 2684 1887 2722 jam
1902 2682 1979 2714 tarde
1995 2680 2144 2713 Escaetore
2153 2680 2251 2713 nostro
2265 2680 2367 2713 inCo-
2388 2698 2457 2720 Μ),
2467 2690 2502 2718 28

1303 2729 1404 2758 mitatu
1420 2724 1613 2755 Middlesexiae
1624 2747 1633 2762 ,
1651 2732 1781 2761 captam,
1820 2722 1909 2752 lenius
1930 2728 2042 2759 apparet
2059 2729 2143 2759 prout
2158 2719 2368 2760 informamur,
2505 2711 2512 2719 ’

1342 2766 1378 2796 Et
1392 2763 1501 2794 ulterius
1515 2762 1714 2800 assignavimus
1732 2771 1790 2799 prae
1811 2760 1871 2791 icio
1884 2759 2019 2798 Hospitio
2033 2758 2150 2798 nostr0,
2165 2769 2219 2798 pro
2233 2758 2367 2797 Expensis

1302 2805 1442 2841 e'uldem,
1459 2802 1574 2832 Decem
1592 2802 1708 2839 Libras,
1734 2799 1832 2830 Nobis
1853 2799 1889 2829 de
1913 2798 2006 2828 Firma
2029 2797 2164 2828 Ecclesiae
2178 2798 2215 2828 de
2234 2797 2289 2828 Per
2329 2808 2364 2828 n-

1323 2841 1426 2874 estierst
1446 2841 1477 2870 in
1492 2839 1641 2870 Comitatu
1658 2838 1810 2877 Suffexiae,
1829 2837 1976 2868 occasione
1991 2836 2149 2873 Utlagariae
2163 2859 2175 2874 ,
2192 2837 2223 2865 in
2278 2846 2293 2865 o
2312 2847 2364 2866 an-

1302 2894 1363 2912 nem
1378 2879 1490 2920 Wellyr,
1509 2878 1659 2909 Personam
1673 2877 1797 2916 ejusdem
1811 2875 1963 2914 Ecclefiaeg,
1988 2874 2025 2904 de
2044 2874 2162 2906 Felonia
2174 2873 2234 2904 indi
2265 2882 2363 2914 atum,
2425 2904 2428 2907 ,

1303 2922 1338 2952 ad
1353 2920 1467 2950 Sectam
1482 2917 1607 2948 nostram
1622 2916 1825 2955 promulgatae,
1841 2915 1963 2952 debitas,

1342 2959 1387 2989 Ac
1405 2958 1489 2987 etiam
1512 2956 1636 2986 Firmam
1652 2955 1766 2986 Decem
1784 2953 1935 2983 Librarum
1953 2962 2003 2990 per
2021 2950 2157 2988 Annum,
2176 2949 2212 2982 de
2236 2949 2360 2984 Ecclesia

1304 2996 1457 3036 praedieta,
1474 3004 1527 3032 pro
1539 2993 1699 3032 hujusmodi
1716 2990 2008 3030 Expenfis,quamdiu
2024 2989 2125 3020 eadem
2143 2988 2239 3021 Firma
2254 2991 2285 3022 in
2301 2999 2363 3022 ma-

1304 3037 1387 3067 nibus
1403 3033 1504 3065 nostris
1519 3034 1601 3064 fuerit
1616 3042 1651 3063 ex
1669 3031 1758 3063 Cauta
1772 3030 1938 3068 supradicta.

1339 3074 1374 3105 In
1391 3075 1484 3111 cujus,
1502 3073 1564 3103 &c.

1378 3111 1468 3143 Teste
1485 3110 1572 3149 Rege
1586 3109 1662 3149 apud
1682 3105 1938 3149 Wstmonasterium
1950 3128 1960 3144 ,
1986 3105 2015 3135 ix
2031 3104 2078 3136 die
2092 3104 2180 3145 Junii.

1860 3185 1914 3214 Per
1931 3185 2024 3213 Breve
2040 3183 2072 3213 de
2085 3185 2207 3213 Privato
2223 3181 2325 3223 Sigmo.

1590 3314 1639 3345 De
1657 3308 1855 3358 Comparendo
1872 3321 1972 3344 coram
1989 3313 2077 3358 Rege.

2376 3391 2453 3424 Ann.
2468 3390 2509 3423 D.

1308 3398 1434 3455 REX
1453 3398 1630 3430 Vicecomiti
1643 3396 1774 3434 Kantiae,
1794 3395 1927 3427 Salutem.
2332 3431 2338 3438 .

2328 3442 2360 3462 in
2398 3432 2484 3470 1406.

1405 3437 1485 3469 Cum
1507 3447 1555 3475 per
1579 3437 1726 3467 Dominos
1746 3435 1933 3473 Temporalee
1950 3433 2046 3473 Regni
2068 3429 2157 3462 nostri
2179 3429 2294 3468 Angliae

1306 3476 1434 3520 praesetiti
1447 3476 1637 3520 Parliarnento
1656 3474 1756 3519 nostro
1777 3474 1941 3511 existentes,
1958 3472 1996 3515 de
2017 3470 2187 3501 avisamento
2207 3469 2242 3499 &
2255 3453 2360 3502 assensu
2378 3474 2433 3499 An.
2446 3480 2474 3507 7.

1306 3518 1427 3552 nostriS,
1444 3514 1616 3545 Ordinatum
1628 3513 1725 3544 existar
1737 3512 1813 3550 quod
1828 3512 2036 3547 proclamatio,
2052 3517 2103 3545 per
2115 3515 2211 3538 totum
2219 3507 2358 3547 Regnum
2376 3514 2412 3537 Η.
2425 3519 2454 3545 4.

1309 3556 1437 3588 nostrum
1453 3553 1581 3592 Angliae,
1599 3551 1714 3590 publice
1729 3551 1788 3590 fiat,
2376 3547 2463 3585 claus.
2481 3556 2506 3583 7.

1349 3592 1443 3633 Quod
1460 3594 1592 3622 Henricus
1605 3591 1638 3620 de
1654 3592 1736 3630 Percy
1749 3599 1838 3628 nuper
1855 3587 1965 3618 Comes
1977 3583 2211 3622 Northumbriae,
2227 3585 2261 3616 &
2287 3583 2359 3614 no-
2377 3590 2414 3614 Η.
2437 3596 2467 3622 4.

1311 3645 1368 3665 mas
1383 3630 1513 3669 Bardolfe
1524 3640 1610 3668 nuper
1625 3628 1771 3659 Dominus
1788 3629 1823 3658 de
1837 3623 1978 3669 Bardolfe,
1999 3624 2029 3653 iri
2044 3623 2163 3666 propriis
2173 3621 2300 3653 Personis
2306 3623 2359 3654 suis
2375 3623 2487 3653 m.8.ie.

1311 3679 1509 3718 compareant,
1528 3671 1561 3701 ὃς
1577 3667 1711 3711 reddant,
1729 3675 1826 3709 coram
1839 3664 1938 3706 Nobis
1951 3672 1980 3692 in
1994 3669 2105 3704 propria
2119 3659 2240 3708 lJersona
2247 3660 2357 3700 nostra,

1309 3699 2002 3787 3212&gffiffinffi§gnmfflffigssssssgdlffgggffi
2008 3698 2360 3776 fssssffamssssstffiufflznaa‘ff

1310 3797 1410 3818 mento
1425 3786 1560 3823 praedicto
1575 3784 1718 3814 declaratis
1732 3804 1742 3819 ,
1767 3782 1801 3812 &
1815 3778 1850 3809 ad
1874 3775 2011 3808 Standum
2032 3774 2128 3805 Recto
2142 3784 2240 3806 coram
2260 3775 2361 3810 Nobis

1308 3828 1342 3858 &
1358 3825 1475 3863 praefatis
1492 3823 1630 3854 Dominis
1646 3823 1676 3852 in
1692 3821 1745 3851 hac
1763 3825 1853 3856 parte,

1344 3864 1380 3894 Et
1398 3864 1418 3893 fi
1436 3862 1565 3900 praedie’ci
1580 3860 1724 3891 Henricus
1737 3857 1769 3887 &
1783 3855 1915 3885 Thomas
1928 3852 2151 3896 comparuerint,
2168 3853 2202 3885 δε
2224 3852 2251 3883 [ὲ
2264 3853 2358 3885 reddi-

1307 3902 1398 3933 derint
1413 3911 1510 3931 coram
1526 3900 1625 3931 Nobis
1647 3920 1657 3937 ,
1694 3899 1726 3927 in
1741 3895 1832 3924 forma
1836 3890 1982 3960 (praedic-ta
1992 3911 2003 3928 ,
2025 3898 2094 3921 tunc
2108 3891 2198 3923 iidem
2213 3890 2358 3924 Henricus

1307 3943 1341 3972 ὃς
1354 3940 1484 3970 Thomas
1511 3939 1562 3969 sub
1581 3936 1652 3967 salva
1671 3936 1704 3966 &
1725 3933 1816 3964 secura
1865 3927 1973 3973 ustodia
1986 3936 2144 3972 ponantur,
2160 3931 2304 3969 quousque
2319 3931 2356 3962 ad

1306 3978 1483 4016 Responsum
1500 3976 1581 4009 suum
1598 3974 1663 4006 inde
1681 3980 1779 4005 coram
1796 3968 1890 4001 Nobis
1908 3967 1942 4000 ὅ(
1961 3965 2082 4005 praefaus
2103 3966 2241 4000 Domini:
2258 3970 2356 4001 venire

1305 4017 1409 4058 poffint
1416 4038 1425 4053 ‚

2296 4042 2352 4083 Et,
