2562 4274
18 297 149 333 eman.

40 347 124 377 1434·

21 376 86 407 ileu.
105 376 133 402 6.

19 484 69 508 Aa.
86 489 111 505 2.

18 522 54 549 Ἡ.
71 518 98 544 6.

754 210 856 250 ΕΤ
939 207 1202 249 ACTA

218 386 310 428 Super
331 382 453 426 Nuptiis
478 384 564 428 Regis
587 383 704 421 Scotiae‚
729 383 759 410 in
783 379 875 411 Brevi
898 376 1148 410 Solemnizaizdis.

177 465 410 533 HESZid{.&C’
429 475 457 495 as
470 463 604 495 Tresorer
618 464 650 495 &
666 461 879 494 chamberleins
893 460 928 492 de
943 462 1037 493 nostre
1051 460 1231 498 Eschequier,

172 557 176 559 >
214 536 302 570 Nous
316 534 433 578 volons,
451 539 487 571 de
497 540 573 570 l’avis
586 539 619 570 &
633 539 717 570 assent
731 538 766 569 de
779 528 874 568 nostre
882 536 995 568 Conseil
1005 563 1014 575 ,
1031 538 1064 568 &
1073 546 1142 568 vous
1150 547 1231 566 man-

174 575 244 608 dons
258 589 314 618 que
328 589 361 618 a,
378 579 474 609 nostre
486 578 635 608 Treschier
649 577 755 607 Cousin
765 601 774 613 ,
790 577 889 615 James
906 579 960 616 Roy
982 577 1014 606 de
1032 580 1113 605 Scotz
1123 597 1132 612 ,
1150 575 1230 605 facez

172 615 271 647 liverer
284 617 361 656 Vynt
379 618 412 648 &
426 624 523 654 quatre
532 616 631 646 Livres
663 625 693 645 ur
709 626 747 646 un
756 615 833 654 Drap
847 615 937 653 d'Or,
954 625 969 645 a
982 615 1046 645 faire
1061 624 1112 652 pur
1129 613 1152 644 Ia
1163 614 1231 643 Vel-

173 662 234 686 ture
248 664 386 686 encontre
397 655 421 685 la
435 654 615 693 solempnitee
650 663 665 683 e
679 653 705 684 sa
721 653 865 693 Mariage,
882 663 937 693 que
960 653 985 684 se
1006 653 1076 683 ferra
1091 662 1127 683 en
1144 653 1233 690 brief,

172 703 188 723 a
202 695 283 724 avoir
298 694 334 724 de
354 692 448 723 nostre
461 692 564 722 Donn.

176 731 290 800 cngnz
315 732 376 763 &c⁵
399 741 418 761 a
446 729 588 770 Westmle
610 730 691 768 xxviij
708 729 780 768 Jour
799 729 834 760 de
852 729 974 768 Januer,
992 729 1075 767 l'Ati,
1098 730 1158 759 &c.
1185 728 1234 759 Se-

217 780 234 800 n
258 793 265 800 .

213 831 298 874 Dors.

213 882 335 923 Vicefimo
350 883 459 912 ostam
479 887 532 913 Die
550 882 703 922 Januarii,
731 878 817 913 Anno
850 882 963 916 ecundo,
990 875 1063 920 apicd
1077 880 1236 919 Westmona-

169 920 295 961 sterium,
315 921 461 961 Concefficm
470 922 532 960 fid?
548 923 622 962 qubd
629 921 688 961 fiat
705 923 803 950 Litera
834 920 868 950 ub
885 923 1003 950 Privato
1023 920 1131 959 sigillo,
1148 927 1179 950 ut
1193 924 1237 951 in-

175 959 226 998 srlz
237 963 316 998 paret
327 982 337 998 ,
348 962 399 998 pro
414 960 527 998 Jacobo
546 965 614 998 Rege
630 963 787 989 Scottorum.

597 1034 779 1075 Praesentibus
787 1057 796 1073 ,

219 1114 343 1146 Dominis

219 1154 305 1189 Duce
320 1139 525 1193 Gioucestriae,

219 1191 442 1230 Archiepiscopo
455 1191 663 1231 Cantuaricnfi,

223 1230 416 1261 Londonienfi
426 1254 436 1270 ‚

221 1269 422 1306 Wyntoniensi
429 1292 439 1308 ‚

222 1307 422 1345 Norwicenfi,

723 1118 763 1145 Et
781 1114 982 1155 Wygornienfi
992 1138 1001 1154 ‚

721 1154 854 1193 Episcopis
866 1177 875 1191 ‚

725 1192 842 1224 Comite
857 1192 1041 1230 VVarrwicae,

732 1230 911 1262 Cancellario
917 1254 926 1268 ,

731 1269 916 1299 Thesaurario
924 1291 933 1306 ,

741 1309 783 1337 Et
799 1306 925 1338 Custode
939 1306 1043 1337 Privati
1057 1305 1154 1347 Sigilli.

435 1436 528 1479 Super
547 1435 684 1480 Negotiis
707 1435 877 1465 Memorati
899 1435 995 1479 Regis.

41 1510 117 1555 Anu.
134 1522 173 1553 D.
193 1504 282 1580 RE
292 1518 338 1557 X,
355 1514 503 1550 Universis
519 1517 552 1550 δε
566 1517 674 1558 singulis
691 1517 861 1556 Admirallis,
880 1518 940 1549 &c.
959 1517 992 1547 ad
1009 1526 1097 1555 quOS,
1115 1516 1175 1547 ὅτε.
1198 1514 1247 1546 Sa—

70 1571 155 1601 1424.

42 1605 94 1629 ΑΗ.
111 1611 137 1629 2.

39 1640 74 1667 Ἠ.
91 1640 119 1666 6.

43 1684 99 1705 δεσι·
115 1687 140 1706 z.

45 1715 79 1742 Η.
94 1716 121 1743 6.

45 1764 80 1781 m.
97 1762 125 1788 5.

44 2096 166 2147 5X.322

274 1559 370 1593 lutem.

203 1632 209 1637 ι
231 1593 339 1628 Sciatis¹
360 1594 442 1639 uod,
524 1616 528 1619 1
675 1626 682 1638 b

229 1634 326 1671 Cum,
365 1634 509 1665 *ariiiimus
521 1630 752 1670 consanguineus
768 1631 878 1668 noster,
894 1631 1013 1669 Jacobus
1027 1633 1086 1660 Rex
1100 1634 1248 1660 Scottorum

192 1683 276 1714 penes
292 1672 457 1703 Concilium
472 1670 601 1701 nostrum
615 1670 680 1706 diu,
699 1680 765 1701 cum
779 1671 915 1707 frequenti
932 1669 1073 1708 instantia,
1092 1668 1251 1706 prosecutus

193 1714 275 1743 ruerit
317 1711 393 1748 uod,
416 1709 588 1740 Venerabilis
610 1707 693 1737 Pater
714 1731 723 1746 ,
747 1707 903 1738 Willielmus
922 1707 1062 1746 Epifispus
1083 1707 1251 1746 Glasguenis

193 1721 384 1781 Cancefiarius
404 1747 528 1785 Scotiae,
544 1756 578 1776 ac
598 1745 711 1783 quidam
731 1745 774 1775 alii
793 1747 828 1777 de
850 1746 954 1784 Regno
975 1747 1098 1783 Scotiae,
1117 1752 1201 1784 utque
1216 1747 1250 1777 ad

196 1789 362 1820 Numerum
387 1785 515 1816 Centum
544 1783 727 1814 Perionarum
755 1785 788 1815 &
811 1784 883 1814 infra
909 1784 1123 1823 (cujuscumque
1142 1782 1252 1823 Status,

194 1824 326 1863 Gradus,
345 1823 478 1861 Ordinis,
494 1822 664 1862 DignitatiS,
681 1821 725 1851 seu
740 1821 921 1853 Conditionis
936 1823 1051 1859 fuerint)
1072 1825 1102 1852 in
1116 1822 1249 1862 Regnum

194 1865 323 1896 nostruin
338 1860 469 1900 Angliae,
511 1898 516 1903 .
802 1872 809 1878 ⁴

231 1902 291 1933 Pro
308 1900 411 1931 Mediis
423 1909 455 1930 ac
470 1897 530 1928 Viis
545 1897 750 1928 rationabilibus
766 1898 798 1929 &
814 1897 954 1936 honestis,
974 1908 1026 1936 pro
1037 1898 1249 1930 Deliberatione

193 1940 277 1979 ipsius
291 1937 499 1977 Consanguinei
513 1935 619 1974 nostri,
636 1937 776 1974 etiamque
792 1936 868 1974 super
883 1937 940 1966 aliis
949 1937 1098 1976 Negotiis,
1117 1947 1250 1968 commo-

193 1981 278 2048 doricis
289 1976 428 2016 utriusque
442 1975 538 2015 Regni
560 1976 814 2014 concernentibus,
830 1975 998 2009 Tractandis
1020 1976 1052 2006 &
1074 1975 1249 2008 Communi-

195 2029 247 2050 can
271 2027 291 2048 is

228 2039 332 2089 Veni’re
347 2055 454 2087 valeant
468 2053 556 2085 libere
572 2054 605 2085 δε
621 2049 716 2093 quiete=
726 2077 736 2093 ,

231 2099 245 2128 Ἴ
264 2095 400 2132 Idemque
418 2094 557 2134 Epifiopus
573 2094 606 2123 &
629 2094 674 2123 alii
695 2092 822 2132 praediffi
839 2093 866 2124 ln
887 2092 1028 2131 Regnum
1043 2091 1172 2125 nostrum
1189 2094 1250 2126 An-

212 2132 274 2173 liae,
291 2133 483 2164 occasionibus
497 2131 655 2170 praemiffis,
675 2133 710 2162 de
730 2131 857 2163 Licentia
871 2132 966 2162 nostra
1002 2134 1146 2171 venerint,
1164 2134 1197 2164 δε
1211 2134 1248 2164 de

191 2139 322 2203 {viaterfis
337 2171 494 2211 prandistis,
515 2179 584 2200 cum
599 2171 681 2200 certis
696 2169 901 2200 Commiffariis
917 2155 1033 2209 nossriS‚
1051 2172 1124 2209 apud
1139 2171 1250 2203 Civita-

193 2219 254 2242 tem
269 2210 393 2240 nostram
416 2208 563 2246 Eborum,
581 2207 779 2239 Tracstaverint
799 2209 832 2240 ὃς
854 2209 1134 2248 Appunc'iuaverint,
1153 2211 1187 2241 &
1207 2211 1250 2241 su-

191 2259 241 2290 per
253 2249 339 2288 certi-s>
352 2247 502 2285 Articulis,
522 2246 665 2277 Praemiffa
679 2248 913 2278 concernentibus
922 2271 931 2285 ‚
947 2247 1212 2287 Concordaverint,

229 2287 274 2318 Ac
290 2287 365 2317 idem
387 2284 617 2324 Consanguineus
639 2284 733 2316 noster
754 2285 885 2316 desideret
907 2287 988 2324 quod
1009 2287 1087 2317 idem
1110 2287 1252 2327 Epifiopus

192 2335 277 2366 penes
293 2325 436 2364 Magnum
453 2323 622 2354 Concilium
631 2323 774 2360 nostrum,
789 2325 861 2363 apud
870 2323 1024 2356 Civitatem
1038 2325 1161 2355 nostram
1170 2326 1251 2356 Lon-

192 2364 303 2403 doniae,
324 2364 368 2395 vel
381 2363 462 2401 alibi,
480 2363 529 2406 ubi
542 2361 652 2392 dictum
665 2361 830 2394 Concilium
845 2362 973 2394 nostrum
987 2363 1084 2402 fuerit,
1103 2363 1180 2402 super
1188 2366 1253 2403 qui-

194 2403 310 2434 busdam
322 2403 379 2432 aliis
393 2401 540 2438 Articulis,
558 2399 760 2431 Commodum
774 2401 911 2440 utriusque
931 2401 1030 2439 Regni
1049 2404 1252 2435 concernenti-

196 2443 249 2472 bus
286 2440 466 2472 Traz‘hturus
478 2441 512 2471 &
526 2438 798 2474 Communicaturus
811 2442 906 2471 venire
921 2440 1020 2479 poffit,

234 2463 303 2510 txios
318 2503 329 2518 ‚
351 2478 573 2509 consideratione
594 2476 828 2517 Praemissorum,
850 2480 883 2510 &
905 2479 939 2509 ad
961 2479 1121 2510 instantiam
1144 2481 1253 2518 praefati

195 2517 388 2558 Confinguinei
409 2516 508 2556 nostri,
527 2515 562 2545 de
584 2515 687 2546 aflensu
705 2515 831 2548 Concilii
851 2517 937 2547 nostri
953 2540 962 2554 ,
986 2518 1152 2557 suscepimus
1170 2518 1253 2559 ipffim

197 2556 352 2597 Epifiopum
371 2578 381 2593 ‚
399 2555 429 2585 in
450 2555 526 2585 dieta
548 2553 672 2585 Civitate
685 2553 818 2586 Eborum
829 2556 889 2594 jam
910 2555 1094 2593 existentem,
1112 2567 1196 2595 penes
1211 2558 1254 2587 di-

199 2595 278 2626 &um
292 2593 458 2624 Concilium
474 2592 618 2630 nostrum,
636 2593 709 2632 apud
730 2593 834 2624 dictam
855 2593 1009 2624 Civitatem
1031 2596 1157 2625 nostram
1173 2595 1255 2626 Lon-

198 2633 313 2672 doniae,
331 2633 374 2663 vel
386 2632 449 2662 alibi
465 2632 511 2662 ubi
533 2631 608 2662 idem
623 2630 789 2662 Concilium
807 2632 935 2662 nostrum
956 2633 1039 2664 fuerit
1073 2635 1254 2674 transeund0;

198 2671 305 2703 ibidem
321 2670 475 2707 morando,
491 2670 523 2700 &
536 2669 614 2708 super
629 2670 772 2708 praemissis
785 2671 953 2701 Traetando
973 2673 1007 2703 &
1057 2674 1256 2704 ommunican-

198 2710 238 2740 do
248 2733 256 2747 ,
274 2711 307 2742 ὃς
319 2709 420 2739 exinde
432 2708 466 2738 ad
480 2717 568 2748 partes
584 2709 724 2746 proprias,
742 2719 791 2747 per
804 2709 924 2739 Terram
933 2733 942 2747 ‚
959 2709 1004 2740 seu
1015 2720 1064 2750 per
1074 2711 1165 2748 Mare,
1185 2722 1254 2742 cum

201 2747 380 2778 Hominibus
393 2748 425 2778 &
443 2747 631 2777 Servientibus
647 2747 696 2777 suis
704 2770 714 2785 ,
733 2747 820 2785 usque
833 2748 866 2779 ad
878 2747 1039 2778 Numerum
1047 2749 1176 2788 Triginta
1190 2750 1257 2781 Per-

200 2786 351 2823 sonarum,
365 2787 399 2815 &
414 2785 484 2815 infra
499 2784 707 2823 (cujuscumque
721 2785 831 2821 Status,
851 2785 985 2824 Gradus,
1002 2786 1134 2825 Ordinis,
1154 2787 1257 2828 Digni-

199 2825 275 2861 tatis,
293 2823 338 2853 seu
355 2822 538 2853 Conditionis
552 2824 664 2861 fuerint)
685 2834 800 2854 necnon
817 2824 919 2864 Equis,
940 2824 1039 2863 Bonis,
1057 2826 1091 2856 &
1112 2826 1257 2857 Hemesiis

200 2863 252 2893 suis
267 2860 504 2900 quibuscumque,
525 2862 626 2904 absque
647 2862 853 2899 impedimento
874 2864 918 2892 vel
938 2863 1102 2894 arestatione
1119 2875 1258 2904 quacum-

200 2911 258 2942 que
277 2900 425 2939 Marquae,
443 2899 620 2937 Reprisaliae,
638 2899 752 2937 Debui,
769 2900 926 2939 Compoti,
943 2901 987 2931 (eu
1005 2902 1113 2933 alterius
1134 2904 1259 2935 Contra-

204 2938 269 2970 &sis
282 2940 500 2976 cujuscumque,
517 2937 661 2967 redeundo
673 2959 682 2974 ,
701 2939 730 2966 in
744 2938 859 2969 Salvum
879 2939 911 2969 &
926 2939 1054 2970 securum
1068 2940 1258 2973 Conductum

204 2977 349 3016 nostrum,
367 2987 399 3006 ac
421 2977 450 3005 in
467 2974 697 3013 Protectionem‚
716 2975 905 3014 Tuitionem,
922 2978 955 3007 ὃς
979 2977 1184 3010 Defenlionem
1206 2991 1260 3012 no-

204 3016 272 3046 stras
287 3014 428 3054 speciales,

242 3053 280 3084 Et
294 3054 361 3084 ideo
375 3054 458 3084 vobis
474 3051 645 3083 Mandamus
654 3076 662 3090 ,
671 3052 730 3083 &c

241 3091 318 3122 Non
333 3092 500 3130 inferentes,
518 3093 579 3123 &c.

241 3129 281 3160 Et
297 3130 316 3160 si
331 3130 415 3169 quid,
431 3130 491 3160 δίε.
858 3161 860 3163 ,

242 3167 384 3198 Nolentes
398 3176 491 3198 autem
504 3168 581 3198 hunc
595 3168 725 3199 nostrum
741 3168 845 3200 fizlvum
854 3169 1039 3200 ConduCtum
1049 3194 1057 3209 ‚
1078 3171 1197 3202 Delic‘io
1212 3173 1261 3202 :ili²

205 3207 285 3244 cujus
307 3205 436 3250 Personnae
472 3205 568 3249 secum
589 3207 742 3246 existentis,
759 3208 894 3248 infringi,
913 3209 949 3239 set
972 3210 1159 3249 Delinquens,
1177 3220 1260 3250 prout

201 3245 309 3285 justum
326 3245 426 3282 fuerit,
444 3229 595 3281 puniatur,

244 3283 275 3314 Si
288 3285 359 3314 vero
371 3306 380 3321 ,
399 3282 469 3312 infra
485 3290 594 3325 tempus
608 3281 772 3314 Durationis
787 3285 924 3320 praesentis
939 3285 1026 3316 nostri
1044 3286 1118 3317 Salvi
1134 3286 1257 3318 Condu-

205 3319 298 3365 this„
314 3322 456 3359 contingat
478 3320 645 3363 praedicitum
666 3321 834 3360 Epifiopum,
852 3324 897 3354 vel
916 3325 1057 3362 aliquem,
1075 3326 1120 3356 seu
1138 3327 1260 3366 aliquos,

202 3358 371 3389 Hominum
386 3360 418 3389 6:
432 3358 609 3388 SerVientum
623 3359 737 3389 suorum
752 3361 972 3400 praedi&orum‚
990 3373 1023 3393 ex
1039 3363 1176 3402 Corporis
1196 3375 1259 3404 gra-

203 3399 288 3429 vitate
298 3397 344 3427 seu
358 3396 521 3427 Infirmi-ate
535 3395 653 3427 detineri
672 3398 760 3435 (quod
774 3399 852 3433 abfit)
870 3401 1002 3431 volumus
1019 3403 1096 3439 quod
1112 3403 1186 3433 idem
1208 3414 1260 3434 no-

205 3436 260 3466 ster
276 3434 444 3465 Condutfims
467 3435 497 3464 in
519 3435 654 3465 omnibus
669 3436 768 3479 'illaesus
787 3436 907 3467 servetur
929 3440 961 3469 δε
982 3441 1104 3479 integer,
1122 3442 1208 3480 usque
1225 3442 1261 3473 ad

205 3474 342 3544 lMensem
355 3473 505 3513 postquam
520 3473 555 3503 de
567 3472 731 3505 Infirmitate
746 3474 792 3505 sua
806 3475 886 3512 plene
908 3477 1082 3510 convaluerit
1097 3480 1142 3511 vel
1155 3491 1261 3513 conva-

218 3516 321 3551 neunt,

245 3551 365 3582 Proviso
380 3550 485 3591 semper
505 3550 582 3590 quod
603 3550 748 3588 praedistus
764 3553 817 3590 Epi
832 3560 920 3590 copus,
936 3562 969 3583 ac
994 3552 1134 3587 Homines
1148 3558 1181 3588 ὃ(
1197 3557 1261 3588 Ser-

208 3592 315 3622 vientes
329 3589 366 3620 sui
381 3589 525 3630 praedicti,
543 3590 656 3620 bene&
670 3588 786 3620 honeste
811 3602 827 3621 e
841 3592 958 3622 habeant
972 3593 1107 3631 &gerant
1123 3605 1186 3634 erga
1194 3596 1262 3627 Nos

209 3629 243 3665 δε
257 3629 401 3668 Populum
410 3627 605 3670 nostrumL&
622 3628 776 3665 quicquam
789 3651 799 3667 ,
815 3630 892 3666 quod
908 3631 937 3659 in
951 3630 1038 3660 nostri
1051 3631 1096 3661 seu
1105 3632 1262 3673 Populino-

209 3666 259 3696 stri
271 3667 427 3707 dampnum
442 3667 486 3697 vel
503 3665 696 3705 praeiudicium
714 3667 813 3697 cedere
828 3667 931 3706 valeat,
949 3678 1008 3699 non
1030 3679 1197 3710 attemptent
1215 3681 1261 3703 aut

209 3704 302 3735 facere
315 3706 360 3735 vel
373 3713 535 3742 attemptare
571 3704 733 3742 raesumant3

247 3741 286 3772 lta
309 3751 402 3786 tamen
426 3743 506 3781 quod
526 3744 534 3772 i
555 3752 601 3772 em
628 3741 783 3780 Episcopus
803 3743 948 3781 praesentes
973 3746 1079 3777 Literas
1103 3747 1209 3778 nostras
1227 3747 1262 3780 de

209 3780 295 3811 Salvo
311 3780 482 3823 Conductu,
500 3790 562 3812 ante
574 3782 721 3811 introitum
737 3781 781 3811 vel
791 3783 820 3811 in
835 3784 909 3814 exitu
923 3784 972 3814 suo
991 3786 1137 3823 cujussibet
1155 3786 1263 3817 Civita-

210 3828 272 3850 tum
288 3842 298 3855 ,
321 3817 455 3849 Villarum
477 3820 666 3857 firmatarum,
690 3818 856 3850 Castrorum
870 3844 880 3859 ‚
904 3823 937 3853 &
959 3823 1076 3854 aliorum
1102 3825 1263 3856 Fortalitio-

210 3866 275 3887 rum
291 3855 470 3895 nostrorum,
490 3858 666 3896 Majoribus,
685 3857 812 3895 Ballivis,
827 3857 1004 3898 Capitaneis,
1021 3862 1068 3892 seu
1089 3862 1263 3895 Custodibus

209 3894 377 3936 eorumdem
390 3895 581 3935 demonstret,
600 3897 619 3926 si
634 3897 711 3933 super
723 3896 781 3926 hoc
798 3897 881 3927 fuerit
894 3899 1042 3937 requisitus.

211 3970 229 4002 d
247 3932 280 3962 In
296 3941 389 3970 cuim,
409 3932 469 3963 &c.
485 3934 570 3972 usque
586 3936 620 3965 ad
635 3934 767 3965 Primum
782 3933 872 3965 Diem
887 3935 961 3967 Maii
981 3940 1115 3974 proximo
1136 3940 1264 3972 futurum

232 3979 360 4000 uraturas.

246 4008 337 4040 Teste
350 4007 437 4046 Rege
450 4009 523 4049 apud
541 4011 795 4051 Westmonasterium
804 4034 813 4050 ‚
833 4012 947 4052 Quinto
961 4012 1004 4043 die
1020 4014 1169 4047 Februarii.

265 4124 337 4154 Tem,
357 4125 403 4153 IV,
427 4125 460 4153 p,
480 4126 529 4153 IV
885 4091 937 4119 Per
955 4089 1104 4122 Concilium.

1262 205 1723 247 PUBLICA.

2246 216 2324 256 107

1270 376 1319 407 De
1341 377 1467 407 Summa
1497 385 1611 406 10000
1638 377 1693 407 M,
1719 377 1924 415 aurearum,
1961 377 2032 417 Regi
2056 375 2170 413 i‘cotioe,
2204 369 2326 413 coifide-

1447 425 1560 454 ratione
1585 425 1784 454 sllairimonii
1803 423 1940 466 prasini,
1967 418 2154 453 Relizxanda.

2342 286 2416 316 Ann.
2432 285 2471 314 D.

2362 333 2447 362 ¹424·

2341 368 2393 390 Heri
2422 370 2448 389 0.

1271 508 1465 559 HEnricus,
1483 506 1542 536 &c
1562 505 1721 536 Venerabili
1734 507 1763 535 in
1781 504 1898 535 Christo
1914 505 2005 542 Patri,
2024 504 2145 543 Episcopo
2162 497 2326 534 Dunolmen'-
2342 508 2393 533 An.
2412 514 2437 531 2.

1337 544 1363 584 fi
1371 568 1379 582 ,
1398 544 1572 574 Cancellario
1588 545 1706 582 nostro,
1723 544 1855 574 Salutem.

1309 581 1388 612 Cum
1403 591 1490 620 nuper
1499 603 1508 619 ,

2344 548 2378 571 H.
2392 544 2420 570 6.

2341 585 2413 609 Penes

1309 620 1481 657 lnquodam
1494 619 1648 658 Traiiatu,
1665 620 1761 650 habito
1774 619 1809 649 de
1821 619 1853 650 &
1866 619 1943 658 super
1959 619 2138 649 Liberatione
2156 617 2231 648 finali
2246 615 2326 647 caris-
2344 620 2412 647 cler.

1273 655 1332 688 simi
1347 658 1552 701 Consanguinei
1568 658 1654 688 nostri
1662 658 1763 696 Jacobi
1775 661 1851 694 Regis
1860 660 2009 694 Scotorum,
2028 660 2099 686 inter
2112 665 2203 686 certos
2216 655 2328 686 nostros
2345 657 2405 685 Pell.

1273 695 1486 727 Commill'arios
1500 705 1534 725 ex
1549 707 1603 727 una
1616 705 1707 733 parte,
1725 705 1758 725 ac
1771 696 1989 725 Ambaffiatores
2003 695 2151 732 quosdam,
2168 704 2220 731 pro
2242 695 2276 724 &
2293 701 2328 722 ex

1274 744 1350 771 parte
1364 734 1587 801 RegrliiScotiae,
1605 734 1639 764 ad
1652 734 1789 773 Regnum
1805 733 1936 763 nostrum
1952 733 2062 771 Angliae
2075 742 2188 770 propter
2201 741 2233 762 ea
2246 731 2330 762 desti-

1274 781 1353 803 natos
1369 782 1402 803 ex
1419 782 1433 801 a
1445 780 1497 802 tera

1312 810 1360 840 De
1376 794 1556 840 Avit‘arneiito
1572 809 1697 841 Concilii
1716 808 1820 847 nostri,
1839 810 1911 839 inter
1931 817 2044 846 ecetera,
2061 807 2279 838 Concordatum
2298 806 2331 837 fit

1275 848 1308 879 &
1332 848 1563 887 Appunuuatum
1584 849 1664 886 quod
1688 847 1818 886 praefatus
1836 847 1956 885 Jacobus
1979 850 2056 883 Rex,
2078 846 2265 882 Haeredesve‚
2282 853 2331 875 aut

1275 887 1453 917 Succeffores
1467 886 1521 923 sui,
1541 885 1695 916 Scotorum
1711 885 1822 923 Reges,
1841 886 1915 914 bene
1929 886 1962 915 ὃς
1976 884 2091 914 fideliter
2101 884 2207 921 solvet,
2224 883 2269 913 seu
2277 883 2330 912 sol-

1278 934 1362 962 vent,
1381 924 1495 962 Nobis,
1513 923 1648 954 nostrisve
1674 923 1844 954 Haeredibus
1862 923 1907 953 seu
1927 922 2139 953 Successoribus
2157 922 2271 959 nostris,
2288 928 2336 951 aut

1279 972 1381 994 eorum
1396 962 1544 1000 Deputatis
1558 962 1602 992 seu
1621 962 1814 998 Deputandis,

1316 999 1350 1032 In
1366 1000 1490 1031 Ecclesia
1504 1000 1602 1030 Sancti
1623 999 1701 1031 Pauli
1725 999 1902 1036 Londoniae,
1920 999 1950 1028 in
1965 998 2070 1037 Regno
2087 997 2184 1028 nostro
2206 996 2336 1034 Angliae,

1277 1049 1331 1077 pro
1345 1039 1509 1077 Sumptibus
1524 1039 1557 1069 ὃ(
1573 1038 1705 1076 Expensis
1720 1038 1827 1075 praefati
1841 1036 1944 1075 Jacobi
1964 1040 2041 1074 Regis
2056 1037 2097 1067 ‚de
2112 1044 2258 1073 tempore,
2275 1044 2335 1074 quo

1279 1078 1353 1108 stetit
1369 1079 1396 1107 in
1411 1077 1517 1114 Regno
1531 1076 1633 1106 nostro
1649 1076 1758 1115 Angliae
1776 1077 1808 1106 &
1828 1077 1891 1106 alibi
1906 1077 1935 1105 in
1955 1076 2050 1105 nostra
2068 1076 2101 1106 &
2116 1074 2334 1113 progenitorum

1279 1116 1441 1149 nostrorum
1455 1115 1601 1146 Praesentia
1613 1137 1622 1152 ,
1637 1115 1669 1146 ὃς
1682 1116 1766 1146 etiam
1783 1114 1865 1145 stabit
1881 1114 1966 1152 usque
1980 1115 2008 1143 in
2029 1113 2106 1144 diem
2125 1122 2183 1152 quo
2197 1111 2334 1151 Ingressus

1280 1154 1362 1184 fuerit
1379 1154 1516 1191 Regnum
1534 1153 1655 1190 Scotiae‚
1676 1153 1718 1182 vel
1733 1162 1782 1190 per
1796 1162 1864 1182 eum
1880 1151 1953 1182 stetit
1967 1161 2024 1190 quo
2045 1153 2138 1182 minus
2153 1151 2337 1190 ingrediatur,

1323 1194 1339 1209 *
1356 1192 1547 1260 Quacdlrxliginta
1563 1190 1645 1221 Milia
1659 1191 1829 1229 Librarum,
1847 1191 1934 1221 bonae
1947 1189 2081 1228 &legalis
2097 1189 2227 1220 Monetae
2239 1187 2340 1228 Angli-

1280 1240 1374 1261 canae*
1394 1240 1422 1260 vt
1443 1238 1522 1260 eicet

1322 1267 1355 1298 In
1367 1253 1504 1298 ’Ecclelia
1527 1252 1624 1297 &aneti
1646 1266 1723 1298 Pauli
1744 1266 1871 1305 praedicti
1887 1289 1896 1304 ‚
1921 1265 2035 1296 Decem
2055 1265 2138 1296 Milia
2157 1264 2340 1304 Marcarum,

1281 1301 1413 1336 Monetae
1435 1305 1595 1345 praedictae,
1613 1305 1682 1335 infra
1706 1305 1760 1335 Sex
1783 1304 1896 1335 Menses
1917 1305 2120 1342 computandos
2142 1314 2158 1334 a
2179 1304 2276 1334 Primo
2292 1305 2338 1334 die

1282 1343 1421 1412 Inggessiis
1437 1345 1474 1375 sui
1490 1345 1519 1373 in
1536 1343 1670 1383 Regnum
1688 1342 1809 1380 Scotiae,
1826 1343 1870 1374 vel
1884 1352 1930 1381 per
1946 1352 2012 1373 eum
2026 1341 2100 1373 stetit
2116 1352 2173 1380 quo
2187 1342 2278 1372 minus
2293 1343 2337 1372 in-

1304 1393 1334 1412 re
1355 1392 1423 1413 iatur

1285 1392 1303 1422 g
1323 1421 1377 1458 Et,
1394 1406 1519 1459 qu'olibet
1537 1420 1623 1451 Anno
1645 1427 1749 1450 extunc
1769 1418 1914 1455 sequente,
1933 1418 2092 1461 incipiendo
2111 1418 2229 1449 Annum
2248 1428 2263 1449 a
2281 1417 2338 1449 fine

2356 1185 2487 1223 '‘X-3233

1286 1459 1379 1497 Anni,
1397 1459 1616 1497 conimputandi
1631 1468 1645 1488 a
1659 1457 1757 1487 Primo
1770 1457 1815 1487 die
1824 1455 1963 1494 Ingressis
1977 1460 2014 1486 iui
2030 1457 2192 1496 supradicti,
2211 1458 2256 1487 seu
2271 1456 2339 1487 adie
2360 1472 2361 1475 =

1287 1508 1343 1536 quo
1359 1508 1407 1535 per
1421 1507 1486 1528 eum
1503 1497 1574 1528 stetit
1597 1505 1627 1526 ut
1646 1496 1824 1534 praedicitur,
1841 1494 1912 1524 infra
1939 1494 1991 1524 Sex
2013 1494 2139 1532 Menses,
2157 1506 2172 1526 a
2194 1494 2338 1532 Principio

1286 1537 1430 1574 cujussibet
1445 1537 1523 1565 Anni
1537 1534 1765 1573 computandos,
1781 1535 1809 1563 in
1829 1532 1954 1563 Ecclesia
1973 1532 2066 1562 Sancti
2081 1533 2159 1563 Pauli
2176 1533 2337 1563 Londoniae

1288 1574 1437 1613 praedit-Sti,
1457 1574 1569 1604 Decem
1589 1573 1669 1602 Milia
1687 1571 1866 1608 Marc‘arum,
1883 1571 2026 1609 quousque
2045 1571 2120 1600 dista
2145 1571 2338 1611 Qiadraginta

1291 1612 1375 1643 Milia
1390 1613 1539 1642 Librarum
1558 1614 1669 1641 fuerunt
1685 1611 1808 1648 plenarie
1822 1610 1854 1640 &
1869 1610 1975 1648 integre
1988 1609 2141 1646 persoluta,

1327 1652 1370 1681 Ac
1387 1651 1494 1688 insuper
1513 1650 1610 1687 quod,
1629 1659 1680 1686 pro
1700 1649 1854 1679 Securitate
1874 1647 2028 1677 Solutionis
2048 1647 2184 1677 dictarum
2210 1646 2340 1684 Quadra-

1289 1690 1365 1757 {ima
1388 1688 1468 1718 Milia
1490 1688 1662 1725 Librarum,
1681 1686 1826 1717 Dominus
1844 1685 1963 1723 Jacobus
1983 1688 2060 1722 Rex,
2080 1686 2124 1715 seu
2146 1683 2341 1724 Commiffarii

1322 1728 1512 1765 egniScotiie,
1529 1735 1593 1756 ante
1602 1726 1734 1755 ultimum
1748 1725 1823 1754 diem
1840 1724 1953 1760 Martii,
1970 1724 2077 1753 realiter
2090 1723 2165 1754 &de
2175 1724 2269 1761 facto,
2279 1723 2340 1753 Da-

1290 1768 1330 1797 bit
1345 1766 1377 1795 &
1395 1766 1554 1802 Libembit,
1575 1764 1619 1794 seu
1634 1763 1671 1793 lic
1686 1763 1804 1794 Dabunt
1829 1762 1870 1805 &⁴
1884 1762 2075 1805 Liberabunt,
2091 1763 2119 1791 iri
2135 1761 2258 1791 Civitate
2276 1761 2343 1791 Du-

1289 1805 1442 1841 nolmcnfi,
1460 1802 1666 1833 Cominissariis
1680 1804 1713 1833 δε
1737 1801 1884 1839 Deputatis
1903 1800 2020 1837 nostriS‚
2038 1808 2083 1830 aut
2104 1799 2279 1837 Haeredum,
2298 1800 2343 1830 seu

1290 1842 1490 1873 Siicccssorum
1503 1840 1684 1876 nostrorum,
1702 1848 1793 1870 certos
1813 1838 1932 1868 Obsides
1939 1860 1948 1875 ,
1966 1848 1998 1868 ac
2020 1838 2135 1868 Litteras
2157 1838 2345 1877 Obligatorias

1292 1881 1424 1919 Quatuor
1438 1880 1577 1910 Villaruin
1589 1878 1687 1914 Regni
1702 1878 1806 1908 Scotiae
1816 1900 1825 1915 ,
1839 1878 1868 1906 in
1883 1877 1960 1906 dieto
1969 1877 2219 1913 Appuctuamento
2233 1876 2342 1913 expres-

1291 1920 1426 1956 satarum,
1441 1928 1474 1949 ac
1487 1917 1544 1948 suas
1560 1918 1697 1955 proprias,
1715 1925 1778 1946 ante
1798 1916 1879 1953 ipsius
1901 1914 2055 1945 Recessum
2078 1925 2093 1945 a
2115 1913 2222 1953 Regno
2243 1914 2343 1945 nostro

1291 1958 1402 1996 Angliae
1417 1956 1535 1993 fiendas,
1553 1958 1585 1986 ὅ(
1601 1956 1702 1992 etiarn,
1720 1954 1784 1992 post
1798 1954 1879 1991 ipsius
1893 1952 2048 1992 Ingressum
2064 1954 2093 1982 in
2109 1951 2247 1991 Regnum
2268 1952 2343 1983 Sco-

1290 1998 1353 2033 tiae,
1370 1995 1507 2026 Iterandas
1520 1995 1553 2025 &
1568 1993 1774 2031 Renovandas,
1790 2001 1873 2030 prout
1889 1992 1919 2021 in
1934 1992 2045 2022 Litteris
2061 1992 2139 2030 ipsis,
2154 1991 2254 2021 exinde
2269 2001 2340 2022 con-

1290 2035 1371 2104 fedffis
1378 2058 1387 2074 ,
1402 2034 1511 2073 plenius
1526 2032 1688 2064 continetur
1695 2053 1705 2069 ,

1365 2084 1396 2104 os

1327 2097 1544 2146 'Considerantes
1561 2109 1779 2141 Matrimonium
1790 2109 1860 2139 inter
1874 2107 2021 2146 praefatum
2035 2106 2167 2145 Jacobum
2183 2109 2278 2146 Regem
2291 2108 2343 2146 &3

1290 2151 1459 2183 carissimam
1475 2150 1719 2188 consanguineam
1731 2146 1874 2184 nostram,
1891 2146 2053 2184 Johannam
2066 2145 2163 2175 Filiam
2178 2149 2287 2175 Comitis
2294 2150 2342 2176 So-

1289 2189 1440 2230 nierfittae,
1457 2190 1528 2220 dum
1543 2190 1611 2220 vixit
1625 2185 1835 2224 Consanguinei
1851 2184 1958 2223 nostri,
1974 2183 2037 2224 post
2050 2183 2207 2222 hujusmodi
2223 2184 2342 2222 Appun-

1290 2230 1486 2260 &tuamentum
1501 2227 1620 2258 Factum
1630 2227 1664 2257 ὃς
1681 2224 1942 2262 Solempnizatum,

1328 2266 1366 2297 Et
1379 2267 1505 2297 volentes
1519 2275 1550 2296 ea
1566 2272 1679 2302 propter
1693 2263 1787 2293 mitius
1802 2263 1835 2293 ὃ(
1849 2260 2026 2293 favorabilius
2045 2269 2125 2300 agere
2139 2269 2209 2291 cum
2226 2260 2347 2299 eodem,

1326 2308 1424 2335 Decem
1438 2303 1522 2334 Milia
1537 2306 1717 2340 Marcarum,
1732 2300 1767 2332 de
1779 2301 1897 2340 praefatis
1910 2299 2110 2339 Qadraginta
2120 2298 2233 2329 Milihus
2240 2299 2350 2335 Libras

1292 2354 1351 2373 rum
1367 2344 1579 2381 praedictarum,

1330 2382 1378 2419 Ill'a
1396 2382 1549 2420 (videlicet)
1569 2384 1667 2410 Decem
1682 2377 1767 2408 Milia
1782 2380 1960 2415 Marcarum,
1976 2386 2040 2415 quae
2051 2377 2130 2415 juxta
2151 2375 2299 2407 Tenorem
2311 2376 2346 2408 &

1293 2419 1508 2451 Continentiam
1525 2419 1652 2460 praediciti
1674 2416 1932 2455 AppunCtuamenti
1951 2415 2069 2454 Nobis,
2086 2423 2133 2446 aut
2146 2415 2258 2445 Nostris
2274 2415 2348 2446 Hae-

1292 2459 1420 2498 redibus,
1432 2459 1483 2494 vseu
1497 2456 1720 2494 Succefforibus,
1738 2464 1769 2486 ut
1783 2455 1980 2493 praemittitur,
1997 2453 2084 2484 SeXto
2103 2455 2136 2484 ὃς
2159 2453 2260 2484 ultimo
2272 2453 2348 2484 Ter-

1296 2499 1377 2529 mino
1390 2497 1529 2535 praedicto
1543 2498 1603 2527 sunt
1616 2493 1762 2533 solvenda,
1970 2530 1975 2535 Ι

1332 2536 1456 2567 Praefato
1473 2535 1585 2574 Jacobo
1606 2536 1687 2571 Regi,
1703 2533 1736 2564 &
1757 2531 1838 2569 ipsius
1858 2529 2046 2568 Haeredibus‚
2063 2529 2097 2561 δε
2118 2528 2348 2569 Successoribus,

1296 2574 1455 2605 Occasione
1470 2572 1623 2612 praemissa,
1638 2574 1671 2603 &
1683 2570 1719 2601 de
1733 2570 1903 2600 avisamento
1917 2568 2042 2599 Concilii
2058 2568 2147 2599 nostri
2168 2568 2349 2600 Pardonave-

1295 2615 1398 2651 rimus,
1417 2613 1636 2648 Remiserimus‚
1654 2610 1687 2641 &
1702 2609 1949 2645 Relaxaverimus,

1332 2652 1378 2682 Ac
1394 2653 1500 2691 ipsum,
1518 2651 1631 2688 suosque
1643 2647 1798 2684 Haeredes,
1815 2648 1848 2677 ὃς
1861 2645 2057 2683 Succeffores,
2075 2655 2127 2684 pro
2144 2644 2262 2683 Nobis,
2277 2643 2351 2675 Hae-

1296 2690 1421 2728 redibus,
1439 2691 1471 2720 ὃς
1487 2687 1696 2720 Successoribus
1711 2685 1827 2722 nostris,
1842 2684 1970 2723 Regibus
1985 2683 2095 2722 Angliae
2111 2684 2230 2722 futuris,
2247 2685 2354 2721 imper-

1297 2728 1415 2766 petuum
1428 2727 1464 2758 de
1480 2731 1577 2758 Decem
1592 2724 1706 2756 Milibus
1721 2727 1881 2754 Marcarum
1898 2721 2036 2760 praedictis
2051 2723 2354 2761 Acquietavcrimus&

1296 2767 1549 2798 Exoneraverimus
1557 2789 1566 2804 ,

1337 2805 1421 2836 Salvo
1445 2804 1560 2842 Nobis,
1583 2802 1719 2840 diffisque
1746 2798 1934 2837 HaeredibuS,
1959 2799 1991 2829 &
2011 2797 2224 2829 Succefforibus
2241 2797 2355 2836 nostris,

1299 2845 1379 2874 omni
1391 2843 1459 2882 jure
1473 2842 1590 2879 nostro,
1613 2842 1669 2871 tam
1685 2841 1714 2870 in
1732 2838 1858 2870 Refiduo
1873 2837 2000 2867 Summa:
2021 2837 2219 2877 §Quadraginta
2241 2836 2354 2866 Milium

1297 2882 1446 2913 Librarum
1467 2881 1679 2919 praedidiatum3
1696 2878 1844 2913 videlicet,

1343 2919 1447 2959 Qioad
1463 2920 1672 2958 Quinquaginta
1687 2915 1770 2945 Milia
1777 2918 1953 2949 Marcarum,
1971 2922 2054 2950 quam
2063 2912 2266 2944 tantummodo
2274 2912 2359 2944 Sum-

1299 2967 1397 2996 mam,
1413 2959 1513 2995 vigore
1528 2957 1616 2986 Primi
1638 2953 1759 2984 Articuli
1781 2954 1808 2982 in
1827 2951 1907 2982 dicto
1928 2951 2197 2989 Appunctuamemo
2212 2953 2357 2990 contenti,
2397 2965 2399 2967 ·

1300 2997 1333 3027 &
1349 2994 1519 3031 Litterarum¹
1531 2993 1767 3031 Obligatoriarum
1781 2990 1824 3020 seu
1844 2990 1958 3020 aliarurn
1972 2989 2175 3027 Securitatum,
2189 2990 2223 3020 ad
2244 2989 2354 3020 Cotro-

1301 3032 1477 3066 borationem
1499 3031 1622 3070 ejusdem
1638 3030 1774 3061 factarum
1791 3028 1836 3058 seu
1857 3027 2025 3065 fiendarum,
2040 3027 2076 3057 de
2096 3028 2231 3067 praedksto
2248 3027 2355 3067 Jacobo

1301 3076 1386 3111 Rege,
1404 3071 1549 3101 Terminis
1561 3069 1595 3100 ad
1609 3069 1666 3098 hoc
1680 3067 1832 3106 affignatis,
1851 3066 1907 3103 peti
1920 3065 1953 3095 &
1967 3065 2050 3095 levari
2066 3064 2234 3104 Voluimus,

1337 3112 1436 3149 Qum
1460 3109 1545 3139 etiam
1565 3109 1592 3138 in
1609 3107 1721 3137 Litteris
1736 3105 1883 3135 habuimus
1907 3103 2094 3141 Obligatoriis
2109 3106 2143 3136 &
2157 3104 2356 3135 Securitatibus

1302 3149 1458 3189 praedicstis,
1478 3145 1571 3184 quoad
1583 3145 1722 3175 refiduum
1735 3142 1906 3174 antedictum
1915 3163 1925 3179 ,

1341 3185 1429 3217 Vobis
1452 3184 1653 3215 Mandavimus
1674 3182 1754 3220 quod
1779 3181 1896 3224 Litteras
1910 3179 1976 3210 inde
1994 3179 2045 3210 sub
2061 3179 2176 3219 Magno
2190 3179 2287 3220 Sigillo
2302 3191 2355 3212 no-

1302 3226 1360 3256 stro
1374 3227 1402 3255 in
1416 3224 1507 3254 forma
1523 3222 1615 3253 debita
1630 3221 1689 3250 fieri
1704 3220 1815 3251 faciatis.

1339 3263 1407 3294 Dat.
1423 3263 1483 3293 &c.
1501 3260 1572 3301 apud
1591 3259 1696 3300 Westm.

1344 3343 1426 3382 Dorfi

1336 3386 1444 3412 Decimo
1458 3384 1547 3411 Tertio
1567 3383 1620 3409 Die
1637 3378 1794 3415 Februarii,
1812 3379 1899 3406 Anno
1914 3375 2047 3413 Secundo,
2067 3375 2141 3411 apud
2153 3375 2354 3446 ngmonaste.

1301 3426 1384 3458 rium,
1400 3419 1547 3459 Conceffiaem
1557 3417 1613 3455 fuit
1630 3416 1765 3458 qubdfiat
1782 3417 1961 3445 Warrantum
1984 3412 2164 3453 Cancellario,
2224 3412 2353 3455 sufflando

1305 3463 1430 3491 Litteras
1445 3462 1520 3496 Regis
1535 3460 1664 3487 Patentes
1678 3463 1710 3485 ut
1727 3453 1802 3493 infra
1811 3460 1901 3493 patet.

1722 3530 1900 3571 Praesentibus
1906 3540 1916 3558 :

1342 3619 1480 3652 Dominis,
1851 3610 1970 3641 Comite
1983 3608 2170 3641 Warrewicae
2178 3632 2188 3648 ‚

1343 3655 1428 3685 Duce
1444 3652 1653 3689 Gloucestriae,
1853 3648 2027 3679 Cromewell
2037 3671 2048 3686 ‚

1342 3691 1565 3730 Archiepiscopo
1580 3688 1787 3727 Cantuariensi,
1855 3687 1920 3717 Fitz
1937 3685 2047 3725 Hugh,

1343 3730 1504 3761 Londoniae
1511 3752 1521 3767 ‚
1856 3724 2044 3767 Hungerford
2050 3745 2062 3761 ,

1342 3768 1503 3798 Wintoniae
1511 3789 1520 3804 ,
1859 3763 2037 3794 Cancellario
2045 3783 2055 3798 ,

1342 3808 1385 3836 Et
1400 3805 1568 3844 Wygorniae
1577 3828 1589 3843 ,
1860 3801 2059 3837 Thesaurario,
2109 3835 2115 3841 .

1343 3843 1490 3883 Epifiopis,
1865 3841 1908 3870 Et
1921 3837 2051 3869 Custode
2068 3835 2173 3869 Privati
2188 3837 2284 3878 Sigilli.

2256 4132 2276 4152 θ
2295 4130 2372 4163 obli·-
