2562 4274
4 278 84 312 Arm.
99 275 273 309 D.Nous
299 274 354 306 vo
369 280 474 305 Loris
492 273 526 304 &
545 272 706 303 Oarion
718 272 829 303 Nons
848 280 921 311 que,
940 273 960 304 si
973 272 1011 304 les
1025 270 1176 309 Som'meS,
1199 282 1214 302 a

37 325 124 356 1417.
152 318 240 348 Nous
252 316 319 345 dues
332 323 382 351 par
395 313 490 343 nostre
504 311 640 342 Sove'rairi
659 314 752 340 Senior
774 310 799 339 le
815 312 885 349 Ray,
907 313 941 343 &
957 312 994 342 leg
1009 315 1081 341 Παίς
1095 311 1127 340 de
1141 313 1211 339 Ber-

9 361 71 385 Hm.
90 365 118 391 5.
148 367 178 396 ry
193 379 203 394 ,
228 353 344 385 orleans
357 375 366 390 ,
390 351 523 380 Burbonn
537 373 546 388 ,
574 351 607 381 δε
629 349 759 379 Alancon
774 373 784 388 ,
813 349 902 382 soient
925 351 997 387 paies
1018 360 1095 390 apres
1115 348 1211 379 nostre

148 395 253 431 Mon,
278 391 393 421 Nous
421 389 593 420 VoLoNS
619 399 674 427 que
696 389 722 418 le
742 387 863 418 Somme
877 413 886 426 ,
909 388 984 420 levee
1007 399 1043 419 en
1067 389 1091 419 la
1113 389 1159 418 vie
1174 388 1209 418 de

146 430 243 464 nostre
256 429 298 460 dit
309 432 466 467 Compaigne
482 451 491 466 ,
510 438 581 465 pour
602 427 675 465 paier
696 435 756 456 noz
778 425 875 458 Dettes
888 450 897 465 ,
916 427 950 458 de
966 437 1025 457 noz
1037 427 1096 457 ditz
1119 425 1210 456 Chas-

148 479 248 507 teaux,
269 468 412 505 Manosts,
432 467 623 504 Seigneuries,
641 465 762 504 Terres,
780 475 820 497 ou
834 466 1034 503 Tenementz,
1053 466 1141 496 soient
1151 464 1210 495 Re-

148 518 230 548 payes
251 518 266 537 a
287 504 383 537 nostre
401 506 442 536 dit
461 505 590 536 treschier
606 508 760 542 Compaigne
778 506 862 543 (pour
878 516 911 536 ce
925 516 978 544 que
995 505 1083 535 Nous
1100 504 1211 535 Volons

147 557 204 586 que
217 546 279 576 Elle
295 545 345 576 cist
359 545 398 575 les
410 543 552 574 Chasteux
565 544 598 573 &
612 543 658 574 Sei
680 545 787 574 neuries
802 543 903 575 susditz
925 554 998 582 pour
1013 543 1122 574 Terme
1135 543 1170 573 de
1185 542 1213 573 sa

148 586 206 622 vie)
228 584 263 615 d‘e
279 583 351 614 Don
365 584 398 614 &
413 582 508 613 Grant
520 582 555 613 de
567 589 628 611 noz
642 552 743 612 Fgeffes.

186 624 313 661 ITEM,
331 621 446 652 Nous
467 619 638 651 VOLoNs
661 627 713 650 ET
733 619 1004 651 Onnonnons
1018 631 1073 659 que
1087 619 1214 650 toutzles

148 662 299 694 Revenues
315 661 348 692 &
362 657 485 690 Proffitz
497 682 507 696 ,
533 667 707 696 provenantz
720 659 755 689 de
771 660 794 689 la
809 659 905 691 Garde
920 660 955 690 de
965 668 1036 690 touz
1047 660 1124 690 lours
1138 660 1214 689 Ter-

149 712 192 733 res
207 703 241 732 &
257 699 438 731 Tenementz
451 720 461 736 ,
487 698 573 729 sibien
595 698 630 728 de
645 698 740 728 nostre
758 699 887 730 trescliier
903 699 965 729 Filz
980 699 1069 727 Henri
1085 701 1168 727 Conte
1182 697 1213 725 de

148 738 279 777 Somerset
289 762 298 775 ,
319 747 404 768 come
419 735 453 767 de
469 735 584 766 Thomas
597 735 661 766 Filz
675 734 713 770 &¹
729 739 799 767 Heir
820 749 838 767 a
854 736 990 776 Monfieur
1004 739 1106 766 Morice
1127 733 1217 774 Ruſjel

150 777 301 810 Chevalier
315 774 536 808 ensemblement
557 785 626 806 avec
645 775 686 806 les
703 774 843 815 Mariages
857 775 966 813 d'icell,
985 775 1073 806 soient
1088 773 1214 812 disposez

149 817 184 849 &
195 814 352 854 despendez
364 825 400 844 en
413 813 483 852 ayde
495 814 535 844 du
547 813 701 853 Paycment
714 812 749 844 de
762 823 822 844 noz
835 813 936 845 Dettes
950 811 1107 855 suisdiCtes2

188 854 245 891 Et,
265 854 284 884 fi
298 852 323 884 le
336 852 377 884 dit
397 854 486 882 Henri
500 856 602 890 conte,
616 863 655 882 ou
668 852 696 882 le
712 851 753 881 dit
773 851 886 881 Thomas
901 850 994 890 Ruffil
1006 875 1015 888 ,
1032 850 1126 882 Devxe
1136 850 1214 882 deins

151 893 234 930 Aage
251 914 260 929 ‚
285 891 362 922 lours
376 890 462 924 Heirs
475 890 554 922 deins
569 891 632 929 Age
642 889 754 926 estanz,
773 889 916 927 adonquec
930 889 1018 919 Nous
1042 889 1070 920 V
1079 898 1129 919 οι
1138 899 1159 919 0
1169 898 1191 919 N
1202 899 1215 920 s

153 942 174 964 Ε
184 940 207 962 Τ
232 929 262 960 O
273 939 296 960 R
305 939 325 959 Ι)
335 940 356 960 0
367 938 391 959 N
400 938 423 960 N
434 939 453 959 o
462 938 485 960 N
496 939 508 959 s
529 940 584 966 que
596 930 633 959 les
647 927 756 959 Gardes
771 928 806 958 δε
817 927 962 965 Mariages
974 927 1023 959 des
1035 927 1112 959 lours
1120 927 1218 965 Heirs,

150 969 274 1005 Tenes,
293 968 327 999 &
341 968 520 999 Tenements
531 966 658 1004 suiffiitz‚
676 966 713 996 de
728 964 801 996 Heir
814 976 851 996 en
865 965 938 998 Heir
953 991 962 1004 ,
981 967 1070 997 soient
1085 966 1216 1004 desposez

150 1010 186 1041 &
197 1007 357 1045 despenduz
370 1006 406 1038 de
417 1014 478 1036 noz
489 1005 588 1036 Dettes
603 1003 742 1045 suilditeS‚
758 1003 794 1035 de
810 1005 843 1036 &
861 1014 932 1043 pour
951 1004 1104 1043 Acomplir
1119 1005 1216 1036 nostre

151 1046 426 1078 TESTAMENT
452 1051 503 1074 ET
531 1050 759 1074 DERRAINE
785 1052 1004 1083 VOLUNTE3
1024 1041 1137 1075 Purveu
1151 1053 1218 1075 tou-

151 1085 254 1116 tefoitz
268 1094 323 1122 que
337 1084 382 1115 lez
396 1081 508 1112 Profitz
519 1083 554 1113 &
567 1081 605 1112 les
618 1081 787 1120 Revenues,
806 1082 841 1113 de
855 1082 881 1112 la
894 1082 992 1114 Garde
1007 1082 1054 1113 des
1067 1083 1171 1113 Terres
1185 1084 1218 1113 ὅ(

153 1122 334 1155 Tenements
345 1120 468 1158 suisditz,
488 1119 525 1150 de
540 1119 636 1151 nostre
649 1120 691 1151 dit
704 1120 782 1158 Filz,
801 1131 849 1159 par
862 1120 948 1153 Deux
962 1121 1022 1152 Ans
1035 1123 1135 1152 entiers
1150 1132 1219 1159 pro-

151 1162 250 1193 chains
262 1161 373 1200 devant
384 1159 410 1190 le
425 1159 499 1197 plain
513 1158 577 1196 Age
592 1158 631 1189 du
645 1159 686 1190 dit
698 1161 789 1189 Henri
811 1158 895 1199 nostre
910 1158 976 1189 Filz
985 1183 995 1198 ,
1008 1161 1098 1191 soient
1111 1159 1218 1191 delive-

150 1211 193 1232 res
208 1200 240 1230 al’
254 1199 333 1236 Oeps
346 1198 380 1229 ὃς
398 1197 490 1229 Profit
506 1197 546 1228 dii
564 1197 671 1229 mesme
690 1196 776 1238 nostre
790 1197 871 1237 Filz,
887 1198 914 1230 16
929 1206 1008 1229 toute
1022 1208 1094 1236 pour
1111 1199 1219 1229 mieulz

154 1238 206 1270 son
220 1237 298 1268 Estat
309 1236 435 1268 sustenir.

192 1275 321 1314 ITEM,
339 1275 455 1306 Nous
482 1274 656 1306 Vonons
684 1282 736 1304 ΕΤ
762 1274 1039 1306 ORDONNoNs
1066 1284 1139 1313 que,
1156 1283 1219 1306 tan-

153 1315 212 1351 tost
226 1324 304 1355 apres
316 1324 372 1352 qne
386 1323 447 1345 noz
461 1313 562 1345 Dettes
576 1315 610 1346 &
633 1312 730 1344 nostre
753 1322 900 1344 DERRA
913 1323 984 1344 [Ni-z
1003 1314 1122 1345 VoLu
1134 1322 1188 1344 NT
1201 1324 1219 1344 n

154 1354 246 1385 soient
268 1353 355 1393 Payes
375 1354 410 1384 ὃς
432 1352 598 1390 Acomplies
610 1375 620 1390 ,
646 1361 703 1390 que
720 1361 780 1382 noz
799 1351 822 1381 F
830 1361 848 1381 E
860 1361 878 1381 F
888 1361 905 1381 F
915 1362 933 1382 E
944 1361 956 1382 s
971 1375 981 1390 ,
999 1352 1035 1382 de
1058 1361 1119 1382 noz
1128 1352 1214 1383 Chas-

152 1400 220 1424 teux
234 1416 243 1430 ,
271 1391 421 1429 Manoits,
438 1391 610 1430 sugamia,
629 1390 750 1428 Tenes,
769 1391 803 1421 &z
817 1390 1004 1422 Tenementz
1022 1390 1149 1429 suisditz,
1167 1391 1221 1421 Fa—

153 1439 222 1465 cent
240 1429 266 1461 E
276 1440 288 1461 s
299 1439 349 1461 TA
359 1439 382 1460 T
392 1439 411 1460 iz
431 1441 446 1460 a
468 1433 632 1467 Margarete
643 1428 731 1469 nostre
745 1428 870 1466 treschier
883 1433 1042 1468 campaigne
1057 1439 1093 1460 en
1108 1430 1146 1460 les
1161 1429 1222 1460 ditz

153 1468 299 1500 Chasteux
312 1493 322 1507 ,
348 1468 477 1499 Manoirs
489 1491 500 1507 ‚
525 1468 703 1504 Seigneuries
717 1490 728 1506 ,
753 1467 858 1498 Terres
876 1491 886 1506 ,
912 1470 946 1499 ὃς
967 1468 1152 1498 Tenementz
1167 1493 1176 1505 ,
1201 1479 1221 1499 o

154 1516 239 1540 toutz
252 1507 316 1538 lour
332 1506 566 1544 Appurtenances
575 1505 714 1544 suistiioes,
722 1516 795 1544 pour
803 1505 913 1537 Terme
925 1507 961 1537 de
974 1507 1001 1537 sa
1013 1507 1084 1544 Vie3
1105 1507 1130 1537 le
1148 1506 1179 1537 R
1189 1517 1223 1537 E-

155 1556 237 1581 MAJ
247 1555 360 1577 NDRE
370 1568 380 1584 ,
399 1545 419 1576 fi
439 1545 527 1576 Nous
547 1544 680 1576 Devions
703 1544 768 1576 sanz
783 1544 857 1575 Heir
876 1545 913 1576 de
934 1545 1031 1576 nostre
1045 1544 1158 1585 Corps,
1175 1545 1224 1575 des

156 1586 221 1617 ditz
239 1583 417 1622 Chasteaux,
434 1583 582 1622 Manoirs,
601 1583 775 1623 Seignuriee,
791 1584 895 1614 Terres
909 1607 918 1622 ,
934 1585 967 1615 &
991 1584 1186 1622 Tenemems,
1204 1595 1224 1615 ο

158 1623 236 1654 lours
253 1622 501 1661 Appurtenances,
518 1634 533 1653 a
557 1622 576 1642 ²*
595 1624 686 1652 Henri
699 1621 786 1662 nostre
800 1623 842 1652 dit
856 1622 919 1652 Filz
932 1627 1017 1653 Conte
1033 1624 1064 1653 de
1081 1624 1223 1663 Somerset,

159 1663 193 1694 &
206 1673 224 1694 a
236 1661 275 1692 fes
288 1661 376 1692 Heirs
394 1660 499 1692 Masses
513 1661 549 1691 de
563 1661 615 1691 son>
625 1660 720 1700 Corps
737 1671 772 1692 en
793 1663 901 1692 endres.

195 1700 252 1736 Et,
269 1700 310 1730 s’il
323 1700 442 1739 aveigne
456 1710 512 1738 que
525 1699 622 1730 nostre
637 1699 679 1729 dit
698 1699 761 1730 Filz
818 1701 880 1731 evie
898 1700 964 1730 sanz
987 1700 1060 1731 Heir
1084 1699 1177 1730 Mane
1190 1699 1226 1730 de

156 1740 210 1774 sou
224 1737 324 1777 Corps
335 1738 490 1778 eugendi-es
507 1761 517 1777 ,
544 1738 644 1769 Nous
665 1737 800 1769 Vonons
823 1747 867 1769 BT
887 1739 1107 1769 ORDoNNoNS
1128 1749 1184 1776 que
1202 1739 1226 1769 la

157 1779 361 1814 anmsmn
379 1777 427 1808 des
443 1777 505 1808 ditz
525 1776 704 1816 chasteaux‚
725 1777 875 1816 Manoirs,
893 1777 1084 1816 Seigneuiies,
1104 1776 1229 1815 Terres,

158 1818 194 1851 ὃς
211 1816 407 1856 Tenements‚
426 1826 503 1846 ovec
524 1824 607 1846 toutz
633 1815 709 1846 lours
729 1815 979 1855 Appurtenances,
998 1816 1189 1848 REMAIGNE
1211 1826 1227 1846 a

160 1855 258 1887 nostre
271 1855 408 1885 Soverain
424 1854 560 1892 seigneur
577 1857 684 1893 Henri,
702 1853 726 1884 le
740 1857 795 1894 Roy
809 1854 1002 1893 d’Angleterre
1022 1855 1047 1885 Ie
1065 1854 1177 1894 Quint,
1194 1855 1228 1886 &

160 1905 178 1928 a
190 1895 231 1926 ses
244 1893 348 1931 Heia,
365 1893 451 1932 Roys
461 1892 676 1933 d'Angleterre,
694 1902 768 1932 pour
784 1895 855 1924 tous'
898 1905 931 1924 rs.

200 1931 249 1962 En
269 1932 295 1962 la
312 1931 343 1962 T
355 1940 662 1963 ESMOIGNANCE
680 1931 763 1962 dela
784 1942 839 1970 que
871 1932 968 1964 Chose‘
988 1942 1004 1962 a
1017 1932 1114 1972 yceste
1130 1931 1228 1964 nostre

161 1979 184 2002 n
195 1979 246 2040 ΕΞ.
257 1979 284 2038 R1
290 1980 310 2000 A
318 1979 330 2000 1
339 1978 362 1999 N
372 1979 391 2000 E
417 1980 437 2000 v
447 1979 468 1999 o
477 1979 498 2000 L
509 1979 531 2001 u
540 1978 563 2000 N
572 1977 595 1999 T
605 1978 624 2000 E
652 1970 765 2002 enclose
779 1980 851 2002 nous
865 1981 954 2004 avons
973 1971 1021 2003 fait
1043 1980 1147 2003 mettre
1163 1980 1231 2002 nos»-

162 2017 206 2044 tre
242 2019 274 2039 ee
287 2032 295 2038 .

198 2046 312 2078 Donne
327 2057 412 2077 come
427 2047 528 2079 deslus.

14 1626 30 1643 ¹*
47 1624 99 1653 IX.

12 1665 77 1701 464.

280 2124 478 2166 Testamentum
490 2123 529 2161 ό·
543 2122 683 2159 Codicillus
698 2120 822 2158 Probata
836 2135 886 2167 23.
901 2120 980 2158 Ναίν.
993 2129 1039 2159 Α.
1051 2124 1095 2158 D'.
1113 2130 1197 2166 1423.

167 2254 218 2288 De
238 2249 391 2298 Justiria,
409 2252 509 2297 juxta
524 2252 614 2284 foros
631 2252 823 2334 {ananiae,
842 2250 990 2296 facienda
1008 2254 1139 2286 Domino
1157 2251 1193 2286 de
1202 2252 1234 2285 la

668 2312 706 2333 ar
727 2312 754 2334 e·

18 2388 96 2421 'Ann.
112 2386 154 2418 D.
170 2385 302 2444 REX,
321 2386 437 2417 Locum
451 2383 581 2416 nostrum
591 2387 699 2417 tenenti
713 2386 748 2416 &
762 2385 919 2417 Senescallo
931 2386 1033 2418 nostro
1056 2385 1236 2432 Aquitaniae,

46 2435 134 2466 1417.
243 2435 276 2455 ac
292 2424 512 2456 Constabulario
527 2424 626 2455 nostro
648 2423 835 2464 Burdegaliae,
853 2426 887 2456 ὅ(
909 2436 1012 2456 eorum
1034 2426 1236 2457 Locatenenti-

20 2471 73 2496 An.
87 2476 115 2502 5.
171 2462 240 2505 bus,
257 2473 292 2494 ac
306 2474 407 2494 eorum
421 2463 554 2502 cuilibet,
573 2464 623 2501 qui
637 2472 716 2494 nunc
728 2464 806 2502 sunt,
823 2464 870 2495 vel
885 2466 934 2502 qui
948 2475 1002 2503 pro
1021 2473 1153 2503 tempore
1173 2465 1237 2496 fue-

19 2509 56 2534 1-1.
80 2514 107 2540 5.
169 2509 241 2539 rmt,
261 2502 399 2533 Salutem.

19 2545 89 2580 Vafi.
106 2551 135 2579 5.
205 2539 382 2582 Supplicavit
396 2534 513 2579 Nobis,
531 2540 647 2571 dileetus
662 2542 695 2572 &
710 2540 798 2571 fidelis
816 2540 922 2580 Ligeus
944 2541 1058 2582 noster,
1076 2543 1235 2573 Bernardus

21 2586 58 2610 H.
72 2591 101 2618 5.
116 2591 153 2610 m.
169 2578 201 2608 de
217 2579 369 2618 Lelparre,
388 2579 537 2609 Dominus
551 2579 587 2609 de
601 2579 626 2608 la
640 2578 730 2609 Barde
745 2579 848 2617 Miles,
862 2589 912 2618 ut,

23 2629 53 2656 4.
204 2616 301 2656 Cum,
318 2628 367 2656 per
387 2617 546 2649 Decessum
566 2617 728 2648 Haeredum
750 2618 873 2655 Hospitii
894 2619 930 2649 de
952 2618 1106 2651 Madalhan
1121 2644 1131 2658 ,
1158 2620 1235 2653 idem

167 2654 355 2698 Hospitium,
372 2665 443 2687 cum
455 2656 508 2687 suis
522 2657 694 2694 pertinentiis
708 2656 827 2695 praefato
840 2658 998 2698 Bernardo,
1018 2667 1152 2698 tanquam
1166 2660 1238 2691 Pr0-

169 2695 316 2732 pinquiori
328 2695 365 2726 de
381 2695 488 2734 Linea,
505 2694 650 2727 devenerit
661 2719 671 2734 ,

209 2733 255 2764 Ac
270 2734 381 2764 dietum
396 2733 560 2772 Hospitium
569 2757 579 2773 ,
596 2744 664 2764 cum
679 2734 773 2765 Terra
785 2736 818 2767 δε
831 2735 966 2765 omnibus
980 2735 1032 2766 fiiis
1047 2738 1238 2777 pertinentiis,

169 2772 200 2802 in
216 2771 354 2803 Manibus
369 2772 560 2804 Inimicorum
575 2773 740 2804 nostrorum
755 2773 790 2803 ad
806 2774 924 2811 praesens
940 2773 1112 2814 detineatur,

208 2811 343 2849 Exceptis
356 2810 456 2840 Terris
467 2811 504 2841 de
519 2810 642 2842 Condac
655 2812 688 2842 &
699 2812 736 2842 de
749 2812 890 2850 Barbam,
907 2823 971 2851 quae
992 2814 1042 2844 sub
1066 2814 1239 2847 Obedientia

168 2849 266 2886 nostra
278 2849 420 2888 existunt,
434 2849 468 2880 &
483 2859 550 2887 quas
564 2849 717 2881 Nicholaus
729 2853 830 2880 Bowet
843 2850 979 2883 Chivaler
993 2853 1026 2884 &
1041 2853 1179 2892 Deputati
1199 2854 1240 2885 sui

169 2888 201 2919 in
214 2889 338 2925 partibus
354 2887 462 2918 Exteris
477 2896 574 2919 tenent
587 2888 621 2919 &
633 2898 791 2929 occupant,

208 2926 339 2958 Velimus
353 2926 402 2956 slbl
415 2925 452 2956 de
464 2926 612 2957 Remedio
627 2936 758 2965 congruo
773 2929 801 2957 in
818 2927 871 2958 hac
885 2937 962 2966 parte
977 2930 1148 2969 providere,

207 2964 278 2995 Nos
301 2964 518 3005 (Supplicationi
543 2965 690 3003 praediecae
712 2974 865 2997 annuentes
879 2989 889 3005 ,
920 2967 1105 3007 volentesque
1132 2971 1162 2999 in
1184 2968 1238 3002 hac

174 3009 253 3045 parte
266 3001 326 3033 fieri
339 3003 417 3041 quod
432 3003 473 3034 est
485 3002 606 3042 justum)
621 3003 712 3034 Vobis
728 3004 902 3035 Mandamus
917 3007 1015 3044 quod,
1033 3008 1114 3046 vifis,
1129 3008 1163 3039 &
1177 3013 1242 3043 exa-,-

175 3041 293 3070 minatis
305 3065 315 3078 ,
341 3051 374 3072 ac
394 3042 543 3079 diligenter
566 3043 695 3080 inspectis
717 3043 892 3083 Evidentiis‚
909 3054 943 3075 ac
962 3045 1021 3076 aliis
1033 3069 1043 3084 ,
1059 3045 1109 3084 Jus
1133 3048 1241 3086 praefati

173 3079 316 3108 Bernardi
328 3080 357 3109 in
368 3079 421 3110 hac
434 3089 512 3119 parte
521 3082 758 3112 concernentibus
767 3106 776 3119 ,
797 3083 831 3113 &
844 3083 884 3112 eis
897 3083 1008 3121 plenius
1021 3085 1185 3125 intellectis,
1201 3088 1242 3117 ei-

173 3115 242 3161 dem
257 3118 399 3160 Bernardo
412 3118 509 3149 celeris
518 3119 638 3157 Justitiae
651 3120 898 3160 complementum
913 3122 973 3152 fieri
995 3124 1030 3154 &
1052 3123 1178 3155 exhiberi
1199 3126 1241 3156 fa-

173 3163 270 3193 ciatis,
283 3164 363 3193 Juxta
377 3155 484 3195 Foros,
503 3156 609 3197 Leges,
625 3159 659 3190 &
674 3158 903 3191 Consuetudines
918 3159 1046 3192 Partium
1067 3161 1241 3201 supradietae

173 3202 250 3224 runi.

210 3230 300 3264 Teste
313 3231 397 3272 Rege
411 3233 486 3272 apud
498 3233 686 3273 Suthan'tpton.
699 3236 873 3269 Undecimo
887 3237 946 3269 Die
959 3237 1036 3277 Julii.

858 3314 913 3345 Per
926 3315 1010 3356 ipsum
1022 3318 1127 3356 Regemi

467 3438 518 3471 De
533 3437 714 3486 procedendo
731 3441 830 3486 juxta
848 3443 947 3476 Feros.

31 3532 163 3566 'AnnJJ
178 3520 310 3577 REX,
328 3524 449 3570 Locum
470 3524 601 3555 nostrum
622 3525 729 3555 tenenti
738 3548 756 3570 9
773 3525 808 3557 &
829 3525 987 3572 Seneiscallo
1008 3526 1190 3570 Aquitaniae,
1206 3532 1240 3563 &

52 3583 137 3611 1417·
179 3598 212 3629 ἃ
251 3561 470 3608 Constabulrgrio
486 3562 585 3595 nostro
600 3562 692 3594 Burde
711 3563 787 3602 aliae,
805 3575 838 3595 ac
849 3565 946 3610 Judici
958 3567 1059 3599 nostro
1072 3568 1222 3615 Vaseoniae
1231 3594 1241 3609 ,

28 3617 82 3640 An.
99 3622 126 3647 5·
236 3610 336 3631 eorum
358 3603 492 3641 cuilibet,
509 3603 543 3633 &
565 3612 667 3632 eorum
715 3605 948 3644 ocatenennbus,
962 3615 1079 3637 necnon
1100 3607 1240 3639 Concilio

179 3638 280 3707 ggstgo
302 3639 491 3680 Burdegaliae,
508 3641 558 3680 qui
578 3650 656 3672 nunc
680 3641 758 3679 sunt,
777 3642 823 3673 vel
844 3644 893 3681 qui
905 3653 960 3681 pro
974 3652 1106 3683 ternpore
1120 3646 1240 3686 fuerint,

227 3688 243 3707 u
257 3688 314 3708 em.

217 3715 392 3753 Supplicavit
403 3717 521 3754 Nobis,
538 3716 656 3748 dilestus
668 3717 702 3749 &
718 3717 805 3749 fidelis
820 3719 924 3759 Ligeus
936 3720 1050 3760 noster,
1068 3723 1240 3756 Paulinusde

178 3755 483 3799 CarrenoxvChivaler,
504 3756 540 3787 de
556 3756 648 3787 Patria
663 3756 758 3787 nostra
772 3757 969 3797 Aquitanniae,
987 3769 1036 3799 ut,

218 3789 296 3821 Cum
319 3795 374 3831 ipse
397 3795 496 3826 habeat
515 3803 620 3826 certam
642 3795 863 3836 Haereditatem,
882 3805 1012 3828 vocatam
1035 3798 1060 3828 le
1073 3799 1241 3843 Begneyryn

179 3827 216 3858 de
230 3828 420 3870 Chastelnan‚
437 3843 500 3872 quae
512 3834 546 3864 ad
560 3834 650 3871 ipsum
665 3835 802 3872 pertinet,
820 3836 854 3866 &
869 3836 1008 3873 pertinere
1017 3836 1104 3869 debet
1122 3841 1156 3870 ad
1178 3841 1241 3871 Lo-

178 3875 248 3896 cum
262 3869 295 3898 &
315 3868 485 3902 Dominium
501 3872 536 3902 de
551 3872 701 3903 Castelnan
714 3876 742 3903 in
757 3873 886 3912 Medoc,
903 3873 940 3905 de
954 3885 1008 3913 qua
1021 3875 1104 3907 Pater
1121 3877 1184 3910 suus
1206 3880 1241 3910 &

179 3904 377 3949 Anteceffores
391 3908 431 3939 sui
444 3911 473 3940 in
484 3910 662 3942 Poffeffione
674 3912 709 3943 &
724 3912 842 3950 Seilina,
861 3913 878 3942 a
892 3921 949 3944 tem
992 3923 1023 3944 re
1035 3917 1113 3954 cujus
1127 3926 1242 3948 contra—

178 3952 212 3973 rii
229 3946 374 3989 memoria·
386 3956 445 3991 non
466 3948 523 3993 est,
542 3951 711 3988 extiterunt,
729 3960 813 3990 prout
834 3961 884 3989 per
905 3923 1074 3992 ενὶὲἓυιίαε,
1091 3963 1160 3992 quas
1173 3956 1239 3987 inde

177 3982 279 4020 habet,
301 3983 411 4020 plenius
424 3994 527 4022 poterit
540 3997 688 4027 apparere,
839 4023 841 4026 ⁴
927 4019 933 4023 ,

217 4021 262 4064 Ac
275 4025 438 4060 Capitaneus
452 4025 484 4053 de
500 4026 608 4065 Bachai,
625 4027 659 4058 δε
670 4031 802 4058 Dominus
821 4028 854 4059 de
873 4022 1021 4070 castellon,
1038 4029 1146 4062 difflatu
1167 4027 1240 4062 Hae-

176 4059 323 4090 redimtem
337 4061 415 4091 suam
428 4071 514 4093 manu
528 4063 595 4095 forti
608 4065 660 4095 fibi
672 4066 832 4106 detineant,
851 4069 888 4099 ita
901 4069 981 4106 quod
995 4079 1027 4100 en
1047 4069 1130 4100 nullo
1148 4067 1241 4100 modo

175 4098 295 4171 gassige
302 4098 410 4170 Iplefflg’
422 4110 601 4170 lqffmqoem
615 4103 831 4141 idemPaelmus
840 4128 851 4146 ‚
868 4107 1006 4148 quicquid
1022 4107 1162 4147 adipsum
1176 4118 1240 4147 per«

278 4160 285 4169 α
344 4161 352 4169 -
395 4161 404 4178 '.
473 4158 482 4176 ι

29 3673 93 3718 zbid.
112 3672 118 3679 ⁸

1252 156 1735 226 PUssLicA.
2291 190 2318 240 3-

1249 272 1334 302 tineat
1350 271 1441 301 facere
1457 270 1594 311 praefatis,
1612 274 1775 310 Capitam’o,
1794 273 1828 303 &
1841 273 2002 309 Dominolde
2009 271 2159 311 castellan,
2178 273 2308 312 tanquam
2325 270 2401 303 Arm.
2415 267 2457 309 D

1251 308 1388 339 Dominis
1407 310 1494 339 Feodi
1505 332 1514 346 ,
1533 317 1617 346 prout
1639 311 1836 341 Antecessores
1855 311 1937 348 ipsius
1958 311 2067 341 Paulini
2079 322 2143 342 anre
2158 313 2221 342 haec
2235 321 2311 343 temn
2353 316 2439 350 1417.

1250 358 1320 385 pora
1333 349 1478 386 fecerunt,
1493 348 1583 378 facere
1597 349 1624 378 se
1636 349 1732 385 saeplus
1747 350 1897 388 optulerit,
2326 354 2390 378 ch.
2408 360 2438 386 5.

1288 386 1415 416 Velimus
1423 387 1515 417 sibide
1530 386 1673 416 Remedio
1681 389 1846 426 congruoin
1855 388 1906 418 hac
1924 392 1999 425 parte
2013 388 2162 426 providere
2176 391 2309 429 gratiose,

1287 424 1356 454 Nos
1374 425 1587 464 (Supplicationi
1600 426 1742 462 praedictae
1757 435 1926 463 annuentes,
1946 427 2123 466 volentesque
2139 430 2166 457 in
2182 429 2234 458 hac
2248 439 2311 466 par-

1250 471 1279 493 te
1293 463 1352 494 fieri
1368 464 1446 501 quod
1458 463 1498 493 est
1508 462 1627 501 justum)
1645 463 1753 502 Vobis,
1771 466 1804 495 ὃς
1824 465 1940 495 cuilibet
1962 466 2104 504 vestrum,
2122 466 2311 507 Mandamus,

1252 501 1371 531 firmiter
1385 502 1579 541 injungentes,
1600 502 1696 539 quod,

1291 541 1309 559 ²*
1329 540 1445 571 Vocatis
1464 551 1562 570 coram
1577 540 1669 570 Vobis
1680 540 1808 570 Partibus
1829 540 1986 578 praediffls,
2004 543 2156 581 auditisque
2177 544 2312 575 hincinde
2331 540 2345 556 *l
2358 540 2411 568 IX*

1253 588 1348 609 earum
1373 575 1543 609 Rationibus
1565 580 1598 610 S<
1628 578 1872 616 Allcgationibus,
1903 589 1937 610 ac
1963 580 2024 610 vilis
2049 582 2205 613 Evidentiis
2229 583 2313 621 ipsius
2329 581 2397 615 4⁶52

1254 617 1380 656 Paulini,
1397 617 1523 656 Jurcquc
1538 619 1566 648 in
1582 619 1634 647 hac
1652 627 1727 654 parte
1743 618 1882 655 cognito,

1292 656 1395 685 Eidem
1418 656 1534 686 Paulino
1554 656 1604 693 Jus
1625 658 1658 688 &
1676 656 1773 686 celeris
1788 654 1908 692 justitiae
1932 657 2178 693 complementum
2200 659 2258 690 fieri
2280 661 2315 691 &

1254 694 1378 724 exhiberi
1400 694 1502 725 faciatis
1520 696 1599 732 juxm.
1622 694 1730 731 Leges,
1752 693 1842 723 Foros
1859 717 1868 731 ,
1886 694 1920 724 Sc
1941 694 2167 727 Consuetudincs
2190 698 2317 728 Partium

1255 733 1474 771 praedictarum,
1491 733 1622 764 faciendo
1643 733 1777 770 praefatis,
1796 735 1961 770 Capitaneo,
1978 733 2010 764 ὃς
2031 736 2147 765 Domino
2167 736 2197 765 de
2217 736 2318 776 Castel-

1255 770 1315 808 Ion,
1331 779 1464 809 tanquam
1481 770 1616 801 Dominis
1627 771 1650 801 F
1652 772 1731 809 eodi,
1751 779 1846 801 totum
1859 771 1887 801 id
1903 771 1982 809 quod
1995 771 2029 801 ad
2042 772 2114 809 ipsos
2133 776 2269 810 pertinet,
2287 777 2318 807 in

1256 810 1350 840 forma
1363 808 1526 847 supradicta.
2260 809 2268 813 ”

1295 846 1387 878 Teste
1403 847 1486 888 Rege
1498 847 1572 888 apud
1584 847 1821 887 sathan-qnoniam
1836 845 2009 879 Undecimo
2023 848 2082 879 Die
2091 848 2169 886 Julii.

1947 927 2001 955 Per
2013 924 2097 965 ipsum
2107 928 2212 964 Regem.

1261 1001 1349 1064 ET
1369 1002 1551 1051 Mandatum¹
1563 1001 1605 1032 est
1623 1002 1760 1040 praefatis,
1779 1005 1943 1048 Capieaneo,
1962 1003 1995 1034 &
2016 1006 2152 1047 Domino,
2170 1005 2205 1036 &
2221 1014 2322 1050 eorum

1339 1042 1432 1078 alteri,
1448 1042 1531 1080 quod
1545 1041 1593 1079 ipsi
1608 1041 1758 1078 praefatum
1770 1040 1916 1071 Paulmum
1930 1041 2105 1072 l-Iaereditate
2119 1042 2166 1072 sua
2187 1044 2323 1082 praedicta

1260 1080 1676 1156 unTssgst{a3?eL{germittant‚
1694 1089 1779 1118 prout
1794 1080 1993 1111 Antecessores
2007 1080 2046 1110 sui
2060 1090 2138 1112 antea
2153 1081 2290 1114 fecerunt.

1944 1158 1997 1187 Per
2010 1156 2094 1197 ipsitm
2109 1161 2215 1196 Regem.

2206 1236 2327 1244 ——--

1595 1282 1655 1312 Pro
1674 1280 1796 1323 Infante
1815 1282 2000 1328 Portugaliae.

1269 1363 1404 1421 REX,
1419 1363 1568 1397 Univerfis
1582 1365 1615 1395 Sc
1631 1364 1750 1404 Singulis
1764 1364 1939 1405 Admirallis‚
1957 1367 2016 1398 &c.
2037 1367 2072 1398 ad
2088 1377 2177 1407 quos,
2195 1370 2256 1400 &c.
2281 1369 2332 1400 Sa-
2350 1365 2426 1398 Ann.
2437 1358 2481 1402 D}

1347 1404 1444 1433 lutem.
2368 1416 2380 1436 J
2409 1415 2454 1443 χῖ,

1303 1441 1400 1472 Sciatis
1414 1441 1509 1480 quod,
1528 1441 1564 1471 de
1579 1441 1680 1472 Gratia
1694 1441 1789 1473 nostra
1804 1442 1932 1480 speciali,
1952 1442 2152 1474 Conceffirnus
2169 1446 2202 1475 &
2225 1446 2330 1477 Licen-
2349 1415 2404 1472 14214
2416 1455 2445 1480 5.

1266 1481 1335 1510 tiam
1351 1480 1490 1512 Dedimus
1508 1483 1589 1510 Petro
1604 1480 1713 1510 Lohato
1728 1480 1864 1511 Chivaler
1878 1482 1911 1511 &
1924 1481 1959 1511 N
1963 1484 2048 1512 uncio
2064 1486 2140 1519 Regis
2157 1485 2330 1523 Portugaltae‚
2350 1490 2382 1511 H-
2401 1494 2426 1518 5⁴-

1267 1519 1414 1549 Avunculi
1435 1519 1523 1549 nostri
1544 1518 1705 1557 Cariffimi,
1723 1520 1804 1558 quod
1827 1520 1884 1558 ipse
1902 1520 2074 1550 Trescentos
2096 1521 2193 1551 Fustes
2207 1523 2331 1554 Lancea-
2349 1527 2436 1550 Fraus.
2454 1524 2483 1557 52

1266 1568 1349 1595 rum,
1367 1557 1401 1587 ad
1414 1568 1505 1596 opus,
1524 1558 1652 1588 Potentis
1673 1558 1832 1596 Principis,
1850 1557 1966 1589 Infantis
1987 1559 2111 1589 Domini
2131 1563 2261 1600 Henrzci,
2280 1563 2330 1592 Se-
2351 1568 2383 1589 ri.
2394 1570 2462 1596 5.m.

1267 1598 1353 1627 nioris
1371 1597 1432 1626 Filii
1446 1596 1574 1634 praediffi
1592 1596 1735 1627 Avunculi
1756 1597 1859 1636 nostri,
1877 1597 1911 1628 ad
1933 1597 2095 1628 faciendum
2119 1598 2263 1630 Guerratn
2287 1601 2331 1631 su-
2352 1609 2394 1636 14-

1267 1646 1316 1674 per
1329 1635 1494 1666 incredulos
1506 1637 1539 1667 ὅτ
1555 1634 1692 1666 Inimicos
1706 1635 1877 1666 Christianae
1893 1635 1985 1674 Fidei,
2002 1646 2034 1667 ac
2055 1638 2140 1667 etiam
2159 1638 2232 1667 Tres
2254 1638 2334 1669 Pale-

1268 1674 1373 1712 fi-idos,
1392 1675 1426 1704 &
1445 1684 1534 1704 unum
1557 1673 1726 1704 Herneflum
1747 1679 1801 1711 pro
1823 1673 1957 1712 Corpore
1978 1675 2027 1705 suo
2052 1677 2169 1712 proprio
2192 1675 2334 1714 Comple-

1269 1721 1350 1751 tum,
1368 1712 1470 1750 absque
1493 1711 1634 1743 Custuma
1654 1713 1699 1743 seu
1719 1712 1851 1744 Subsidio
1867 1736 1878 1752 ,
1895 1713 1929 1744 ad
1949 1723 2022 1752 opus
2041 1713 2173 1745 nostrum
2196 1715 2338 1754 capiendis

1269 1752 1316 1782 seu
1331 1751 1489 1790 solvendis,
1506 1749 1651 1781 traducere
1664 1750 1758 1789 possit.

1309 1789 1344 1821 In
1359 1791 1455 1828 cujus,
1471 1792 1534 1822 &c.

1345 1828 1434 1860 Teste
1449 1828 1531 1869 Rege
1543 1828 1618 1866 apud
1631 1828 1820 1867 suthampton.
1833 1831 1879 1860 xii.
1894 1829 1940 1860 die
1950 1830 2029 1868 Julii.

1777 1908 1832 1937 Per
1845 1909 1941 1938 Breve
1955 1908 1987 1937 de
2002 1909 2121 1938 Privato
2134 1908 2234 1947 Sigillo.

1428 2035 1487 2066 Pro
1507 2033 1618 2066 Karolo
1635 2033 1672 2066 de
1692 2035 1855 2066 Beaumont
1867 2060 1876 2077 ,
1894 2034 1986 2080 fitper
2003 2035 2184 2067 Annuitate.

1277 2116 1582 2189 ΚΕὲἰὸἳὸωἙε
1595 2118 1631 2150 ad
1644 2128 1737 2158 quos,
1750 2120 1813 2151 ecc.
1832 2118 1967 2150 saiutem.
2359 2113 2440 2194 [iffi
2447 2105 2491 2192 {3}

1275 2194 1395 2264 vaffgm
1408 2220 1418 2234 ,
1437 2169 1556 2227 dileqecus
1575 2181 1660 2227 {iobis
1675 2220 1685 2235 ,
1702 2195 1823 2227 Karalus
1843 2196 1875 2226 de
1896 2199 2066 2236 Beaumont,
2085 2196 2193 2228 Alferiz
2214 2197 2251 2228 de
2272 2196 2340 2227 Na—
2356 2177 2475 2267 ἔνιά-ὣ·

1363 2257 1373 2272 5
2387 2255 2392 2259 .
2437 2252 2444 2258 0

1312 2273 1392 2312 Qi,
1410 2273 1445 2305 ad
1460 2273 1618 2313 Receptam
1631 2274 1772 2304 Scaccarii
1786 2273 1891 2310 nostri,
1909 2273 2053 2311 quandam
2068 2275 2254 2305 Annuitatem
2273 2273 2340 2307 Du—
2359 2270 2418 2299 ΡΜ·
2441 2276 2468 2306 5'·

1276 2320 1425 2343 centarum
1438 2314 1472 2345 &
1489 2313 1703 2353 Quinquaginta
1716 2312 1882 2342 Marcarum
1896 2322 1946 2349 per
1960 2313 2080 2343 Annum
2094 2314 2230 2351 percipit,
2360 2314 2388 2337 H
2391 2332 2396 2337 ·
2407 2318 2424 2344 5
2429 2317 2483 2343 -mf

1314 2349 1350 2380 In
1371 2352 1519 2383 voluntate
1539 2351 1634 2382 existat
1654 2350 1836 2382 Restituendi
1861 2350 1965 2382 Literas
1987 2350 2133 2390 Parentes,
2151 2353 2202 2382 sibi
2223 2350 2291 2382 inde
2304 2351 2345 2382 fa-
2364 2356 2411 2385 2¹2

1276 2388 1335 2421 &as
1347 2412 1357 2428 ,
1381 2391 1411 2420 in
1431 2389 1605 2426 Cancellaria
1626 2389 1721 2421 nostra
1744 2389 1948 2420 Canceuandas
1961 2414 1971 2427 ‚
1995 2390 2030 2420 ad
2049 2391 2240 2422 intentionem
2262 2391 2346 2429 quod

1276 2427 1417 2468 Karalus,
1434 2429 1521 2459 Filius
1534 2429 1614 2466 suus,
1633 2429 1753 2459 eandem
1767 2428 1872 2459 habere
1886 2427 1989 2467 poffit,

1316 2466 1402 2506 Nos,
1419 2467 1456 2498 de
1469 2467 1571 2498 Gratia
1584 2467 1681 2498 nostra
1695 2468 1821 2505 speciali,
1839 2468 1873 2498 &
1888 2477 1940 2504 pro
1951 2477 1988 2497 eo
2003 2466 2083 2506 quod
2098 2468 2174 2498 idern
2190 2466 2348 2497 Karalusde

1277 2508 1431 2536 Beaumont
1453 2507 1561 2537 Literas
1584 2506 1730 2544 praedic'cas
1752 2505 1852 2536 Nobis
1868 2507 1896 2535 in
1917 2504 2090 2536 Cancellaria
2104 2507 2198 2537 nostra
2212 2506 2348 2544 praedicm

1278 2545 1414 2576 Restituit
1432 2544 1650 2584 Cancellandas,
1668 2545 1703 2575 ad
1716 2544 1960 2583 Supplicationem
1975 2545 2083 2582 praefati
2097 2544 2195 2575 Karoli
2209 2546 2242 2574 de
2255 2547 2348 2573 Beuu—

1277 2590 1370 2623 mont,
1389 2586 1423 2616 &
1437 2590 1491 2622 pro¹
1504 2585 1587 2615 bono
1600 2584 1724 2614 Servitio
1738 2584 1818 2622 quod
1834 2583 1987 2621 praediekus
2006 2583 2126 2613 Karalus
2148 2583 2234 2613 Filius
2248 2582 2349 2613 Nobis

1279 2622 1420 2660 impendit
1434 2624 1467 2654 &
1483 2622 1629 2661 impendet
1644 2624 1674 2653 in
1687 2622 1833 2660 futurum,
1851 2621 2056 2653 Conceffimus
2070 2623 2096 2653 ei
2111 2623 2218 2653 dictam
2235 2621 2347 2652 Annui-

1278 2669 1367 2692 tatem
1384 2661 1582 2692 Ducentarum
1596 2663 1630 2692 &
1646 2662 1861 2700 Qiinquaginta
1875 2660 2040 2692 Marcarum
2054 2670 2103 2698 per
2127 2662 2265 2698 Annum,
2282 2662 2348 2689 rHa-

1278 2700 1394 2730 bendam
1408 2701 1441 2732 ὃς
1459 2701 1677 2739 Percipiendam,
1697 2710 1751 2738 pro
1764 2700 1911 2730 Termino
1928 2701 1994 2731 vitae
2018 2699 2089 2737 suae,
2107 2700 2141 2730 ad
2163 2700 2347 2730 Scaccarium

1279 2739 1430 2778 nostrum,
1445 2739 1480 2770 ad
1499 2739 1658 2770 Terminos
1677 2738 1773 2769 Samen
1795 2738 1946 2769 Michaelis
1969 2740 2003 2770 &
2018 2737 2147 2776 Paschae,
2164 2748 2214 2779 per
2227 2737 2347 2776 aequalae

1279 2778 1450 2816 Portiones,
1468 2778 1574 2809 eodem
1587 2778 1678 2809 modo
1695 2787 1754 2816 quo
1770 2777 1921 2816 praedictus
1936 2777 2056 2808 Karalus
2071 2777 2104 2807 de
2117 2779 2272 2808 Beaumont
2284 2783 2349 2807 eam

1280 2816 1378 2848 habuit
1390 2817 1423 2847 &
1438 2818 1574 2855 percepit.

1319 2855 1353 2886 In
1368 2856 1462 2893 cujus,
1481 2857 1543 2887 &c.

1353 2893 1444 2926 Teste
1459 2893 1543 2934 Rege
1557 2893 1632 2933 apud
1645 2892 1834 2932 Suthampton.
1850 2894 1906 2924 xiv.
1925 2891 1972 2924 die
1980 2893 2059 2932 Juliia

1787 2972 1841 3000 Per
1854 2972 1946 3000 Breve
1958 2971 1992 3001 de
2008 2973 2128 3001 Privato
2143 2959 2245 3009 Sigilloss

1391 3097 1484 3142 Super
1501 3097 1647 3128 Financia
1658 3121 1669 3137 ,
1690 3104 1746 3140 pro
1766 3095 1877 3126 Fratre
1894 3094 1993 3126 Ducis
2009 3093 2240 3136 Aurelianenfin

1282 3178 1416 3238 REX,
1432 3190 1481 3218 per
1497 3180 1607 3212 Literas
1620 3179 1678 3211 suas
1694 3178 1842 3218 Patentes,
1861 3179 1947 3217 usque
1961 3178 2094 3210 ultimum
2112 3178 2202 3208 Diem
2222 3174 2346 3216 Augusti
2361 3183 2438 3216 Ann',
2452 3183 2496 3218 D]

1379 3221 1492 3250 roximo
1514 3220 1641 3250 futurum
1663 3218 1804 3250 duraturas
1818 3240 1828 3256 ,
1842 3218 1958 3255 suscepit
1978 3219 2007 3247 in
2029 3217 2135 3248 salvum
2158 3217 2191 3248 &
2213 3216 2344 3248 securum
2391 3232 2477 3263 1417,

1282 3257 1352 3288 Con
1374 3258 1475 3289 ustum
1497 3258 1594 3296 suum,
1611 3267 1644 3288 ac
1666 3259 1696 3287 in
1718 3256 1952 3295 protectionem,
1969 3257 2160 3294 Tuitionem,
2179 3255 2212 3286 &
2234 3255 2345 3286 Defen-
2360 3266 2410 3291 An,
2427 3273 2457 3298 5,

1282 3297 1391 3328 fionem
1409 3296 1467 3327 suas
1486 3297 1630 3335 speciales,
1650 3295 1836 3326 Aubertinum
1859 3294 2011 3334 Voillesenes
2024 3317 2033 3333 ,
2054 3294 2238 3325 Aurifabrum
2260 3297 2344 3325 Ducis
2361 3307 2396 3328 H.
2414 3311 2443 3336 5,

1280 3335 1504 3377 Aurelianensis,
1524 3336 1721 3367 Mercatorem
1739 3335 1758 3354 ³¹²
1779 3334 1908 3372 Parisius,
1926 3335 1955 3364 in
1972 3333 2108 3372 Regnum
2124 3333 2214 3372 Regis
2222 3333 2344 3374 Angliae,
2360 3344 2449 3366 franc.
2467 3344 2498 3374 f:

1281 3385 1352 3406 cum
1400 3383 1500 3406 uatuor
1511 3375 1557 3406 vel
1574 3375 1714 3414 Qinque
1727 3372 1873 3411 Personis‚
1891 3374 1921 3403 in
1936 3371 2085 3404 Comitiva
2098 3371 2162 3411 sua,
2180 3373 2209 3402 in
2225 3373 2344 3412 quadam
2360 3382 2394 3405 H.
2417 3387 2444 3413 5.
2457 3386 2497 3413 m,

1281 3413 1380 3453 Navi,
1398 3416 1456 3445 live
1468 3413 1631 3454 Balingera,
2306 3450 2310 3455 η
2364 3426 2406 3452 ¹4·

1281 3452 1368 3531 71εῇεέ
1384 3452 1582 3485 Τηᾶαηάυῑη
1593 3452 1628 3482 de
1641 3451 1665 3483 F
1666 3451 1775 3482 inancia
1787 3460 1841 3489 pro
1854 3448 1987 3488 Johanne
2000 3452 2100 3480 Fratre
2115 3452 2200 3480 Ducis
2210 3445 2343 3478 Aurelza«
2362 3454 2451 3529 2616&

1373 3514 1392 3536 ³,
2422 3512 2431 3527 ·.
2447 3525 2451 3529 .

1318 3530 1489 3569 Vemendo,
1504 3530 1612 3560 ibidem
1633 3528 1776 3560 morando
1789 3551 1800 3567 ,
1821 3527 1855 3559 &
1874 3526 1974 3558 exinde
1994 3526 2030 3558 ad
2051 3528 2163 3565 propria
2184 3522 2347 3568 redeundo,

1282 3579 1398 3600 necnon
1412 3569 1532 3599 Navem
1546 3569 1602 3600 sive
1617 3568 1793 3606 Balingeram
1805 3565 1987 3604 praedi&am,
2005 3566 2194 3605 Navigatores
2208 3565 2241 3595 &
2255 3561 2350 3606 Mari-

1283 3609 1375 3638 narios
1395 3607 1517 3646 ejusdem
1531 3630 1541 3645 ,
1559 3616 1592 3638 ac
1613 3607 1692 3637 Bona
1706 3629 1715 3643 ,
1735 3605 1796 3635 Res
1817 3605 1850 3634 &
1870 3604 2005 3648 l-lernesia
2026 3605 2071 3635 sua
2093 3610 2300 3642 quaecumque,
2318 3610 2349 3630 iri

1283 3646 1366 3678 Navi
1378 3645 1436 3677 sive
1450 3645 1592 3684 Balingera
1603 3645 1738 3686 praedicia
1753 3643 1914 3681 existentm3
2217 3680 2221 3685 ι
2238 3681 2241 3684 Α

1321 3684 1441 3715 Proviso
1460 3684 1569 3722 semper
1588 3685 1668 3723 quod
1693 3683 1772 3713 idem
1793 3684 1982 3721 Aubertinus‚
1999 3680 2062 3717 &a
2076 3687 2106 3710 ut
2122 3682 2151 3709 in
2165 3676 2291 3717 fimtltbus
2312 3677 2345 3709 de

1284 3724 1422 3754 Conduc‘lu
1439 3726 1553 3754 Literis.

1321 3761 1356 3793 In
1372 3761 1468 3801 cujus,
1486 3763 1548 3793 &c.
2082 3795 2087 3800 Δ
2170 3794 2185 3800 ..

1359 3800 1449 3833 Teste
1466 3801 1550 3841 Rege
1565 3800 1639 3841 apud
1655 3798 1799 3832 Waltham
1812 3798 1928 3831 decimo
1941 3792 2048 3828 octavo
2060 3795 2105 3826 die
2118 3793 2196 3833 Julii.·

1970 3875 2022 3902 Per
2041 3869 2123 3910 ipfiam
2138 3873 2243 3909 Regem,
