2562 4274
2 0 6 40 Ι

25 187 101 222 Ann.
117 181 158 219 D.

49 234 132 266 1405.

32 272 97 295 Hm.
112 275 141 301 4.

29 1404 48 1424 ι*
73 1407 156 1433 vni.

48 1446 112 1481 39⁶.

43 3465 118 3497 Arin.
129 3465 171 3496 D.

64 3513 146 3544 1405.

43 3547 138 3571 asn.6.

43 3586 78 3608 H.
97 3591 125 3617 4.

42 3619 107 3647 [hid.
124 3629 159 3648 m.

46 3667 71 3694 3.

748 118 857 165 ET
920 120 1729 177 ACTAT’UBLICA„

179 205 312 237 Generali
336 205 453 238 Ordinis
478 204 570 237 Beatae
595 205 695 236 Mariae
720 206 974 240 Theutonicorum
997 210 1240 249 jerusolimitanO,

178 245 221 275 seu
237 246 316 282 ipsius
339 244 590 276 Ambaffiatoribus
604 245 650 274 vel
673 244 708 274 N
711 248 799 275 unciis
823 247 1047 286 quibuscumque
1064 271 1073 286 ,
1100 249 1240 280 sufficien-

176 291 234 313 tem
255 283 423 315 potestatem
444 281 664 312 &Mandatum
686 282 803 320 speciale
819 285 852 313 ad
874 286 932 316 hoc
955 287 1137 323 habentibuS,
1160 288 1238 324 super

177 322 400 361 quibuscumque
417 319 649 358 Qaestionibus,
663 319 920 361 contentionibus,
935 323 1092 364 Dampnis,
1112 325 1238 364 Injuriis,

177 359 357 397 Excessibus,
373 357 664 395 Riotis,Discordiis,
681 356 714 388 &
729 358 863 397 Debatis,

215 397 289 427 Inter
304 397 389 434 Nos,
405 397 512 433 Ligeos
524 418 534 434 ,
554 397 588 427 ὃς
611 396 743 426 Subditos
767 397 895 437 nostros,
918 401 952 432 ὃς
973 400 1034 431 illos
1056 400 1091 431 de
1115 401 1236 441 Prucia,

171 433 205 467 &
228 435 294 466 alios
306 435 378 465 dieti
398 433 527 465 Maoistri
543 434 678 465 Subditos
692 434 905 474 quoscumque,
917 440 1025 470 ratione
1048 440 1092 470 vel
1111 441 1237 471 occasio-

173 484 208 503 ne
224 473 432 503 Arestationum
452 458 588 503 {Navium
610 483 643 503 ac
669 472 788 503 aliorum
807 473 960 514 Vasorum,
979 477 1155 515 Captionum
1177 479 1234 509 Bo-

172 522 273 542 norum
287 512 319 542 &
344 510 584 541 Mercandisarum
600 533 610 548 ,
637 512 754 553 nomine
778 511 912 551 Marquae
932 515 976 547 seu
998 515 1211 554 Repi-isaliamm
1224 539 1233 553 ‚

171 547 218 580 aut
235 549 291 593 alio
307 550 408 587 quovis
421 549 511 581 modo
526 549 569 580 vel
583 551 733 580 Occallone
755 560 935 590 quacumque
948 576 958 592 ,
981 556 1064 585 motis
1084 558 1187 586 mutuo
1202 556 1236 586 &

172 596 274 618 exortis

211 626 247 656 Et
263 611 423 664 liiijuimodi
446 624 641 668 Quaestiones,
659 623 868 658 Contentiones
881 651 891 666 ,
921 629 1057 668 Dampna
1073 654 1082 669 ,
1103 631 1236 669 Injurias,

176 664 324 703 Exceffus,
341 665 455 702 Riotas,
470 663 650 708 Discordia-S,¹
661 663 695 693 &
708 662 833 696 Debatas
849 666 1098 707 Reformandum,
1116 669 1238 700 Redi-es—

175 702 311 740 santium,
326 702 503 740 Sedandum,
525 701 721 740 Sopienuum,
742 702 930 744 Finiendum,
945 702 1178 743 Pacifimndum,
1201 718 1234 738 ac

177 741 212 772 de
229 742 261 771 &
279 740 357 778 super
380 740 484 772 eisdem
500 739 752 779 componendum,

215 780 417 818 Quaecumque
438 779 523 809 etiam
537 777 779 816 Transgreffiones
793 803 803 818 ,
829 780 963 819 Dampna
978 804 989 820 ,
1015 781 1235 821 Mesprisiones,

176 816 328 856 Exceffus,
344 817 499 848 Violentias
509 839 518 854 ,
532 817 564 847 &
580 815 716 855 IniuriaS,
730 827 780 855 per
800 819 882 858 Nos,
900 821 1020 859 Ligeos,
1042 821 1086 850 vel
1102 820 1237 852 Subditos

175 855 304 894 nostros,
317 856 398 887 dieto
415 855 559 893 Magistro
573 854 724 894 Generali,
740 856 784 886 vel
802 858 884 895 ipsius
903 858 1044 895 Subdit'w,
1055 860 1156 898 quovis
1171 869 1235 889 mo-

174 893 233 932 do,
247 894 374 925 indebite
386 902 564 932 attemptata,
579 893 667 931 faeta,
683 894 727 924 vel
742 894 829 932 illata,
850 894 1080 927 Reformandum
1096 919 1106 935 ,
1138 895 1235 935 Repa-

175 932 310 971 randum,
323 932 550 963 Restaurandum
567 933 601 963 &
617 931 854 970 Emendandum,

211 969 434 1011 Consimilesque
455 970 673 1007 Restitutiones‚
697 969 898 1010 Reparationes
912 993 922 1007 ,
945 969 1184 1012 Restaurationes‚
1199 974 1233 1005 &

172 1007 396 1040 Emendationes
409 1010 444 1040 de
459 1008 577 1047 praefato
600 1006 761 1045 Magistro,
776 1007 815 1052 &¹
828 1006 977 1046 Deputatis
990 1010 1059 1050 suis,
1075 1022 1126 1049 pro
1148 1011 1184 1042 Se
1199 1014 1233 1044 ὃς

173 1047 299 1078 Subditis
318 1047 372 1079 suis
387 1047 627 1086 quibuscumque,
651 1055 703 1088 pro
721 1045 830 1089 ‚Nobis
853 1048 887 1079 δε
902 1047 1027 1080 Subditis
1040 1050 1158 1089 nostris,
1173 1050 1236 1080 Re-

175 1087 361 1125 quirendum,
375 1085 532 1116 Petendum
542 1106 552 1122 ,
570 1084 603 1114 δε
622 1082 856 1126 Recipiendum,

211 1125 341 1155 Necnon
354 1125 388 1155 ad
403 1123 601 1154 Tradiandum
622 1121 753 1161 ulterius,
775 1122 1037 1165 Concludendum‚
1059 1126 1092 1157 ὅτ.
1115 1125 1236 1158 Conve-

172 1163 310 1194 niendum
323 1173 391 1194 cum
405 1161 507 1192 eodem
524 1158 664 1199 Magistro
679 1184 689 1198 ,
711 1169 757 1191 aut
779 1161 1029 1194 Ambaffiatoribus
1050 1166 1084 1196 &
1109 1165 1236 1196 Nunciis

172 1201 225 1232 suis
238 1201 395 1239 praediCtis,
408 1199 486 1237 super
507 1198 727 1238 quibuscumque
742 1198 1065 1240 Confoederationibus,
1090 1203 1187 1242 Ligis,
1201 1205 1235 1235 &

174 1239 315 1270 Amicitii's
330 1239 509 1277 specialibus,
524 1237 739 1275 temporalibus,
762 1238 807 1269 vel
829 1241 986 1278 perpetuis,
1000 1242 1071 1271 inter
1087 1242 1171 1280 Nos,
1187 1241 1238 1272 Li-

195 1288 261 1316 eos,
276 1277 427 1315 Subditos,
442 1276 565 1313 Regna,
581 1276 614 1306 &
635 1274 778 1306 Dominia
791 1277 884 1307 nostra
899 1288 1103 1317 quaecumque,
1118 1289 1152 1310 ex
1167 1281 1238 1318 una,

228 1317 317 1354 ipsum
333 1315 507 1355 Magistrum
516 1336 526 1353 ,
539 1313 672 1357 Subditos
680 1335 690 1352 ,
701 1313 821 1352 Patrias,
835 1315 868 1346 &
882 1315 1022 1347 Dominia
1035 1319 1080 1348 sua
1095 1327 1240 1356 quaecum-

175 1365 249 1394 que,
266 1364 299 1384 ex
317 1364 391 1392 parte
405 1355 486 1384 altera
502 1351 645 1395 ineundis,
736 1390 741 1396 ⁸

213 1394 233 1414 '¹‘
253 1393 298 1424 Ac
311 1393 347 1422 de
364 1391 685 1423 Communicationibus
698 1412 707 1428 ,
733 1398 806 1421 mter
826 1390 977 1431 Subdstos,
1001 1393 1070 1424 hinc
1092 1394 1160 1426 inde
1175 1418 1184 1434 ,
1208 1396 1239 1426 in

175 1431 376 1463 Mercimoniis
394 1432 427 1462 δε
445 1430 503 1460 aliis
525 1429 622 1466 licitis,
638 1428 735 1458 secure
748 1430 781 1459 &
797 1431 978 1462 amicabiliter
994 1431 1145 1472 faciendis,

215 1471 259 1501 Ac
277 1469 356 1507 super
375 1468 510 1499 omnibus
532 1467 565 1497 &
582 1466 690 1496 sinvulis
712 1467 845 1498 Articulis
860 1491 870 1507 ,
892 1478 1156 1509 quantumcumque
1179 1471 1238 1509 spe-

178 1509 309 1546 cialibus,
325 1508 372 1546 qui
389 1507 490 1544 Ligas‚
505 1490 775 1536 Confoederationes
789 1529 798 1544 ,
818 1506 861 1537 seu
887 1509 1053 1546 Amicitias,
1077 1511 1148 1540 inter
1170 1510 1240 1541 Nos

178 1549 212 1579 ὃς
234 1547 401 1585 praedictum
417 1543 589 1583 Magistrum
605 1542 752 1574 firmandas
784 1554 830 1575 aut
853 1546 1015 1586 hujusmodi
1039 1548 1236 1588 Qioestiones,

178 1585 405 1623 Contentiones,
418 1583 573 1620 Dampna,
597 1580 728 1620 Injurias,
746 1567 896 1622 ssxceffiis,
915 1584 1029 1622 Rioms,
1059 1586 1240 1626 Discordias,

182 1625 216 1655 ὅ(
235 1623 376 1661 Debatas,
397 1623 500 1652 mutuo
524 1620 754 1659 Reformandas,
794 1631 969 1654 concernere
992 1631 1127 1662 poterunt
1142 1628 1242 1664 quovis

179 1662 288 1701 modo,
308 1672 377 1693 cum
395 1669 498 1691 eorum
518 1657 727 1697 Incidentibus,
745 1661 954 1699 emergentibus
969 1685 979 1701 ,
1004 1663 1243 1704 dependentibus,

180 1702 214 1733 &
237 1702 389 1739 connexis,

219 1740 420 1779 Qiaecumque
433 1737 540 1776 insuper
559 1736 629 1768 Dies
646 1737 678 1770 &
698 1737 795 1776 Loca,
813 1738 847 1768 ad
870 1738 1090 1776 Expeditionem
1105 1740 1243 1773 Praemis-

177 1778 289 1818 sorum,
303 1779 332 1808 in
352 1778 432 1809 Parte
453 1778 497 1808 vel
515 1778 546 1806 in
564 1785 648 1814 toto,
670 1777 820 1807 necessaria
839 1778 884 1807 vel
904 1788 1063 1817 oportuna,
1090 1779 1242 1820 Praefigen-

174 1817 267 1856 dum,
283 1815 478 1848 Limitandum
496 1839 505 1854 ,
530 1816 563 1846 &
584 1815 793 1852 Affignandurn
808 1838 818 1854 ,
837 1826 871 1846 ac
894 1817 923 1846 in
952 1826 999 1847 eos
1027 1818 1061 1848 ὅτ.
1086 1828 1117 1850 ea
1138 1829 1245 1851 conve-

181 1857 316 1887 niendum
333 1857 367 1888 &
389 1854 644 1892 concordandum,

218 1895 348 1926 Necnon
363 1895 460 1924 omnia
477 1895 510 1925 &
529 1892 650 1932 singula,
669 1902 731 1930 quae
750 1892 787 1923 fic
806 1893 959 1932 Tractata,
977 1893 1148 1932 Conventa,
1170 1894 1244 1926 Pro-

180 1932 281 1972 miffa,
296 1932 485 1970 Reformata,
504 1931 592 1961 Finita
608 1953 618 1968 ,
644 1931 811 1961 Terminata
827 1954 836 1968 ,
867 1932 900 1961 &
919 1932 1104 1963 Concordata
1122 1933 1243 1973 fuerint,

182 1981 250 2002 curn
273 1973 356 2001 omni
368 1970 537 2007 Securitate‚
559 1968 652 2000 debita
666 1970 700 2000 &
716 1968 834 2000 honesta
848 1970 876 1999 in
889 1971 947 2001 hoc
964 1970 1036 2001 Casu
1059 1972 1091 2001 ὃς
1114 1971 1167 2002 hac
1193 1973 1245 2003 Vi-

183 2020 237 2048 ce,
264 2009 399 2040 Nomine
416 2008 514 2039 nostro
526 2030 536 2046 ,
573 2007 689 2038 firmiter
719 2008 753 2038 &
783 2008 984 2040 inviolabiliter
1008 2009 1245 2050 Observandum,

182 2047 371 2086 Vallandum‚
391 2047 424 2078 &
441 2046 646 2084 Firmandum,
872 2086 877 2091 ¹
1060 2087 1066 2093 .

219 2086 464 2124 consimilemque
485 2084 670 2115 Securitatem
686 2107 695 2122 ,
717 2093 769 2122 pro
792 2085 892 2116 Nobis
913 2086 948 2117 δε
968 2085 1106 2118 Nomine
1127 2086 1243 2127 nostro,

180 2125 340 2157 Petendum
350 2148 359 2164 ,
376 2123 589 2162 Stipulandum,
605 2123 638 2153 &
653 2121 884 2163 Recipiendum,

214 2163 429 2203 Jurandumque
443 2163 473 2193 in
490 2162 628 2192 Animam
648 2160 773 2192 nostram
793 2163 874 2200 quod
895 2162 964 2194 Nos
984 2163 1136 2203 Tradiata,
1159 2163 1241 2196 Con-

182 2212 285 2241 venta,
300 2202 334 2233 &
356 2200 556 2238 Concordata,
577 2199 736 2240 Promissa,
751 2200 934 2240 Reformata,
958 2201 1065 2241 Finita,
1080 2204 1114 2235 &
1127 2204 1244 2235 Termi-

184 2249 247 2272 nata
267 2242 298 2270 in
318 2241 371 2271 hac
390 2247 480 2278 parte,
501 2239 573 2269 Rata
593 2238 774 2277 habebimus,
787 2241 820 2270 ὃς
837 2238 925 2270 Grata
940 2242 1040 2278 pariter
1055 2243 1088 2272 &
1103 2241 1244 2285 Accepta,

183 2289 239 2309 nec
254 2279 357 2316 aliquid
372 2278 591 2308 Procurabimus
609 2276 655 2307 vel
670 2277 893 2316 Faciemus,per
911 2279 988 2317 quod
1003 2279 1246 2318 Tra&ata,Con-

184 2325 266 2347 venta
276 2339 284 2354 ,
301 2316 502 2353 Concordata,
516 2315 673 2353 Promissa,
690 2315 871 2355 Reformam,
888 2317 995 2356 Finita,
1011 2318 1195 2358 Terminata,
1210 2321 1243 2350 &

185 2353 331 2385 Concessa
346 2354 524 2392 huiusmodi,
543 2352 651 2386 effectu
671 2353 769 2385 debito
791 2354 915 2386 frustrari
938 2365 1088 2396 poterunt,
1111 2358 1157 2388 seu
1173 2368 1245 2396 quo-

184 2393 344 2430 modolibet
359 2393 510 2431 impediri,

224 2432 270 2463 Ac
292 2432 487 2470 juramentum
513 2429 659 2461 consimile
682 2430 718 2461 ab
739 2430 842 2462 eodem
866 2432 1005 2472 Magistro
1031 2443 1077 2465 aut
1099 2433 1246 2474 Deputatis

184 2470 237 2501 suis
252 2470 429 2508 Petendum,
448 2469 627 2506 Exigendum
637 2488 647 2507 ,
662 2469 694 2499 &
709 2468 923 2507 Recipiendum
933 2493 943 2509 ,

222 2508 392 2546 Caeteraque
406 2509 507 2538 omnia
522 2509 555 2538 δε
570 2507 674 2545 singula
687 2507 1122 2549 Faciendum‚Excercendum,
1137 2512 1172 2542 ὃς
1188 2510 1247 2542 Ex-

183 2546 355 2585 pediendum
377 2556 440 2586 quae
459 2547 488 2575 in
507 2545 659 2575 Praemiisis
678 2546 711 2575 &
729 2547 805 2576 circa
820 2557 852 2577 ea
870 2547 915 2578 seu
932 2557 1030 2578 eorum
1056 2548 1169 2586 aliquod
1195 2560 1245 2580 ne-

186 2584 300 2616 cessaria
315 2584 419 2616 fuerint
435 2584 481 2614 vel
495 2583 713 2622 quomodolibet
727 2592 925 2623 oportuna,ac
938 2596 1002 2623 quae
1020 2587 1133 2624 qualitas
1149 2588 1183 2618 &
1196 2598 1246 2619 na-

184 2631 246 2655 tura
264 2623 425 2662 hujusmodi
440 2622 561 2662 Negotii
577 2623 694 2659 exigunt
714 2623 747 2653 &
765 2624 925 2664 requirunt,
940 2625 973 2655 δ(
989 2635 1053 2663 quae
1071 2625 1182 2656 nosmet
1199 2627 1248 2664 ipfi

183 2663 274 2693 facere
288 2660 429 2700 possemus
448 2661 468 2692 fi
485 2660 661 2699 personaliter
681 2660 872 2691 interessemus
887 2684 897 2701 ,
924 2663 1011 2693 etiam
1030 2663 1050 2693 fi
1067 2663 1129 2694 talia
1152 2664 1246 2696 forent

185 2711 248 2740 quae
263 2701 436 2731 Mandatum
459 2701 604 2737 exigerent
618 2707 880 2738 quantumcumque
900 2700 1034 2739 speciale,

223 2738 320 2778 Ipsos,
339 2738 530 2769 Willielmum
549 2737 699 2776 Esturmy‚
711 2736 872 2776 Johannem
896 2737 924 2769 K
946 2748 1057 2779 ngton,
1073 2740 1108 2771 ὃς
1124 2740 1249 2773 Williel-

189 2787 270 2808 mum
293 2777 450 2815 Brampton
471 2776 653 2814 conjunffim
666 2777 700 2807 &
716 2775 800 2807 Duos
812 2787 901 2807 eorun
935 2788 1000 2816 em,
1022 2778 1130 2809 nostros
1149 2789 1249 2820 veros,

186 2817 331 2853 legitimos
344 2838 353 2854 ,
386 2814 601 2846 &indubitatos
613 2813 812 2845 Procuratores
833 2837 844 2853 ,
876 2815 1071 2856 Negotiorum
1095 2817 1249 2858 Gestooes,

187 2852 425 2892 Commiffarios,
441 2853 618 2891 Deputatos,
633 2853 666 2884 &
686 2852 822 2884 Nuncios
834 2853 980 2893 speciales,
997 2855 1149 2895 Facimus,
1161 2857 1249 2888 Crea-

188 2903 269 2932 mus,
285 2892 477 2929 Ordinamus,
492 2891 685 2929 Deputamus,
699 2891 732 2921 &
748 2891 956 2924 Constituimus
970 2903 1020 2931 per
1043 2893 1213 2934 Praesenies‚

225 2930 427 2962 Promittentes
440 2930 509 2961 Nos
522 2929 631 2960 Ratum
645 2951 656 2967 ,
675 2929 817 2968 Gratum,
840 2932 874 2962 ὃς
896 2931 1024 2962 Firmum
1039 2936 1178 2971 perpetuo
1200 2936 1249 2967 ha-

187 2968 294 3000 bituros
307 2978 403 3001 totum
417 2969 450 3000 &
463 2968 597 3008 quicquid
619 2977 668 3004 per
695 2967 863 3007 praedictos,
885 2969 1075 3001 Willielmum
1094 2971 1246 3015 Esturmy,

183 3007 344 3045 Johannem
358 3007 425 3047 Kyn
446 3007 556 3046 ton,&
575 3005 769 3046 Willielmurn
784 3006 953 3045 Brampton,
968 3017 1014 3039 aut
1029 3009 1114 3040 Duos
1135 3021 1248 3043 eorum-

188 3045 274 3083 dem,
288 3045 413 3083 Actum,
455 3046 564 3084 estum,
583 3045 627 3075 seu
642 3044 827 3075 Procuratum
841 3045 925 3076 fuerit
939 3048 969 3077 in
985 3047 1141 3078 Praemiffis.

226 3082 295 3114 Dat.
313 3086 342 3112 in
355 3084 466 3114 Palatio
480 3083 566 3122 nostro
583 3086 631 3113 We
655 3095 689 3112 m.
707 3083 756 3114 sub
776 3083 880 3119 Magni
895 3085 988 3122 sigilli
1009 3085 1097 3116 nostri
1120 3087 1248 3120 testimo-

188 3122 256 3161 nio,
267 3121 423 3152 undecimo
436 3122 481 3153 die
498 3122 603 3152 Mensis
618 3120 708 3160 Maii,
724 3122 810 3152 Anno
833 3122 959 3153 Domini
983 3124 1131 3155 millesimo
1145 3148 1156 3164 ‚
1180 3138 1249 3168 qua-

189 3159 410 3198 dringentesimo
424 3162 541 3199 quinto,
557 3160 654 3199 Regni
677 3162 747 3191 vero
768 3159 858 3191 nostri
880 3161 970 3192 Anno
986 3162 1071 3193 seirto.

938 3240 992 3269 Per
1007 3238 1089 3279 ipsttm
1106 3242 1211 3281 Regem.

285 3370 334 3405 De
350 3366 507 3404 tranando
528 3381 597 3403 cum
616 3373 806 3405 Comum‘tate
814 3375 968 3413 Societatis
986 3371 1022 3407 de
1034 3373 1154 3421 Hanfit.

259 3456 284 3488 E
293 3455 325 3488 X
346 3455 510 3494 Omnibus,
525 3454 559 3485 ad
573 3465 659 3494 quos,
673 3457 735 3488 &c.
772 3456 907 3488 Salutem.

288 3496 388 3529 Sciatis
404 3493 485 3533 quod
510 3493 579 3524 Nos
590 3516 600 3531 ,
868 3534 873 3539 ·

234 3534 283 3565 De
300 3533 430 3565 fidelitate
439 3555 449 3571 ,
462 3533 616 3570 probitate,
633 3533 667 3563 &
679 3532 950 3572 circumspeffione,
963 3534 1132 3567 dilectorum
1146 3539 1250 3577 nobis,

197 3571 338 3603 Willielmi
351 3570 476 3612 Esturmy
492 3570 611 3609 Militis,
628 3569 757 3609 Magistri
771 3571 913 3610 Johannis
930 3575 1058 3612 Kyngton
1074 3574 1197 3615 Clerici,
1217 3578 1250 3608 &

196 3610 339 3642 Willielmi
352 3612 504 3649 Brampton
518 3608 600 3639 Civis
617 3608 822 3640 Londoniensis
844 3610 1001 3647 plenissime
1023 3613 1214 3652 confidentes,

233 3649 280 3680 Ad
298 3649 495 3679 Tractandum
514 3649 548 3679 ὃς
573 3645 815 3678 conveniendum
837 3659 893 3678 cum
921 3653 1093 3680 Comunitate
1114 3655 1252 3682 Societatis

196 3691 381 3718 Mercatorum
391 3686 423 3716 de
434 3686 551 3726 Hanfiz,
562 3685 740 3725 ipsorumque
756 3685 881 3717 Nunciis
894 3688 928 3718 &
941 3688 1170 3720 Procuratoribus
1190 3693 1253 3730 qui-

194 3726 384 3765 buscumque,
395 3724 580 3755 sufficientem
596 3723 767 3754 Potestatem
782 3723 815 3754 δί
830 3724 1000 3756 Mandatum
1014 3726 1130 3765 speciale
1144 3727 1178 3758 ad
1192 3729 1250 3760 hoc

195 3763 377 3802 habentibus,
391 3763 469 3801 super
487 3762 708 3801 quibuscumque
728 3761 942 3806 Quaestionibus
955 3787 965 3801 ‚
988 3763 1251 3806 Contentionibus,

193 3801 479 3840 Damnis‚1njuriis,
502 3800 682 3838 Exceffibus,
704 3800 815 3838 Riotis,
836 3800 1008 3840 Discordiis,
1026 3804 1060 3834 ὃς
1081 3803 1216 3843 DebatiS,

230 3838 305 3870 Inter
320 3840 407 3878 Nos,
423 3840 545 3877 Ligeos,
559 3840 593 3870 &
608 3839 743 3870 Subditos
763 3837 888 3876 nostrOS,
905 3840 938 3870 ὅ(
960 3839 1022 3870 illos
1042 3840 1079 3871 de
1108 3841 1252 3873 Commu-

195 3878 280 3908 nitate
295 3877 440 3908 Societatis
455 3878 617 3916 praedizstae,
638 3878 847 3920 communiter,
868 3877 913 3907 vel
929 3876 1040 3908 divisim
1056 3902 1066 3917 ,
1085 3882 1193 3911 ratione
1209 3881 1254 3911 vel

196 3916 343 3946 occasione
358 3915 566 3946 Arestationum
587 3916 719 3946 Navium
741 3926 774 3946 ac
800 3915 919 3946 aliorum
941 3915 1080 3947 Vasorum
1095 3942 1105 3956 ‚
1135 3919 1253 3957 Captio-

198 3962 269 3982 num
289 3952 437 3983 Bonorum
451 3955 485 3985 &
499 3954 744 3985 Mercandisarum
766 3955 882 3984 nomine
904 3952 1036 3992 Marquae
1057 3955 1102 3986 seu
1123 3956 1256 3995 Reprisa-

195 3989 312 4060 liarzum,
326 3999 375 4058 31}
390 3992 565 4060 εὲίοῙᾳυονὶε
579 3992 670 4025 modo
684 4015 695 4033 ‚
715 3992 761 4026 vel
784 3992 933 4024 occasione
948 4002 1125 4033 quacumque
1139 4018 1150 4034 ,
1173 3996 1258 4027 motis

258 4036 309 4058 om.
367 4051 376 4058 .
419 4053 426 4059 .
464 4052 472 4060 .

1280 217 1384 244 mutuo
1400 217 1433 246 ec
1449 221 1549 249 exortis
1558 243 1566 257 ‚

1297 290 1301 294 ⁵
1316 252 1351 281 Et
1363 253 1519 290 liujiifmorli
1532 259 1710 295 Qiu-'stioncs
1720 283 1728 298 ,
1737 259 1962 299 Contentiones,
1972 260 2030 296 &a
2043 267 2126 300 prout
2134 262 2220 301 fhpra
2231 270 2337 301 ,mutan

1277 294 1314 316 trs
1328 300 1500 328 competenter
1515 298 1660 325 vmtrwdir.

1316 326 1382 370 Dur.
1402 330 1430 359 in
1448 331 1555 360 Palatio
1576 334 1659 371 νίψω
1684 336 1779 373 N‘stm
1808 337 1856 366 sub
1881 336 1987 374 Magni
2009 337 2102 375 Sigilli
2122 338 2207 368 nostri
2236 339 2332 369 Testi-

1275 372 1392 408 monio,
1415 369 1462 404 xiij
1479 369 1522 398 die
1539 372 1636 400 niensis
1654 372 1704 401 lxii
1720 376 1726 401 i
1744 397 1752 410 ,
1783 375 1869 404 Anno
1894 376 2015 406 Domini
2038 377 2187 408 millesimo
2203 377 2331 415 quadrin-

1271 407 1425 440 gentelimo
1440 408 1556 444 quinto,
1571 408 1665 445 Regni
1679 415 1749 440 vcro
1766 413 1855 441 nostri
1878 414 1966 444 Anno
1982 415 2069 445 i‘eXto.

1320 536 1341 556 *
1364 539 1455 583 Super
1476 541 1590 571 Comire
1604 538 1639 571 de
1660 541 1765 572 §anilo
1781 542 1871 573 Panlo
1888 547 1923 580 ᾤ’
1944 547 2087 579 Exercilu
2101 546 2285 581 Gallicorum

1711 587 1896 636 strbjztgrztis.

2359 223 2426 255 Anii
2445 224 2485 257 D„

2380 272 2466 301 1405,

2355 304 2419 329 Hen-
2430 311 2460 337 4,

2355 558 2371 575 ⁴*
2399 559 2482 594 vulg

2397 608 2461 634 397-

1276 665 1361 720 RE
1372 668 1420 707 X,
1437 670 1594 702 Venerabili
1611 674 1639 702 in
1656 672 1772 704 Cin-ists>
1790 673 1862 704 Patri
1873 698 1881 712 ³
1896 674 2123 714 mia-:faessadem
2139 681 2325 720 Granium·
2350 681 2426 713 Ann.
2441 681 2484 713 D,

1353 708 1505 754 chiepiscapq
1525 710 1729 750 Cairtrzai-icnfi,
1753 713 1836 742 totius
1852 713 1960 749 Amne
1980 714 2116 754 Primat'i,
2138 720 2269 750 Salutem.

2372 729 2458 759 1405.

1311 746 1397 777 Dum
1420 751 1622 785 omnipotentis
1644 750 1702 780 Dei
1720 751 1855 780 immensa
1875 746 2028 790 Beneficia,
2049 755 2160 793 Nobis,
2187 758 2249 788 licet
2271 760 2327 788 im·
2354 764 2405 789 An.
2421 763 2448 789 6.

1274 787 1395 822 meritis,
1409 786 1559 823 postquam
1577 786 1672 823 Regni
1687 788 1774 818 nostri
1795 789 1995 819 Gubernacula
2015 791 2060 822 sua
2083 794 2254 825 miseratione
2275 797 2327 827 sus-
2353 803 2388 827 H.
2409 808 2439 834 4.

1272 825 1418 870 cepimuS,
1435 825 1466 853 in
1482 826 1561 854 variis
1580 824 1732 864 Periculis,
1750 827 1848 864 quibus
1863 829 1979 865 expositi
1998 828 2117 867 fuimus,
2132 833 2325 870 exhibita‚de-
2351 837 2438 874 Claus.
2458 836 2486 862 64

1270 871 1340 892 vota
1360 861 1580 893 consideratione
1599 864 1743 900 pensamus

1774 867 1843 895 intra
1859 868 1961 896 mentis
1976 866 2078 897 nostrae
2096 870 2242 908 interiora,
2257 873 2326 902 mul·-
2351 880 2387 902 H.
2405 885 2434 911 4.
2447 883 2485 902 m„-

1271 899 1402 937 tipliciter
1417 910 1638 931 commovemur
1662 908 1720 941 quo
1747 888 1951 935 Retributionis
1974 914 2077 942 genere
2099 916 2183 937 tantae
2207 910 2329 940 immen-
2358 923 2400 940 ιο.

1271 938 1354 982 sitatis
1376 937 1580 970 Benivolenriae
1597 939 1734 979 affiirgere
1748 941 1895 979 *valeamus
1924 943 1958 973 ad
1983 944 2118 975 Actiones
2140 945 2242 984 aliquas
2256 947 2330 978 Gra-

1274 985 1374 1006 tratum

1310 1013 1348 1044 Et
1374 999 1429 1052 e'o,
1448 1016 1517 1046 inter
1539 1023 1657 1055 caetera,
1677 1017 1828 1055 praesertim
1848 1018 1927 1057 quod
1946 1018 2114 1052 Protervum
2131 1044 2141 1060 ,
2172 1031 2206 1053 ac
2229 1023 2331 1054 Noto-

1272 1054 1365 1092 rium,
1380 1055 1413 1084 ὃς
1431 1054 1691 1085 Manifestiliimum
1712 1055 1867 1087 Inimicum
1890 1056 2017 1089 nostrum
2041 1063 2170 1090 Comitem
2189 1063 2221 1091 de
2236 1063 2335 1092 Sand't'o

1273 1091 1376 1129 Paulo,
1392 1102 1424 1122 ac
1440 1093 1591 1123 nonnullos
1609 1094 1676 1123 alios
1691 1093 1850 1133 Dominos,
1866 1094 2035 1134 Milites‚&
2052 1099 2239 1138 Armigeros,
2254 1100 2334 1131 alios-

1274 1140 1329 1166 que
1342 1130 1483 1161 Homines
1498 1131 1676 1162 defensabiles
1689 1132 1724 1163 de
1740 1133 1846 1169 Regno
1862 1133 2003 1174 Franciae,

1319 1167 1353 1197 In
1370 1169 1549 1199 multitudine
1564 1171 1641 1215 gravi
1657 1172 1690 1202 ὃς
1705 1171 1834 1210 copiosa,
1849 1172 1883 1202 ad
1899 1172 2029 1204 Castrum
2044 1175 2172 1206 nostrum
2186 1175 2221 1207 de
2236 1176 2338 1217 Merk,

1275 1205 1382 1244 aliaque
1399 1205 1497 1237 Castra
1512 1208 1545 1237 &
1558 1208 1701 1239 fortalitia
1716 1209 1809 1240 nostra
1824 1233 1835 1248 ,
1864 1211 1893 1241 in
1916 1213 2040 1249 partibus
2062 1214 2131 1253 illis,
2155 1225 2189 1246 ex
2209 1215 2337 1248 diuturna

1274 1254 1375 1275 eorum
1391 1244 1554 1275 provisione
1571 1246 1604 1276 ὃς
1620 1245 1730 1277 Malitia
1745 1250 2112 1289 praecogitata,1nvadenda
2127 1254 2162 1285 &
2179 1252 2340 1290 Destruen-v

1276 1283 1311 1314 da
1326 1284 1474 1320 nuperime
1490 1283 1624 1314 adunatos
1640 1285 1673 1314 &
1691 1294 1865 1326 conventos,

1313 1319 1391 1351 Cum
1412 1320 1557 1352 Ciriffimo
1575 1322 1666 1352 Fratre
1681 1323 1780 1354 nostro
1793 1324 1926 1362 Johanne
1944 1330 2043 1358 Comite
2059 1328 2335 1370 Somerfi’tiae,Capi-

1274 1365 1360 1393 ganeo
1376 1359 1458 1389 Villae
1474 1360 1578 1390 nostrae
1596 1360 1713 1399 Caleni,
1735 1372 1768 1393 ac
1783 1364 1878 1399 paucis
1901 1365 2128 1401 Ligeis·nostris,
2145 1372 2173 1400 in
2186 1379 2335 1407 compara-

1274 1398 1353 1437 tione
1378 1397 1522 1428 distorum'
1547 1399 1777 1430 Adversariorum
1787 1402 1856 1437 ,sibi
1871 1403 2073 1435 adhaerentibus
2090 1408 2276 1445 (inopinatius
2289 1419 2334 1438 re-

1273 1435 1346 1466 lictis
1361 1437 1443 1466 variis
1465 1446 1564 1467 eorum
1588 1437 1742 1468 Armaturis
1766 1439 1799 1469 ὃς
1815 1439 1971 1478 Hernesiis)
1997 1442 2031 1472 ad
2050 1444 2158 1481 Fugam
2180 1447 2340 1485 compulit,

1277 1473 1526 1515 Affistentiumque
1543 1476 1727 1506 multimodos
1742 1476 1823 1507 Neci
1837 1478 1971 1518 subjecit,
1995 1481 2029 1511 ὃς
2043 1492 2141 1513 eorum
2164 1486 2340 1522 quamplures

1276 1512 1359 1543 dictis
1377 1513 1474 1550 Ligeis
1495 1513 1598 1544 nostris
1621 1514 1672 1552 (ad
1687 1513 1821 1546 nostri&
1838 1516 1909 1547 dieti
1931 1517 2027 1554 Regni
2041 1520 2127 1551 nostri
2141 1523 2337 1555 commodum

1278 1560 1335 1581 non
1362 1553 1512 1582 modicum
1534 1554 1568 1584 ὃς
1594 1552 1756 1590 honorem)
1783 1555 1945 1586 humanitus
1970 1556 2130 1596 subjugavit
2151 1582 2163 1598 ,
2199 1560 2340 1594 Flnanciis

1277 1598 1362 1626 prout
1379 1591 1514 1621 convenit
1530 1591 1755 1630 mancipand053

1316 1628 1365 1658 Set
1380 1630 1444 1667 quia
1462 1629 1525 1660 sane
1540 1630 1730 1667 conspicimus
1754 1629 1832 1668 quod
1852 1641 1913 1662 non
1935 1633 1977 1664 est
1999 1633 2102 1672 dignus
2124 1634 2233 1667 Dandis
2246 1660 2256 1675 ,
2286 1639 2336 1677 qui

1280 1665 1390 1697 Gratias
1404 1677 1463 1698 non
1480 1668 1538 1704 agit
1557 1678 1608 1706 pro
1623 1668 1718 1706 Datis,
1735 1669 1768 1699 &
1783 1669 1908 1701 volentes
1923 1672 2057 1711 proinde,
2072 1684 2124 1711 pro
2139 1682 2223 1705 tantae
2238 1675 2336 1708 Visita-

1280 1705 1363 1735 tionis
1378 1707 1557 1744 excellentia,
1567 1717 1626 1737 non
1642 1707 1717 1737 forte
1732 1706 1942 1745 Ingratitudinis
1954 1711 2051 1749 (quod
2064 1712 2152 1750 absit)
2167 1714 2238 1743 vitio
2253 1725 2339 1746 accu-

1280 1743 1390 1782 semur,
1402 1746 1468 1784 sibi,
1487 1746 1535 1783 qui
1552 1754 1624 1775 tanta
1638 1746 1738 1776 Nobis
1752 1746 1874 1777 contulit
1886 1770 1896 1784 ,
1917 1750 1951 1780 ὃς
1974 1750 2117 1787 conferet,
2139 1759 2170 1782 ut
2184 1751 2340 1793 speramus,

1280 1781 1310 1811 in
1329 1783 1474 1822 futurum,
1490 1785 1593 1814 sincera
1609 1783 1738 1815 Laudum
1754 1784 1901 1816 Praeconia
1921 1786 2030 1818 effundi
2045 1797 2130 1827 prout
2145 1790 2244 1830 decet,
2268 1802 2341 1830 prae-

1281 1821 1365 1858 cipue
1379 1822 1448 1852 cum
1467 1832 1525 1852 non
1542 1822 1641 1852 habeat
1663 1822 1713 1853 alia
1733 1822 1951 1861 quodammodo
1971 1825 2107 1858 Creatura
2128 1828 2227 1867 quibus
2245 1853 2255 1869 ,
2289 1837 2343 1871 pro

1282 1857 1417 1897 Impensis
1435 1862 1469 1892 <Sc
1487 1860 1689 1900 Imponendis,
1712 1861 1872 1899 respondeat
1889 1862 2040 1903 Creatori,

1319 1898 1449 1929 Vestram
1471 1898 1673 1930 Paternitatem
1696 1900 1730 1930 &
1752 1900 1951 1933 Devotionem
1976 1902 2136 1936 affestuosis
2156 1906 2287 1945 precibus
2301 1918 2346 1939 re-

1283 1937 1420 1974 quirimus
1439 1939 1473 1970 &
1491 1948 1626 1976 rogamus
1646 1940 1790 1977 quatinus,

1321 1976 1442 2007 Attentis
1460 1976 1610 2007 Praemiffis
1619 2000 1629 2015 ‚
1641 1988 1674 2008 ac
1690 1977 1842 2015 grandibus
1859 1978 2122 2020 Periculis‚quibus
2135 1982 2270 2022 Nos‚0b
2283 1983 2344 2016 Ec*

1281 2012 1372 2045 clefiae
1391 2016 1561 2053 Anglicanae
1575 2015 1608 2046 &
1625 2015 1723 2053 Regni
1739 2015 1961 2057 Defensionem,
1978 2029 2047 2050 cum
2072 2021 2149 2052 Filiis
2166 2023 2270 2054 nostris
2284 2023 2341 2054 Ca-

1281 2052 1409 2092 riffimis,
1424 2064 1457 2085 ac
1473 2054 1530 2085 aliis
1544 2054 1668 2092 pluribus
1689 2053 1784 2094 Regni
1805 2055 1892 2086 nostri
1915 2056 2105 2098 Proceribus,
2132 2060 2231 2099 saepius
2250 2071 2341 2100 expo*-

1281 2089 1400 2131 suimus,
1414 2102 1449 2123 ac
1465 2094 1633 2131 exponimus
1646 2093 1678 2123 in
1693 2093 1840 2132 praesenti,

1317 2129 1521 2169 Suffiaganeos
1536 2130 1658 2167 vestros,
1671 2142 1705 2162 ac
1729 2131 1887 2170 Religiosos
1903 2157 1913 2172 ‚
1934 2135 1968 2166 &
1988 2135 2057 2167 alios
2078 2136 2213 2169 Subditos
2233 2138 2342 2170 vestros

1281 2169 1423 2200 universos
1443 2169 1543 2201 vestrae
1557 2169 1739 2209 Provinciae,
1754 2171 1788 2201 ad
1808 2170 2004 2203 Devotionem
2020 2175 2095 2206 suam
2111 2186 2177 2214 erga
2189 2176 2342 2209 Summum

1282 2207 1396 2245 Regem
1411 2207 1576 2239 elevandam
1586 2231 1596 2247 ‚
1616 2219 1652 2240 eo
1668 2209 1825 2248 specialius,
1840 2220 1897 2248 quo
1918 2212 2052 2244 sciveritis
2068 2215 2102 2247 ὃς
2121 2217 2247 2252 poteritis
2262 2218 2343 2255 (tan-

1283 2246 1310 2277 ta
1328 2246 1423 2277 habita
1440 2248 1474 2278 &
1491 2249 1623 2285 exigente
1640 2248 1739 2286 causa)
1762 2249 1899 2280 inducatis
1917 2259 1986 2281 curn
2005 2251 2127 2292 effeetu,
2153 2263 2183 2285 ut
2204 2255 2253 2294 ipsi
2272 2254 2347 2293 apud

1282 2284 1464 2324 altissimum,
1481 2285 1517 2316 de
1541 2296 1600 2325 quo
1620 2288 1716 2317 omnis
1730 2285 1830 2317 Gratia
1845 2289 1878 2318 ὃς
1897 2288 1974 2319 Bona
1996 2292 2172 2330 procedunt,
2191 2300 2247 2324 tota
2264 2303 2348 2324 men-

1283 2324 1317 2354 tis
1333 2323 1512 2355 solicitudine
1526 2324 1628 2356 Preces
1644 2326 1677 2355 ὃς
1694 2325 1848 2356 Orationes
1868 2326 2048 2358 devotissime
2068 2330 2234 2369 infundant,
2248 2332 2281 2362 δε
2296 2331 2347 2363 de-

1283 2363 1361 2393 votis
1380 2361 1535 2402 Precibus,
1553 2364 1587 2394 &
1607 2363 1871 2401 Interceffionibus,
1888 2374 1921 2394 ac
1941 2364 2226 2407 Proceffionibus,&
2246 2369 2351 2401 Mista-

1282 2410 1346 2431 rum
1365 2401 1617 2438 celebrationibus,
1634 2402 1743 2439 aliisque
1759 2411 1860 2431 eorum
1877 2400 2023 2440 Suffragiis
2029 2406 2148 2443 ,quibus
2163 2409 2279 2439 indubie
2294 2410 2343 2440 ad-

1278 2439 1370 2476 juvari
1390 2439 1560 2469 confidimus
1573 2462 1582 2478 ,
1605 2439 1640 2469 ad
1663 2439 1722 2469 Dei
1744 2438 1875 2470 Gratiam
1895 2443 2118 2473 continuandum
2142 2445 2175 2475 &
2191 2447 2346 2485 impetran-

1282 2477 1368 2515 dum,
1390 2486 1441 2514 pro
1463 2476 1563 2507 Nobis
1584 2477 1618 2508 &
1639 2476 1718 2508 Statu
1740 2477 1875 2508 Ecclefiae
1896 2480 1929 2510 &
1949 2479 2048 2518 Regni
2071 2483 2271 2519 praedici-orum
2284 2509 2294 2524 ‚
2311 2495 2346 2518 ac

1282 2525 1335 2553 pro
1352 2516 1435 2545 dictis
1450 2511 1473 2545 F
1474 2515 1525 2545 iliis
1539 2516 1573 2546 &
1592 2515 1758 2546 Proceribus
1771 2515 2000 2553 nostris,ass'idue
2016 2519 2136 2552 affistant
2150 2523 2222 2560 apud
2231 2524 2343 2563 Deum,-

1321 2552 1370 2584 Ut
1384 2553 1440 2591 ipse
1452 2553 1562 2583 Statum
1579 2553 1682 2583 Nostri
1695 2577 1704 2592 ‚
1729 2563 1762 2584 ac
1776 2554 1928 2594 Ecclesiae,
1946 2558 1978 2587 ὃς
2004 2557 2102 2595 Regni
2124 2562 2344 2602 praedidtorum,

1282 2591 1446 2622 conservare
1463 2591 1592 2631 dignetur
1607 2591 1760 2629 pacificum
1778 2593 1812 2624 &
1831 2594 2026 2634 tranquillum,
2047 2598 2081 2628 &
2104 2599 2134 2628 in
2155 2601 2270 2639 agendis
2290 2612 2344 2632 no-

1282 2629 1344 2660 stris
1357 2628 1523 2661 Succeffum
1541 2633 1722 2668 prosperum,
1735 2630 2010 2673 Expeditionemque
2030 2634 2160 2676 felicem,
2183 2648 2217 2668 ex
2239 2640 2286 2671 sua
2299 2641 2343 2670 in-

1287 2667 1392 2699 effabili
1404 2667 1522 2706 Gratia,
1531 2669 1615 2699 etiam
1631 2670 1722 2700 cuntis
1737 2670 1766 2699 in
1780 2669 1831 2700 suis
1844 2669 2067 2704 Neceffitatibus
2081 2675 2149 2707 ultra
2164 2678 2344 2719 condignum

1285 2706 1428 2747 largiflua,
1451 2708 1551 2737 tribuat
1561 2708 1595 2738 &
1611 2707 1760 2738 concedat.

1323 2746 1412 2777 Teste
1425 2745 1510 2783 Rege
1524 2745 1597 2783 apud
1612 2745 1868 2786 Wstmonasterium
1877 2770 1887 2787 ,
1903 2749 1959 2788 xxj.
1973 2749 2020 2780 die
2043 2750 2127 2782 Maii.

1596 2877 1654 2907 Pro
1682 2877 1795 2908 Comite
1817 2872 1853 2907 de
1882 2874 2022 2920 Crafora'.

1290 2958 1433 3014 REX,
1455 2969 1505 2998 per
1526 2959 1630 2989 Literas
1647 2958 1706 2989 suas
1724 2957 1864 2998 patentes,
1883 2958 1966 3003 usque
1980 2962 2105 3007 primum
2121 2963 2197 2995 diem
2213 2965 2345 3005 Septem-

1358 3000 1424 3029 'bris
1447 2999 1581 3036 proximo
1596 2996 1721 3028 futurum
1737 2997 1894 3035 duraturas,
1917 2999 2032 3040 suscepit
2052 3011 2080 3031 in
2101 3003 2205 3034 salvum
2219 3005 2252 3036 ὅ(
2269 3005 2347 3038 secu-

2368 2962 2444 2993 Ann.
2458 2961 2500 2999 D„

2389 3009 2473 3040 1405.

1286 3048 1351 3068 rum
1370 3037 1560 3068 Conduifflm
1572 3035 1665 3074 suum,
1680 3046 1713 3066 ac
1733 3036 1761 3065 in
1781 3037 2009 3077 protectionem,
2029 3039 2213 3081 Tuitionem,
2233 3045 2267 3076 &
2282 3045 2346 3076 De-
2365 3045 2418 3069 An.
2434 3045 2463 3068 ό.

1286 3076 1443 3107 sensionem
1463 3075 1521 3105 suas
1538 3074 1666 3118 speciales
1679 3097 1696 3118 Π,
1733 3075 1837 3104 David
1850 3079 1976 3120 Comitem
1995 3078 2027 3106 de
2041 3078 2160 3117 Craford
2178 3081 2213 3111 de
2228 3082 2345 3124 Scotia‚
2365 3085 2402 3108 H.
2420 3089 2448 3116 4.

1286 3124 1371 3152 penes
1384 3114 1536 3145 Personam
1551 3112 1657 3151 Regis,
1676 3123 1705 3143 in
1721 3112 1861 3150 Regnum
1876 3114 1966 3152 Regis
1980 3116 2091 3155 Angliae
2108 3140 2117 3156 ,
2137 3118 2171 3149 ad
2196 3131 2345 3158 quaecum-
2364 3124 2429 3147 Scor.
2450 3119 2477 3146 6.

1285 3163 1341 3192 que
1361 3153 1493 3191 Negotia
1511 3152 1556 3182 sua
1577 3152 1684 3182 ibidem
1704 3151 1893 3196 expedienda,
1919 3163 1988 3183 curn
2010 3163 2127 3186 centum
2150 3156 2181 3187 H

1286 3193 1413 3222 Armatis
1425 3192 1480 3222 five
1493 3200 1553 3221 non
1567 3190 1707 3228 Armatis,
1722 3190 1870 3228 Equitibus
1890 3191 1935 3221 vel
1956 3192 2099 3224 Peditibus
2113 3216 2122 3233 ,
2149 3197 2177 3227 in
2199 3196 2345 3231 Comitiva

1285 3230 1330 3260 sua
1344 3253 1353 3267 ,
1375 3229 1517 3261 veniendo
1532 3252 1542 3267 ,
1573 3228 1682 3259 ibidem
1704 3229 1843 3259 morando
1862 3251 1872 3267 ,
1898 3231 1932 3261 &
1947 3232 2048 3261 exinde
2063 3233 2154 3264 versus
2174 3234 2269 3267 Partes
2286 3238 2343 3270 suas

2183 3161 2343 3200 ominibus,
2361 3157 2498 3192 H.4.7n.4.'

1285 3268 1305 3288 ²*
1323 3270 1448 3307 proprias
1470 3267 1630 3306 redeundo,
1647 3277 1680 3298 ac
1696 3266 1993 3308 Equos‚Armaturas‚
2010 3270 2043 3300 &
2061 3270 2195 3304 Hernefia
2210 3274 2254 3306 sua
2270 3286 2347 3315 quae-
2364 3279 2379 3296 ¹*
2408 3278 2492 3304 vm.

1287 3317 1447 3382 culigiriiffisb
1460 3344 1567 3389 semper
1582 3343 1756 3388 quod-idem
1776 3342 1886 3389 Comes
1900 3368 1920 3389 ,.
1936 3347 1965 3376 in
1990 3347 2105 3379 introitu
2126 3350 2346 3394 suotcujussibet

1286 3380 1422 3415 Villarum
1439 3383 1625 3414 Firmatarum
1645 3381 1714 3412 diditi
1734 3381 1827 3421 Regni
1846 3383 1933 3420 Regis
1947 3408 1956 3421 ,
1983 3391 2129 3422 praesentes
2157 3390 2264 3422 Literas
2285 3393 2347 3424 Re-

1288 3423 1334 3459 gis
1350 3422 1386 3453 de
1402 3422 1476 3453 salvo
1495 3421 1651 3452 Conduetu
1670 3420 1826 3458 Maioribus
1840 3444 1849 3460 ,
1873 3421 1981 3453 Ballivis
1997 3447 2007 3462 ,
2036 3424 2092 3455 five
2109 3426 2282 3461 Custodibus
2299 3442 2345 3464 ea-

1289 3461 1420 3492 rumdem
1440 3460 1632 3497 demonstret,

1326 3499 1361 3530 Et
1380 3499 1459 3537 quod
1478 3499 1551 3536 ipse,
1569 3507 1614 3528 aut
1631 3496 1774 3541 Homines
1792 3497 1940 3543 praediffi,
1956 3499 2010 3531 five
2029 3511 2128 3534 eorum
2147 3504 2259 3546 aliquis,
2274 3518 2345 3545 prae-

1287 3537 1356 3568 senti
1371 3538 1446 3568 salvo
1466 3537 1619 3567 Conduffihi
1638 3535 1727 3571 Regis
1745 3536 1877 3573 durante,
1895 3548 2046 3577 quicquam
2064 3564 2073 3579 ,
2098 3543 2173 3580 quod
2205 3546 2231 3574 in
2255 3546 2343 3585 Regis

1286 3576 1331 3607 seu
1350 3576 1446 3615 Regni
1465 3575 1550 3614 Regis
1570 3573 1699 3612 praedieti
1713 3573 1917 3618 ‘Prie-judicium
1932 3598 1942 3614 ,
1967 3587 2013 3608 aut
2037 3578 2138 3617 Populi
2168 3581 2256 3620 Regis
2270 3585 2341 3621 ejus-

1287 3614 1354 3645 dem
1374 3614 1545 3650 Dampnum
1565 3614 1620 3643 sive
1638 3611 1873 3650 Inquietationem
1898 3615 1998 3645 cedere
2022 3617 2109 3648 valeat
2123 3642 2133 3657 ,
2158 3630 2215 3650 non
2238 3620 2341 3654 faciant

1286 3653 1331 3684 seu
1351 3653 1443 3683 facere
1460 3651 1626 3689 praesumant
1643 3653 1743 3687 quovis
1762 3651 1861 3693 niodo.

1323 3690 1411 3722 Teste
1429 3689 1516 3728 Rege
1534 3688 1607 3727 apud
1626 3688 1787 3728 Doncaflre,
1804 3690 1926 3721 iccundo
1942 3691 1988 3723 die
1998 3692 2017 3731 J
2020 3694 2088 3725 unii.

2042 3772 2093 3800 Per
2109 3768 2191 3809 ipfiaem
2206 3773 2309 3810 Regem.

2317 4043 2359 4072 De

2387 3315 2449 3353 398.
