2562 4274
774 142 883 183 ET
965 143 1227 184 ACTA

61 231 136 264 Ann.
147 230 188 261 D.
204 228 265 260 fura
278 226 314 259 δε
328 226 461 265 Expenfis
475 226 680 258 rationabilibus
692 220 876 258 necessarium
899 227 997 265 fuerit,
1014 228 1063 258 sub
1085 227 1175 257 Poena
1198 226 1256 256 Im-

79 279 165 309 1419.

206 267 402 306 prisonamenti
417 266 450 295 &
467 265 661 295 Forisfaecurae
678 267 811 295 omnium
837 275 901 303 quae
922 267 1005 296 nobis
1029 265 1186 296 forisfacere
1201 275 1256 303 po-

61 313 121 336 Hm.
140 318 169 344 5.
207 306 286 341 terit‘,
304 303 403 341 Emat,
423 302 562 342 Colligat,
581 303 636 333 five
654 302 774 345 Groffet
789 304 890 341 quovis
907 304 1014 342 modo,

212 359 214 363 ν
244 342 392 373 Nolumus
407 351 502 371 tamen
523 341 600 379 quod
619 341 674 371 illae
696 344 836 378 perionae,
855 351 918 379 quae
933 341 1007 372 Vina
1024 342 1059 372 de
1074 350 1170 371 earum
1188 350 1256 383 pro-

206 382 267 418 pria·
279 379 438 410 crescentia
454 380 574 417 habent,
591 379 627 410 de
643 379 796 415 Emptione
815 379 950 410 Valorum
966 380 1165 419 praedictorum
1185 380 1256 415 (ict-

206 420 290 456 licet,
307 426 447 456 quantum
462 417 496 448 ad
511 427 554 449 eas
570 417 607 448 de
621 416 778 448 neceffitate
801 419 908 454 attinet)
932 419 1082 457 aliqualiter
1103 418 1256 455 impedian-

208 465 255 488 tur-

208 509 214 512 ·
239 478 277 524 E³t
292 492 550 524 Proclamationem
565 494 598 523 &
614 491 814 525 Inhibitionem
827 493 887 523 istas
901 502 1000 524 contra
1014 495 1068 524 illas
1083 493 1255 535 Impugnan—

203 539 245 563 tes
266 531 392 563 districte
408 533 442 564 &
463 532 567 569 absque
582 531 677 561 favore
693 532 786 570 aliquo
803 533 902 570 exequi
924 534 957 564 ὃς
979 533 1096 564 firmiter
1112 533 1200 563 teneri
1214 534 1254 561 ia-

206 571 298 608 ciatis,
323 571 403 608 J'uxta¹
421 569 571 600 Tenorem
596 570 778 609 earumdem,
797 580 880 608 prout
903 570 939 609 de
960 572 1042 600 vobis
1067 571 1256 606 confidimus,

206 607 616 647 &gravemtlndianarionem
634 608 758 638 nostram
773 611 875 639 evitare
891 609 1034 640 volueritis
1049 610 1077 638 in
1093 609 1227 638 futurum.

243 647 365 684 Nosque
381 646 416 676 de
431 645 611 675 Nominibus
623 648 754 676 omnium
774 648 807 678 &
830 647 1001 685 singulorum
1019 647 1174 685 hujusmodi
1194 646 1256 675 De-

203 684 410 722 linquendum,
427 683 464 713 fic
487 683 655 714 Punitorum
669 709 678 721 ‚
695 685 772 723 juxra
795 685 946 715 Tenorem
971 684 1197 722 proclamationis
1220 684 1254 714 ὃς

204 722 382 753 Inhibitionis
398 721 612 760 praedictarum,
632 723 686 752 una
704 733 771 753 cum
788 723 881 753 Pretio
896 723 941 753 seu
954 733 1023 753 vero
1040 723 1144 754 Valore
1159 723 1255 752 Bono-

203 767 268 791 rum
289 760 402 789 suorum
425 759 660 797 Forisfaetorum‚
679 763 708 791 in
731 761 935 792 Cancellariam
960 761 1084 790 nostram
1099 784 1108 798 ,
1124 761 1254 790 distincte

203 799 237 828 ὃς
253 799 363 835 aperte,
383 798 439 827 sine
454 798 602 836 dilatione,
621 799 792 837 certificetis,
811 799 848 830 Et
863 799 936 837 hoc,
953 799 1002 829 sub
1020 799 1110 830 Poena
1127 797 1253 828 Centum

202 835 367 866 Marcarum
378 858 388 875 ,
405 836 558 867 nullatenus
571 838 714 867 omittatis.

237 912 326 944 Teste
339 912 422 950 Rege
439 911 514 950 apud
528 911 649 952 Castrum
655 911 737 953 fiaeum
752 913 784 942 de
800 915 890 942 Rauen
908 912 983 944 serto
1005 912 1049 944 die
1069 912 1251 951 Septembris.

885 991 938 1018 Per
954 988 1036 1028 iprm
1048 993 1150 1028 Regem.

242 1064 408 1096 Confimilia
433 1063 550 1104 Brevia,
573 1064 623 1095 sub
645 1065 743 1134 eaddetln
765 1065 858 1104 Data,
875 1065 1032 1104 diriguntur
1047 1065 1218 1103 subscriptis,

656 1114 685 1135 vr
707 1112 809 1142 eicet,

244 1182 387 1216 Capitaneo
400 1181 428 1208 V
428 1177 484 1208 illae
498 1178 592 1219 nostra·
606 1179 637 1209 de
651 1179 778 1218 Verneul,
794 1180 844 1210 vel
855 1180 910 1218 ejus
922 1183 1140 1217 Lorumtenenti,
1157 1178 1218 1215 &a

244 1217 357 1247 Ballivo
367 1215 418 1257 fiio
430 1217 461 1245 de
477 1221 594 1256 Mante,
609 1218 659 1247 vel
671 1218 727 1257 ejus
743 1222 967 1256 Locumtenenti‚
987 1218 1046 1252 afric.

243 1254 357 1285 Ballivo
365 1255 415 1295 fico
426 1255 458 1284 de
477 1259 598 1294 Vernon,
613 1256 662 1286 vel
671 1257 726 1293 ejus
742 1260 961 1293 Locumtenenti,
981 1256 1041 1291 dvc.

240 1293 354 1323 Ballivo
362 1293 412 1333 sito
428 1293 597 1331 d’Alencon,
616 1294 666 1324 vel
675 1295 730 1324 e'us
744 1298 962 1331 Locumtenenti,
980 1294 1040 1329 &c.

242 1331 355 1361 Balltvo
363 1333 412 1371 sico
426 1332 457 1361 de
471 1335 604 1362 Louviers
616 1355 625 1370 ,
641 1344 676 1362 ve
699 1333 753 1371 cfjus
763 1336 979 1370 Locumtenenti,
1003 1332 1064 1366 &aa

241 1369 354 1400 Ballivv
361 1371 413 1410 fico
429 1371 460 1399 de
476 1374 566 1400 Rouen
576 1395 585 1408 ,
600 1370 648 1400 vel
659 1371 714 1408 ejus
729 1374 951 1408 Locumtenentz‘,
966 1370 1025 1405 &a

381 1508 408 1536 ᾖ
434 1511 493 1544 Ad
512 1511 718 1545 Trac‘landum
740 1510 776 1544 de
798 1511 923 1558 Treugis
944 1513 1085 1545 Framciae.

61 1619 139 1654 Am,-
150 1616 193 1648 D·
207 1602 321 1661 REX
339 1604 499 1642 Omnibus,
517 1605 550 1635 ad
567 1615 652 1643 quos,
670 1606 730 1636 &c.
749 1605 882 1636 Salutem.

58 1816 151 1848 lis-p»
165 1821 189 1840 1.

58 1860 97 1880 m.
114 1859 157 1887 15.

299 1642 395 1673 Sciatis
413 1643 491 1680 quod
508 1643 597 1680 Nos,

243 1679 292 1710 De
302 1680 446 1719 fidelitate,
461 1681 734 1718 circumspectione,
754 1681 787 1711 ὃς
802 1680 951 1718 industria,
971 1680 1154 1712 Dilectorum
1166 1683 1198 1714 δε
1213 1683 1260 1714 Fi-

146 1718 153 1725 '
204 1717 311 1749 delium
326 1718 507 1757 nostrorum,
526 1719 654 1749 Mavistri
671 1719 812 1757 Johanm‘s
825 1723 923 1787 Κενῗξσ
937 1719 1030 1749 ΕΙεέὶὶ
1047 1721 1080 1750 &
1099 1721 1257 1752 confirmati

205 1756 371 1796 Rofienlis,
383 1757 501 1788 Gilberti
513 1743 667 1795 Umffavill
683 1757 805 1788 Domini
821 1758 857 1787 de
908 1767 988 1796 yme,
1009 1759 1137 1788 Guidouis
1150 1760 1258 1790 Boutil-

201 1794 241 1826 ler
260 1796 383 1826 Domini
396 1797 433 1826 de
454 1796 479 1826 la
498 1795 604 1827 Roche
619 1795 744 1834 Guyon,
762 1795 900 1834 Johannis
921 1795 1039 1834 Alapse,
1058 1799 1166 1827 Ricardi
1188 1803 1259 1828 Cau-

204 1834 289 1874 dray,
307 1837 402 1873 Rogeri
423 1833 525 1873 Mustel
533 1834 674 1873 Juniotis,
691 1835 725 1865 &
748 1834 888 1873 Johannis
907 1838 1020 1872 δρέπει,
1036 1835 1144 1872 plenius
1164 1837 1258 1867 confi-

206 1871 321 1910 dentes,

215 1908 217 1912 '
242 1909 321 1948 Ipsos
331 1909 461 1949 Septem,
479 1909 533 1940 Sex
543 1932 552 1948 ,
569 1910 615 1941 vel
630 1911 768 1948 Quinque
780 1921 879 1942 eorum
889 1934 898 1949 ,
914 1911 1025 1941 nostros
1040 1911 1258 1950 Fecimus,Or-

205 1948 380 1984 dinavimus,
398 1948 605 1986 Deputavimus
642 1950 675 1980 &
700 1948 926 1987 Constituimus,
944 1959 976 1980 ac
997 1949 1126 1980 Facimus
1141 1972 1152 1988 ,
1170 1951 1258 1982 Ordi—

206 1996 321 2025 namuS,
339 1985 532 2023 Deputamus,
550 1987 583 2017 ὃς
598 1971 806 2018 donstituimus
819 1998 910 2018 certos
930 1988 963 2018 &
986 1988 1119 2019 indubios
1134 1990 1258 2020 Ambas-

206 2025 317 2055 siatores
327 2047 337 2062 ,
355 2025 506 2062 Nuncios,
521 2025 553 2055 ὃς
572 2024 789 2055 Commiffarios
804 2037 851 2064 per
865 2026 1034 2064 Praesentes,

244 2062 353 2093 Dantes
367 2063 400 2094 &
416 2062 615 2093 Concedentes
632 2063 734 2094 eisdem
747 2064 863 2103 Septem
873 2087 883 2102 ,
899 2064 969 2103 Sex,
987 2065 1037 2095 aut‘
1054 2064 1191 2104 Qiinque
1205 2075 1256 2095 eo-

203 2100 336 2131 rumdem
353 2101 480 2139 plenam,
495 2101 612 2132 Tenore
620 2101 813 2140 Praesentium,
831 2102 1021 2141 Potestatem,
1040 2102 1255 2143 Auctoritatem,

204 2140 238 2171 δε
255 2138 425 2170 Mandatum
443 2139 559 2177 speciale
570 2140 605 2170 ad
620 2140 832 2177 Tractandum,
850 2140 1115 2179 Concordandum,
1134 2144 1167 2173 &
1188 2142 1257 2173 fina-

203 2178 263 2208 liter
278 2176 517 2209 Concludendum
529 2201 538 2215 ‚
554 2188 605 2216 pro
624 2178 721 2209 Nobis
744 2180 778 2211 ὃς
800 2179 933 2210 Nomine
949 2179 1064 2217 nostro,
1082 2190 1149 2210 cum
1174 2180 1257 2210 Con-

201 2216 350 2254 sanguineo
365 2216 465 2247 nostro
488 2217 633 2265 Franciae·
646 2216 732 2247 suisve
751 2217 1014 2255 Ambaffiatoribus,
1033 2217 1256 2257 Commiss'ariis,

202 2253 352 2291 Deputatis
367 2277 377 2292 ,
394 2254 451 2285 five
471 2255 615 2292 Nunciis,
631 2254 743 2293 plenam
767 2257 800 2287 &
821 2255 1003 2287 sufficientem
1027 2256 1197 2287 Potestatem
1220 2258 1256 2287 ab

202 2292 307 2322 eodem
327 2292 511 2331 habentibus,
529 2292 564 2323 de
586 2295 619 2325 ὃς
642 2293 720 2331 super
742 2294 877 2333 Treugis,
898 2295 943 2324 seu
963 2294 1136 2324 Guerrarum
1161 2294 1258 2325 Absti-

203 2331 320 2369 nentiis,
338 2332 512 2370 generalibus
533 2331 577 2362 vel
598 2332 806 2371 particularibus
822 2355 830 2370 ,
849 2342 898 2371 per
920 2332 1002 2363 Mare
1018 2356 1027 2370 ,
1047 2333 1167 2363 Terram
1181 2356 1191 2371 ,
1211 2333 1256 2364 seu

204 2369 315 2406 Aquas,
331 2379 363 2399 ac
379 2377 457 2400 tanto
471 2378 601 2407 tempore
616 2369 751 2400 duraturis
765 2370 918 2401 secundum
941 2371 1019 2408 quod
1043 2372 1113 2402 inter
1134 2382 1181 2401 eos
1198 2382 1258 2402 me-

203 2406 256 2437 lius
269 2408 302 2438 &
323 2407 465 2438 efficacius
478 2409 579 2445 poterit
592 2408 776 2445 concordari,
796 2419 848 2447 pro
863 2409 961 2439 Nobis
971 2433 980 2446 ,
999 2408 1124 2447 Regnis,
1142 2411 1258 2448 Terris,

203 2444 321 2483 Patriis,
340 2445 500 2483 Dominiis,
519 2445 805 2485 Subditisyaffallis,
826 2448 950 2484 Amicis,
971 2447 1108 2486 Alligatis,
1126 2448 1159 2478 &
1174 2447 1258 2477 Con-

203 2483 346 2514 foederatis:
357 2484 458 2515 nostris
468 2484 690 2522 quibuscumque
701 2509 709 2522 ,
729 2486 862 2515 omnibus
877 2485 1082 2516 honestioribus
1101 2486 1175 2523 Viis,
1186 2486 1256 2515 Mo-

203 2521 261 2559 do,
280 2522 313 2552 &
329 2521 449 2559 Forma,
467 2524 565 2562 quibus
583 2524 652 2553 inter
669 2523 696 2553 se
712 2532 842 2560 poterunt
858 2524 1051 2561 concordare,

240 2559 277 2590 Et
294 2560 359 2597 ipsas
373 2560 519 2599 Treugas,
537 2564 608 2592 inter
623 2562 649 2591 se
664 2562 808 2599 capiendas
828 2563 861 2593 δε
883 2562 1107 2598 concludendas,
1126 2572 1174 2599 per
1187 2572 1256 2592 om-

201 2599 246 2629 nia
261 2597 380 2636 Regna,
395 2599 516 2637 Terras,
536 2601 569 2630 &
589 2599 724 2630 Dominia
739 2600 832 2630 nostra
846 2602 1035 2639 quaecumque
1049 2602 1253 2638 proclamari&

201 2636 340 2675 publicari
355 2637 524 2668 Faciendum
535 2662 543 2676 ,
563 2639 740 2676 ubicumque
756 2649 827 2676 opus
839 2639 938 2677 fuerit,

243 2674 294 2712 Et,
313 2684 343 2706 ut
368 2686 404 2706 eo
426 2675 532 2706 firmius
552 2676 834 2714 atqueinviolabilius
847 2675 971 2715 'Plagae
985 2676 1127 2713 praedictae
1144 2676 1255 2706 conser-

201 2721 320 2751 ventur,
338 2723 394 2743 tam
411 2724 459 2751 per
473 2714 593 2744 Terram
605 2737 613 2752 ,
631 2716 716 2753 quam
726 2725 774 2754 per
791 2715 891 2752 Mare,
912 2716 945 2746 ὃς
964 2715 1074 2752 Aquas,
1089 2715 1122 2744 ad
1136 2715 1253 2745 Facien-

202 2750 290 2788 dum,
308 2751 574 2790 Ordinandum,.&
597 2753 800 2790 Deputandum
824 2762 867 2783 tot
891 2754 925 2783 δε
947 2753 1012 2783 tales
1035 2751 1255 2784 conservatores

202 2791 237 2820 ὃς
247 2789 360 2826 Judices
375 2790 550 2829 Treugarum
566 2792 778 2829 praedictarum,
796 2792 934 2830 generales
951 2792 994 2821 seu
1010 2791 1152 2831 speciales,
1171 2792 1204 2822 &
1226 2793 1254 2821 in

203 2835 282 2858 tanto
298 2838 434 2865 numero,
450 2837 535 2866 prout
549 2831 586 2860 eis
603 2830 735 2869 Septem,
753 2830 824 2867 Sex,
843 2831 886 2861 vel
900 2831 1038 2869 Quinque
1053 2840 1153 2859 eorum
1176 2829 1254 2860 vide-

203 2866 278 2896 bitur
293 2867 439 2904 expedire,
455 2866 489 2896 ad
504 2866 717 2901 Corrigendum
734 2869 765 2898 ὃ(
779 2868 1006 2898 Reformandum
1021 2877 1114 2898 totum
1131 2868 1164 2898 δε
1174 2869 1255 2906 quic-

202 2903 270 2942 quid
285 2905 363 2941 quod
379 2914 480 2936 contra
496 2905 584 2935 dietas
597 2905 725 2944 Treugas
741 2906 823 2936 fuerit
835 2915 1049 2944 attemptatum,

240 2942 276 2972 Et
293 2942 508 2981 promittimus,
528 2943 605 2974 bona
621 2943 690 2981 fide,
706 2945 739 2974 &
753 2945 780 2974 in
795 2945 885 2975 verbo
902 2944 1012 2983 Regio,
1029 2944 1063 2975 ad
1071 2943 1254 2982 Tenendum,

206 2979 548 3020 &teneri-Faciendum,
568 2982 693 3018 Ratum,
711 2981 849 3020 Gratum,
870 2982 1012 3018 Firmum,
1029 2984 1062 3013 δε
1084 2983 1187 3012 Stabile
1210 2992 1256 3012 to-

206 3025 268 3048 tum
288 3019 321 3050 &
346 3020 479 3058 quicquid
495 3031 544 3058 per
564 3021 655 3051 diastos
673 3020 892 3051 Commissarios
908 3021 1019 3050 nostros
1033 3021 1146 3058 Septem
1157 3045 1167 3058 ,
1182 3022 1256 3058 Sex,

207 3055 253 3085 vel
271 3056 407 3124 &unque
422 3058 588 3089 eorumdem
604 3059 712 3090 factum
727 3059 810 3090 fuerit
826 3060 856 3089 in
872 3058 1020 3089 Praemiffis
1035 3060 1067 3089 &
1085 3059 1193 3098 singulis
1207 3069 1259 3089 eo-

208 3103 271 3124 rum
291 3103 356 3132 em,

245 3131 288 3162 Et‘
299 3132 378 3170 quod
392 3132 461 3163 Nos
478 3133 680 3166 Concede'mus
695 3136 728 3167 δε
745 3135 803 3166 fieti
815 3135 948 3166 faciemus
969 3134 1074 3165 Literas
1096 3133 1259 3165 Confirma-

207 3170 305 3208 turias,
323 3171 373 3207 sub
388 3170 499 3209 Magno
513 3171 611 3211 sigillo
626 3173 722 3204 nostro
732 3196 741 3212 ,
756 3174 791 3204 de
810 3176 842 3204 &
858 3174 937 3212 super
953 3174 1085 3203 omnibus
1103 3174 1135 3203 ὅ(
1160 3173 1255 3209 fingu-

206 3207 238 3238 lis
254 3208 385 3239 Articulis
398 3210 432 3240 ὃς
452 3209 584 3247 Funeris,
601 3211 636 3241 de
657 3212 756 3249 quibus
771 3214 842 3242 inter
859 3222 905 3242 eos
921 3212 1002 3242 fuerit
1018 3211 1236 3241 Concordatum
1246 3234 1256 3250 ‚

207 3246 296 3277 &de
306 3247 488 3286 exequendo,
507 3250 540 3279 &
553 3250 650 3290 exequi
665 3250 810 3288 faciendo,
827 3250 924 3281 eadem
943 3259 1011 3280 cum
1030 3250 1123 3280 debita
1139 3249 1256 3287 diligen-

208 3285 263 3323 tia,
272 3285 588 3317 secundumTenotem
603 3288 636 3317 ὃς
650 3287 786 3319 Formam
800 3289 965 3319 eorumdem
975 3311 984 3326 ‚
995 3297 1129 3326 quantum
1139 3288 1172 3317 ad
1189 3287 1257 3318 Nos

208 3323 361 3354 dinoscitur
376 3325 531 3362 pertinere,

244 3361 284 3393 Et
298 3362 356 3392 hoc
371 3363 561 3400 promittimus
575 3364 658 3394 etiam
673 3363 721 3393 sub
737 3362 879 3394 Cautione
894 3364 1114 3403 &obligatione
1126 3364 1257 3394 omnium

207 3398 374 3437 Bonorum,
395 3401 544 3431 mobilium
562 3402 593 3432 ὃς
613 3402 817 3439 immobilium,
836 3403 1010 3440 praesentium
1027 3403 1059 3432 &
1079 3405 1237 3432 fututorum
1249 3426 1259 3440 ,

207 3439 247 3469 ita
260 3439 338 3475 quod
353 3448 497 3477 nunquam
516 3449 564 3476 per
578 3439 662 3477 Nos,
681 3440 724 3470 vel
748 3440 832 3470 alium
849 3441 967 3470 nomine
982 3440 1098 3478 nostre,
1114 3440 1260 3479 dicemus,

208 3477 357 3515 faciemus,
376 3487 422 3508 aut
444 3487 652 3516 proponemus,
670 3479 697 3507 in
713 3477 829 3516 Judicio
845 3501 855 3517 ,
870 3488 923 3509 nec
943 3487 1015 3509 extra
1029 3501 1039 3517 ,
1058 3480 1208 3517 quicquam
1230 3481 1259 3509 in

210 3524 404 3553 contrarium,

249 3552 418 3584 Mandantes
433 3554 565 3584 omnibus
585 3554 618 3585 &
636 3553 746 3592 singulis
765 3553 944 3592 justiciariis,
967 3555 999 3584 &
1019 3554 1140 3584 Subditis
1161 3554 1260 3584 nostris

210 3591 450 3630 quibuscumque,
466 3602 600 3632 quatenus
617 3593 700 3622 dic‘tis
716 3593 819 3622 nostris
841 3592 1042 3623 Commiffariis
1057 3594 1088 3622 ὃς
1105 3593 1262 3630 Deputatis,

208 3637 243 3659 ac
258 3639 357 3661 eorum
376 3631 475 3662 Literis
488 3632 521 3662 ὃς
538 3630 696 3669 Mandatis,
714 3631 847 3661 obediant
867 3632 900 3662 ὃς
921 3630 1063 3661 intendant
1082 3632 1111 3661 in
1127 3632 1260 3661 omnibus

214 3665 371 3704 diligenter.

246 3705 281 3735 ln
294 3707 389 3744 cujus,
409 3708 470 3738 &c.

245 3742 334 3775 Teste
354 3744 434 3785 Rege
453 3746 528 3785 apud
548 3745 668 3786 Castrum
682 3744 762 3785 fimm
783 3744 815 3775 de
835 3743 926 3784 Gisbrs
948 3744 1085 3775 vicesimo
1101 3754 1200 3784 quarto
1216 3745 1262 3776 die

186 3810 190 3817 ,
209 3777 396 3822 Septembris.

887 3822 941 3850 Per
957 3819 1038 3861 ipficm
1055 3823 1159 3860 Regem.

1308 140 1777 185 PUBLICA.
2271 160 2346 201 133

1595 310 1653 342 Ad
1672 311 1877 344 Tradbmdum
1900 311 1936 344 de
1960 317 2045 346 Pace.

1298 390 1414 445 REX
1431 391 1596 430 Omnibus,
1614 393 1647 423 ad
1665 404 1750 432 quos,
1770 395 1830 426 ὅτε.
1848 396 1981 427 Salutem.

1392 431 1487 461 Sciatis
1506 431 1582 469 qiod
1602 432 1689 469 Nos,

1320 467 1381 508 *De
1403 469 1531 499 fidelitate
1545 492 1554 507 ,
1573 470 1823 506 circumspestione
1867 473 1900 502 ὃς
1924 472 2057 504 industria
2075 497 2084 512 ,
2104 474 2286 508 Dilectorum
2309 479 2342 509 ὃς

1294 501 1432 537 Fidelium
1453 507 1616 538 nostrorum
1631 531 1640 544 ,
1661 507 1793 543 Magistri
1845 510 1957 541 ohannis
1974 514 2072 550 Kempe
2097 513 2189 545 Eleeti
2206 518 2239 547 ὃ(
2259 516 2343 548 Con-

1293 541 1393 574 firmati
1410 545 1567 583 Roffenlis,
1585 546 1701 575 Gilberti
1719 545 1872 584 Unfravile
1890 549 2010 578 Domini
2024 552 2059 580 de
2083 551 2178 582 Kvme
2214 556 2343 586 Guidonis

1294 582 1426 612 Boutiller
1442 583 1562 613 Domini
1581 585 1616 613 de
1633 585 1656 613 la
1679 583 1784 614 Roche
1806 585 1922 623 Guion,
1941 587 2080 625 Johannis
2099 577 2197 631 Alc-sp}
2205 595 2343 630 ,Ricara'i

1294 621 1432 687 ἓὲιιιίναχ,
1448 625 1543 660 Rogeri
1559 622 1809 661 MustelJunioris,
1826 624 1858 654 ὅ(
1874 624 2014 662 Johannis
2031 630 2150 667 Seignet,
2158 632 2265 668 plenius
2274 643 2346 664 con-

1335 668 1429 696 entes,

1333 697 1351 715 *²
1371 696 1447 734 Ipsos
1463 697 1597 736 Septem,
1616 698 1688 735 Sex,
1706 698 1750 729 vel
1767 698 1904 737 Quinque
1925 710 2043 741 eorum,
2062 705 2173 737 nostros
2199 708 2329 740 Fecimus

1296 733 1514 772 Ordinavimus,
1533 736 1758 774 DeputavimuS,
1778 738 1810 767 ὃς
1825 736 2033 770 Censtituimus
2052 751 2144 774 certos
2163 747 2196 777 ὃς
2217 732 2346 779 indubios3

1294 772 1527 810 Amballiatores,
1545 774 1579 803 N
1583 776 1697 812 uncios,
1712 776 1745 805 ὃς
1762 774 1979 808 Commislarios
1994 788 2042 815 per
2053 780 2216 820 Praesentes,

1329 809 1435 841 Dantes
1446 812 1479 842 &
1492 810 1692 842 Concedent&>
1706 812 1808 842 eisdem
1831 813 1965 853 Septem,
1981 817 2035 846 Sex
2046 840 2055 855 ,
2073 827 2119 849 aut
2139 821 2275 860 Quinque
2294 835 2345 855 εο-

1293 848 1442 887 rumdem,
1460 850 1589 887 plenam,
1609 851 1726 880 Tenore
1747 851 1927 882 Praesentium
1941 876 1950 890 ,
1967 854 2139 887 Potestatem
2154 881 2163 896 ,
2183 860 2347 892 Auctorita-

1294 895 1371 924 tem,
1392 889 1424 918 ὃς
1440 887 1610 918 Mandatum
1626 889 1738 926 speciale
1751 889 1785 918 ad
1801 890 2013 929 Tractandum,
2031 893 2276 929 Concordandum
2312 902 2346 931 &

1294 923 1409 956 finaliter
1432 924 1676 958 Concludendum
1692 951 1702 964 ,
1728 937 1779 965 pro
1802 927 1899 958 Nobis
1922 930 1955 959 ὃς
1978 931 2111 963 Nomine
2129 935 2227 966 nostro
2277 924 2346 969 c²um

1295 963 1489 1002 Conficnguineo
1501 964 1589 1004 nostro
1602 968 1723 995 Franciae
1734 990 1743 1002 ,
1760 966 1846 996 suil‘ve
1862 968 1891 996 in
1916 967 1968 998 hac
1989 979 2065 1006 parte
2080 960 2329 1007 Ambaffiatoribus

1293 1001 1502 1033 Commiliariis
1516 1026 1525 1040 ,
1542 1003 1690 1042 Deputatis
1705 1027 1714 1041 ,
1733 1004 1789 1033 five
1809 1004 1932 1035 Nunciis
1946 1030 1954 1042 ,
1973 1009 2084 1044 plenam
2109 1012 2141 1041 &
2161 1000 2348 1045 sufficientett}

1293 1039 1464 1071 Potestatem
1478 1042 1513 1070 ab
1528 1042 1630 1071 eodem
1643 1042 1824 1078 habentibus,
1839 1043 1875 1073 de
1888 1045 1921 1075 ὃς
1934 1045 2013 1082 super
2027 1045 2102 1078 Pace
2117 1049 2188 1079 finali
2203 1052 2236 1081 &
2252 1063 2350 1090 perpe-

1294 1086 1340 1108 tua
1352 1079 1422 1108 inter
1439 1078 1564 1109 Francius
1579 1081 1612 1110 &
1629 1081 1738 1119 Angliae
1757 1079 1855 1119 Regna
1866 1105 1875 1119 ,
1893 1092 1926 1112 ac
1942 1085 2076 1115 omnibus
2091 1088 2123 1117 ὃς
2141 1089 2248 1128 lingulis
2272 1090 2347 1122 [nci-

1295 1116 1443 1154 dentibus,
1459 1116 1689 1156 Emergentibus,
1706 1121 1739 1150 ὃς
1757 1118 1902 1150 Connexis
1915 1121 1948 1151 ad
1963 1123 2076 1161 eadem,

1333 1153 1371 1184 Et
1387 1155 1546 1193 generaliter
1561 1160 1639 1193 luper
1655 1157 1788 1188 omnibus
1806 1158 1839 1188 &
1854 1159 1981 1198 finguliS,
2001 1162 2156 1202 Qietem,
2175 1165 2349 1205 Tranquilli-

1295 1200 1399 1230 tatem,
1417 1193 1449 1223 &
1465 1192 1569 1222 Pacem
1584 1195 1722 1231 utriusque
1736 1194 1834 1232 Regni
1849 1203 2100 1239 concernentibus,

1329 1231 1376 1272 'Ac
1394 1230 1536 1274 Praemiffa
1549 1233 1645 1261 omnia
1660 1234 1692 1263 &
1709 1233 1827 1271 singula,
1847 1245 1899 1273 pro
1913 1246 1991 1273 parte
2009 1238 2120 1277 nostra,
2136 1239 2169 1270 ad
2185 1250 2349 1279 perpetuam

1296 1276 1335 1296 rei
1360 1277 1527 1298 memoriam
1549 1270 1582 1299 &
1602 1269 1680 1299 Pacis
1701 1280 1842 1309 perpetuae
1866 1273 2025 1305 firmitatem
2042 1278 2215 1317 plenariam,
2231 1280 2349 1312 finaliter

1295 1306 1523 1336 Terminandum
1539 1308 1571 1337 &
1586 1306 1844 1347 Concludendum,

1333 1343 1462 1374 Necnon
1480 1345 1515 1374 de
1529 1346 1562 1376 &
1575 1346 1652 1383 super
1667 1347 1801 1376 omnibus
1818 1350 1850 1378 ὃς
1876 1349 2003 1388 singulis,
2018 1353 2054 1382 ab
2073 1354 2176 1385 eisdem
2200 1354 2351 1387 Commis-

1295 1381 1367 1411 sariis
1383 1382 1484 1412 nostris
1504 1383 1636 1421 Septem,
1653 1384 1723 1422 Sex,
1741 1385 1786 1415 vel
1807 1387 1943 1424 Qinque
1966 1399 2083 1428 eorum,
2100 1402 2165 1422 cum
2184 1393 2252 1423 didio
2278 1398 2349 1424 Con-

1287 1420 1436 1463 fivfguineo
1448 1420 1553 1459 nostro,
1570 1431 1616 1452 aut
1633 1423 1690 1459 ejus
1708 1424 1737 1453 in
1755 1424 1807 1454 hac
1824 1434 1900 1461 parte
1916 1426 2178 1468 Ambaffiatoribus,
2197 1431 2347 1463 Commis-

1296 1464 1383 1495 1ariis,
1402 1458 1568 1496 Deputatis,
1586 1460 1631 1490 seu
1652 1461 1790 1499 Nunciis,
1816 1463 1843 1491 in
1864 1462 2032 1503 Praemiffis,
2058 1467 2101 1497 vel
2120 1478 2220 1498 corum
2238 1470 2332 1508 aliquo

1297 1497 1519 1536 Appuncstuatis,
1538 1498 1726 1529 Concordatis
1740 1522 1750 1537 ,
1769 1500 1813 1530 seu
1830 1500 1979 1532 Conclulis
1995 1525 2003 1540 ,
2019 1514 2068 1541 per
2086 1505 2153 1535 Nos
2172 1508 2245 1537 bene
2264 1510 2298 1539 ὃς
2317 1496 2350 1539 fi:

1295 1535 1391 1565 delitet
1407 1536 1601 1574 observandis,
1620 1538 1649 1567 in
1667 1538 1802 1568 Animam
1821 1539 1943 1570 nostram
1959 1541 2094 1580 Jurandi,

1333 1573 1438 1617 Literas
1455 1575 1541 1605 etiam
1559 1575 1690 1613 Sigillatas
1702 1598 1712 1614 ,
1736 1576 1932 1614 Obligationes
1947 1602 1956 1616 ,
1974 1580 2007 1610 &
2025 1581 2133 1611 alterius
2151 1582 2351 1623 cujuscumque

1295 1619 1402 1649 generis
1420 1612 1585 1644 Securitates
1602 1615 1635 1644 ὅ(
1653 1614 1806 1645 cautiones
1819 1638 1827 1652 ,
1842 1617 1870 1645 in
1887 1617 1940 1646 hac
1955 1628 2030 1655 parte
2048 1629 2201 1650 conventas
2220 1622 2264 1651 seu
2278 1633 2351 1653 con-

1298 1649 1421 1679 cordatas
1433 1674 1444 1687 ,
1466 1660 1518 1694 pro
1534 1651 1632 1681 Nobis
1647 1653 1679 1682 ὃ(
1698 1652 1830 1684 Nomine
1846 1654 1945 1685 nostro
1960 1680 1968 1692 ,
1985 1667 2001 1686 a
2020 1659 2135 1696 praefato
2154 1658 2352 1698 Consc'inguinea

1297 1687 1401 1727 nostra,
1418 1689 1463 1718 seu
1481 1699 1538 1727 ejus
1557 1691 1586 1719 in
1604 1691 1656 1720 hac
1675 1701 1749 1727 parte
1769 1692 2036 1732 Ambafflatoribus,
2057 1696 2351 1736 Commissariis,De-

1295 1728 1414 1765 putatis,
1429 1726 1486 1758 five
1502 1727 1643 1766 Nunciis,
1658 1729 1794 1767 Petendi,
1812 1730 1998 1771 Recipicndi,
2019 1736 2051 1763 ἃ*
2071 1734 2247 1773 Optiuendi,

1335 1764 1381 1795 Ac
1400 1765 1595 1804 quoscumque
1611 1767 1758 1798 Tractatus
1774 1791 1784 1806 ,
1813 1778 1861 1805 per
1887 1770 1980 1800 dit-“tos
2007 1772 2353 1808 Commiffariosnostros

1296 1800 1411 1846 Septem
1425 1827 1436 1840 ,
1461 1803 1517 1833 Sex
1531 1828 1540 1843 ,
1565 1805 1610 1836 vel
1627 1806 1763 1844 Quinque
1778 1816 1879 1837 eorum
1892 1831 1900 1845 ‚
1926 1817 2022 1848 captos
2041 1811 2095 1840 live
2113 1812 2223 1842 habitos
2239 1835 2248 1849 ‚
2266 1823 2351 1850 prout

1297 1841 1400 1871 eisdem
1417 1841 1531 1886 Septem
1545 1866 1556 1879 ,
1583 1842 1636 1873 Sex
1653 1867 1662 1882 ,
1689 1854 1736 1875 aut
1760 1845 1898 1884 Qiinque
1915 1856 2014 1878 eorum
2034 1851 2162 1887 expedire
2181 1851 2321 1882 videbitur
2339 1877 2350 1891 ,

1296 1878 1471 1918 prorogandi
1492 1881 1526 1910 δε
1545 1880 1756 1920 Cominuandi,

1332 1917 1370 1948 Et
1388 1919 1550 1962 generaliter
1567 1921 1665 1950 omnia
1683 1922 1732 1950 alia
1751 1922 1785 1952 ὃς
1802 1921 1904 1960 lingula
1922 1923 2072 1962 Faciendi,
2099 1925 2275 1957 Excercendi
2291 1952 2300 1966 ,
2316 1930 2350 1959 ὅτ.

1295 1954 1469 1993 Expediendi
1489 1967 1553 1995 quae
1579 1959 1609 1988 in
1635 1958 1785 1989 Praemiffis
1804 1962 1846 1990 vel
1866 1962 1940 1992 circa
1964 1972 1994 1991 ca
2020 1964 2166 1994 necessaria
2185 1965 2289 1996 fuerint
2306 1967 2352 1997 seu

1294 1995 1514 2061 quqmodolibet
1538 2005 1678 2034 oportuna
1696 2020 1706 2036 ,
1730 1999 1813 2029 etiam
1838 1998 1857 2028 si
1877 1999 1913 2030 de
1936 2001 1962 2031 ie
1981 2000 2151 2032 Mandatum
2169 2004 2278 2042 exigant
2292 2004 2353 2042 spe-

1296 2042 1339 2062 cia
1351 2042 1366 2062 e

1335 2056 1589 2114 Et’Promittimus
1601 2096 1612 2110 ,
1638 2072 1717 2104 bona
1735 2072 1789 2103 fide
1803 2097 1813 2111 ‚
1838 2074 1871 2104 δε
1890 2076 1980 2105 verbo
1998 2075 2093 2116 Regio
2106 2100 2116 2115 ,
2132 2078 2181 2108 sub
2199 2079 2353 2116 Ypotheca

1295 2107 1328 2138 &
1348 2108 1530 2149 Obligatione
1542 2112 1677 2141 omnium
1696 2111 1843 2142 Bonorum
1861 2113 2041 2152 nostrorum,
2063 2117 2238 2153 praelentium
2256 2121 2289 2148 δε
2304 2119 2350 2148 fu-

1296 2153 1444 2185 turorum,
1463 2147 1532 2178 Nos
1552 2148 1677 2187 Ratum,
1691 2149 1831 2187 Gratum,
1850 2152 1883 2181 &
1902 2151 2032 2182 Firmum
2052 2158 2187 2192 perpetuo
2207 2156 2352 2186 habituros

1296 2191 1390 2215 totum
1410 2186 1444 2216 &
1463 2187 1594 2224 quicquid
1613 2197 1663 2225 per
1675 2188 1768 2218 dictos
1783 2187 1893 2219 nostros
1902 2188 2119 2222 Commiffarios
2134 2194 2264 2230 Septem,
2285 2194 2352 2234 Sex,

1295 2223 1341 2252 vel
1359 2223 1496 2266 Qinque
1514 2235 1632 2261 eorum,
1649 2226 1776 2263 Αὲὶυῐη,
1795 2225 1921 2258 Gestum
1932 2251 1942 2266 ,
1960 2229 2006 2260 seu
2021 2229 2207 2262 Procuratum
2225 2232 2352 2263 fueritin

1298 2259 1468 2300 Praemiffis,
1485 2263 1518 2293 δε
1535 2263 1644 2301 fingulis
1660 2263 1881 2295 Praemifforum.

1334 2298 1369 2328 In
1387 2301 1484 2337 cujus,
1501 2301 1560 2331 ὅτε.

1296 2336 1522 2412 ὃεζὲῐὶξῖῐέίέεςε
1542 2338 1616 2376 apud
1637 2338 1758 2378 Castrum
1767 2338 1850 2378 finem
1866 2341 1898 2371 de
1919 2343 2010 2382 Gisbrs
2028 2344 2164 2376 vicesimo
2184 2353 2284 2384 quarto
2305 2345 2351 2378 die

1974 2422 2027 2449 Per
2043 2420 2125 2459 ipſsem
2141 2424 2245 2459 Regem.

2269 2502 2351 2511 4,..-

1464 2545 1522 2579 Ad
1541 2546 1748 2580 Tractandum
1775 2560 1851 2585 cumr
1866 2552 1999 2582 Civitate
2021 2551 2180 2594 Parisietfi.

1296 2633 1409 2691 REX
1428 2634 1582 2672 omnibus,
1600 2634 1634 2664 ad
1653 2645 1742 2674 qUOS,
1760 2637 1820 2667 ἃς.
1840 2636 1972 2668 Salutem.

1387 2674 1483 2703 Sciatis
1502 2673 1582 2710 quod
1603 2683 1670 2710 nos,

1332 2710 1380 2740 De
1402 2711 1562 2749 Fidelitate,
1589 2710 1856 2749 Circumspectione
1899 2713 1932 2743 ὃς
1951 2712 2087 2744 Industria
2101 2738 2109 2752 ,
2126 2714 2295 2746 dilectorum
2315 2716 2348 2746 ὃ(

1294 2747 1431 2779 Fidelium
1450 2749 1613 2779 nostrorum
1630 2773 1640 2786 ,
1667 2749 1796 2788 Magistri
1820 2736 1961 2789 Jossannis
1986 2755 2085 2790 Kempe
2104 2752 2194 2784 Elec‘ti
2211 2756 2244 2785 δε
2265 2754 2349 2784 Con-

1293 2786 1392 2817 firmati
1412 2787 1572 2824 Roffenlis,
1591 2787 1709 2817 Gilberti
1727 2787 1882 2826 Umfravile
1898 2789 2019 2820 Domini
2037 2793 2073 2820 de
2090 2789 2202 2830 Kyme,
2220 2793 2350 2823 Gnidonis

1293 2825 1428 2854 Boutiller
1446 2826 1568 2856 Domini
1584 2826 1619 2855 de
1639 2826 1662 2855 la
1682 2826 1786 2856 Roche
1803 2826 1912 2866 Guyon
1925 2850 1935 2865 ,
1952 2827 2094 2866 Johannis
2112 2829 2232 2869 Alepse,
2251 2834 2346 2860 Ricar-

1292 2865 1320 2892 di
1337 2864 1477 2932 ngdray'
1494 2867 1589 2902 Rogeri
1607 2864 1721 2903 Mustell
1731 2864 1872 2903 Junioris,
1888 2867 1920 2896 &
1938 2866 2080 2904 Johannis
2098 2871 2195 2905 Segnet
2211 2890 2221 2906 ,
2240 2870 2346 2906 plenius

1296 2912 1352 2932 con
1395 2912 1469 2932 entes

1330 2939 1404 2977 Ipsos
1423 2925 1558 2978 Sepiem,
1584 2939 1638 2969 Sex
1653 2962 1662 2977 ,
1685 2940 1730 2971 vel
1750 2940 1888 2978 Quinque
1906 2951 2008 2972 eorum
2023 2966 2033 2980 ,
2057 2942 2170 2974 nostros
2195 2943 2348 2983 Fecimus,

1293 2977 1510 3015 Ordinavimus,
1531 2977 1752 3015 Deputavimus,
1770 2982 1802 3008 &
1820 2978 2045 3018 Constituimus,
2063 2991 2097 3011 ac
2118 2981 2245 3012 Facimus
2260 3006 2270 3021 ,
2288 2983 2348 3013 Or-

1294 3015 1421 3046 dinamus
1434 3039 1443 3054 ,
1464 3016 1641 3052 Deputamus
1654 3037 1665 3054 ,
1689 3017 1722 3047 &
1742 3015 1947 3046 Constituimus
1965 3027 2058 3048 certos
2077 3020 2110 3050 &
2128 3020 2257 3051 indubios
2275 3023 2349 3051 Am-

1296 3054 1471 3091 baffiatores,
1491 3053 1627 3084 Nuncios
1639 3076 1648 3091 ,
1665 3054 1698 3084 ὃς
1717 3053 1933 3085 Commiffarios
1950 3066 1998 3093 per
2018 3056 2182 3095 Praesentes,

1330 3092 1438 3123 Dantes
1455 3093 1488 3122 &
1506 3091 1706 3122 Concedentes
1723 3092 1824 3123 eisdem
1841 3093 1974 3132 Septem,
1990 3094 2064 3133 Sex,
2084 3105 2130 3127 aut
2145 3097 2282 3134 Quinque
2297 3107 2348 3127 eo-

1294 3131 1413 3161 rundem
1429 3153 1437 3168 ,
1458 3131 1570 3167 plenam
1583 3152 1592 3166 ,
1610 3130 1729 3160 Tenore
1752 3131 1933 3162 Praesentium
1948 3154 1957 3170 ,
1975 3132 2164 3172 Potestatem,
2185 3135 2348 3165 Auctorita-

1295 3178 1368 3205 tem,
1386 3170 1419 3199 ὅ(
1437 3168 1606 3198 Mandatum
1623 3168 1737 3205 speciale
1751 3170 1785 3199 ad
1798 3170 1990 3200 Tractandum
2001 3195 2010 3208 ,
2031 3171 2275 3202 Concordandum
2285 3195 2295 3210 ,
2311 3175 2346 3204 &

1294 3206 1409 3237 finaliter
1426 3205 1682 3244 concludendum,
1702 3217 1754 3243 pro
1771 3207 1869 3238 Nobis
1884 3209 1916 3239 δε
1932 3209 2068 3239 Nomine
2085 3210 2198 3247 nostro,

1331 3244 1410 3275 Cum
1426 3244 1644 3281 consanguineo
1659 3245 1758 3275 nostro
1775 3249 1874 3275 Comite
1888 3248 1982 3276 SanCZi
1999 3247 2097 3285 Pauli,
2114 3249 2148 3278 ὃς
2162 3248 2268 3278 Nobili
2292 3248 2346 3279 Vi-

1294 3293 1326 3313 ro
1351 3283 1490 3319 Magistro
1512 3282 1654 3321 Eustachii)
1674 3283 1706 3312 de
1725 3287 1802 3323 Atry
1818 3307 1827 3322 ,
1852 3295 1884 3315 ac
1908 3285 2010 3315 celebri
2032 3289 2155 3315 civitate
2180 3286 2299 3326 Parifien
2312 3297 2321 3313 1
2334 3309 2344 3324 ‚

1292 3331 1408 3352 necnon
1421 3321 1617 3350 honorabilibus
1632 3320 1707 3350 Clero
1725 3321 1761 3356 όν
1777 3326 1974 3362 Caunum-itate
1990 3323 2119 3362 ejrfiiem,
2137 3324 2248 3362 aliisque
2264 3323 2347 3355 Civi-

1293 3362 1412 3397 tatibus,
1431 3359 1528 3397 Villis,
1546 3361 1579 3391 &
1596 3359 1682 3390 Locis
1701 3361 1921 3398 quibuscumque
1938 3362 2032 3400 Regni
2047 3362 2171 3393 Franciae
2182 3386 2191 3400 ,
2210 3373 2242 3392 ac
2251 3362 2347 3392 Com-

1295 3399 1474 3429 munitatibns
1488 3399 1521 3429 ὃς
1543 3398 1776 3428 Inhabitatoribus
1798 3400 1985 3436 eorumdem,
2005 3400 2110 3436 praefati
2134 3401 2249 3431 Civitati
2271 3400 2348 3430 Pari*

1296 3437 1371 3467 fienli
1390 3437 1623 3473 Adhaerentibus,
1641 3446 1751 3466 necnon
1765 3447 1866 3467 eorum
1882 3438 1915 3469 &
1932 3438 2079 3475 cujussibet
2094 3439 2261 3469 eorumdem
2283 3438 2346 3468 De-

1295 3476 1391 3514 putatis
1407 3477 1449 3505 seu
1466 3474 1657 3512 DeputandiS,

1333 3514 1350 3533 *
1374 3514 1419 3543 De
1442 3515 1474 3544 ὃ(
1497 3514 1575 3549 super
1598 3511 1822 3550 quibuscumque
1844 3512 1994 3551 Materiis,
2012 3513 2151 3551 Negotiis
2165 3538 2174 3552 ,
2195 3513 2345 3551 Articulis,

1295 3551 1495 3586 Petitionibus,
1513 3552 1546 3580 &
1562 3550 1733 3587 Demandis,
1754 3551 1838 3586 Nos,
1858 3551 1988 3590 Statum,
2004 3562 2037 3582 ac
2054 3553 2124 3591 Jura
2145 3553 2237 3582 nostra
2260 3552 2347 3588 quali-

1294 3599 1461 3628 tercumque
1477 3590 1730 3625 concernentibus,
1751 3589 1806 3618 sive
1821 3591 2016 3628 tangentibus,
2033 3590 2077 3621 seu
2098 3601 2161 3629 quae
2183 3601 2235 3628 pro
2250 3590 2349 3621 Nobis

1298 3628 1330 3658 &
1345 3627 1478 3657 Nomine
1492 3626 1588 3656 nostro
1610 3626 1876 3666 Communicanda,
1895 3627 2101 3667 Proponenda,
2118 3637 2164 3659 aut
2185 3627 2349 3666 quomodo-

1296 3666 1364 3696 libet
1384 3665 1569 3694 Ministranda
1587 3664 1713 3694 duxerint
1731 3666 1774 3695 seu
1790 3665 1985 3704 decreverint,

1334 3703 1462 3734 Necnon
1485 3703 1563 3740 super
1584 3702 1652 3739 hiis,
1669 3713 1732 3741 quae
1754 3703 1860 3740 praefati
1871 3728 1880 3741 ‚
1898 3706 2109 3743 Confirnguineus
2126 3703 2210 3742 noster
2225 3727 2233 3740 ,
2251 3703 2350 3740 Magi-

1300 3742 1354 3771 ster
1372 3741 1546 3781 Eustachius,
1561 3750 1606 3771 aut
1629 3745 1737 3771 Civitas
1754 3742 1924 3783 Parzfienfir,
1943 3743 2033 3773 clerus
2058 3743 2094 3776 &0
2116 3744 2296 3770 Communitas
2318 3753 2348 3771 c-

1295 3779 1402 3818 jusdem
1413 3802 1422 3818 ,
1438 3780 1534 3810 aliaeve
1548 3778 1699 3815 Civitates,
1721 3779 1745 3809 V
1749 3780 1817 3818 illae,
1834 3781 1877 3810 seu
1893 3782 1989 3818 Loca,
2007 3780 2232 3810 Communitates
2245 3779 2349 3810 &Ha-

1300 3819 1431 3849 bitatores
1455 3817 1624 3848 eorumdem
1641 3841 1650 3856 ,
1676 3817 1812 3855 Deputati
1835 3820 1877 3849 seu
1900 3817 2063 3856 Deputandi
2082 3840 2092 3855 ,
2115 3819 2351 3856 communicare,

1300 3866 1475 3896 proponere,
1493 3864 1540 3887 aut
1553 3857 1770 3894 quomodolibet
1786 3857 1940 3886 ministrare
1955 3855 2073 3885 voluerit
2091 3856 2134 3886 seu
2151 3855 2291 3897 voluerint
2302 3881 2311 3894 ‚

1338 3895 1467 3925 Necnon
1493 3895 1528 3925 de
1549 3895 1581 3926 &
1601 3895 1679 3933 super
1698 3895 1830 3924 omnibus
1850 3895 1882 3924 Sc
1907 3894 2037 3932 lingulis,
2058 3894 2094 3923 sic
2110 3918 2119 3932 ‚
2139 3903 2168 3924 ut
2188 3899 2350 3933 praetertur,

1300 3931 1517 3962 Concordandis
1532 3934 1576 3963 seu
1594 3932 1822 3971 Concludendis,
1841 3942 1888 3969 per
1906 3932 1972 3962 Nos
1988 3933 2060 3962 bene
2075 3933 2107 3962 δε
2125 3931 2241 3962 fideliter
2254 3956 2262 3970 ,
2282 3943 2349 3971 qua-

1299 3980 1379 4002 tenus
1401 3970 1468 4001 Nos
1489 3974 1521 4002 &
1547 3971 1658 4002 Partem
1684 3970 1808 4001 nostram
1831 3979 2022 4009 concernunt,
2039 3971 2217 4002 oblervandis
2239 3973 2273 4003 ὃς
2293 3974 2348 4001 im-

1301 4010 1408 4048 plendis
1416 4031 1426 4048 ‚
1445 4009 1475 4040 in
1489 4010 1623 4040 Animam
1636 4008 1787 4077 nostramRJ
1793 4008 1935 4085 giraudum.
2298 4045 2350 4077 Li,

2365 258 2442 289 Ann.
2453 259 2495 291 D.

2387 307 2473 337 1419.

2360 340 2423 364 Hen.
2440 347 2469 373 5.

2362 405 2414 429 An.
2430 411 2457 437 7.

2365 444 2400 467 H.
2421 449 2449 474 5.

2363 481 2453 506 Norm.
2467 488 2494 514 7.

2363 520 2495 552 H.5.p.1.

2366 563 2402 581 m.
2414 561 2457 587 ¹5·

2367 707 2382 722 ¹¹
2398 707 2452 734 1x;

2366 756 2434 785 797s

2375 2657 2449 2688 Ann.
2460 2659 2500 2689 D.

2392 2706 2476 2737 1419.

2370 2739 2422 2762 Aa.
2440 2747 2466 2770 7.

2371 2779 2404 2801 Η.
2424 2783 2450 2809 )”.

2368 2813 2431 2839 [bibl.

2368 2856 2394 2885 p.
2418 2860 2439 2882 1,
2462 2858 2499 2876 m.

2373 2897 2416 2924 15.

2367 3519 2385 3538 *¹
2406 3522 2456 3549 IX.

2367 3558 2432 3593 798.
