2562 4274
244 73 324 111 116

694 69 1517 125 CoNVENT1oNEs‚

1575 72 1963 127 LITERAE,

96 163 174 197 Ann.
185 161 227 193 D.
240 151 367 191 praediffi
386 152 560 196 Adversarii
584 153 682 196 vestri,
702 159 730 189 in
752 159 922 198 Praemiffis,
940 160 985 192 vel
996 170 1098 192 eorum
1112 160 1226 198 aliquo,
1245 157 1307 197 Ap-
1345 170 1362 188 u
1374 168 1423 199 que
1446 158 1486 188 ad
1505 157 1686 189 Penuln‘mum
1707 158 1777 189 diem
1799 157 1911 198 ejusdem
1924 159 2026 201 Menfis
2037 158 2137 199 suerit,
2155 168 2258 193 mutuo
2273 161 2409 195 consensu
2429 157 2505 188 Ann-
2518 157 2561 189 D-

122 211 208 242 1419.
250 192 411 229 punnuatis
421 219 430 234 ,
445 193 655 233 Concordatis,
673 198 718 227 seu
732 197 899 237 Concluiis,

97 247 161 272 Hert.
179 251 210 277 5.

79 1580 157 1612 Ann.
168 1581 209 1613 D.

100 1629 187 1659 1419.

77 1664 130 1687 Aa.
148 1671 173 1694 7.

76 1702 112 1725 H.
135 1709 162 1733 5.

77 1738 141 1766 Ibid-

70 2421 147 2454 Ann.
161 2420 201 2451 D.

88 2468 175 2498 1419.

67 2503 121 2527 Aa.
139 2509 165 2534 7-

68 2542 103 2565 H.
133 2547 159 2572 5.

67 2576 180 2604 IxRibI.

67 2618 125 2642 Cot.
141 2618 188 2641 Ti—

66 2653 151 2680 herim
172 2658 201 2680 B.

68 2691 202 2728 6.f0l.22.

69 2735 104 2758 A.

88 2769 103 2784 ¹'
127 2769 178 2797 IX.

70 2815 134 2843 752·

284 228 339 298 {ie-r
355 233 423 264 Nos
440 234 514 264 bene
527 234 560 264 &
572 231 689 266 fideliter
702 235 898 276 observandis,
915 238 944 267 in
960 237 1096 269 Animam
1112 235 1237 267 nostram
1253 234 1306 274 Ju-

245 277 295 298 xan
318 278 342 306 1,

287 306 393 339 Literas
410 309 497 340 etiam
516 309 655 350 sigillataS,
680 311 894 352 obligationes,
920 315 954 346 &
974 314 1083 345 alterius
1106 312 1308 351 cujuscumque

250 349 356 383 generis
371 347 537 379 Securitates
553 350 585 380 ὅ(
603 348 814 389 Cautione5,in
831 352 883 382 hac
899 362 974 389 parte
985 351 1310 389 conventas,requisitas‚

247 384 294 414 seu
309 386 507 425 concordatas,
521 397 575 424 pro
591 387 689 419 Nobis
701 389 734 420 δί
751 390 886 420 Nomine
898 391 997 421 nostro
1007 414 1016 429 ,
1034 391 1150 428 Dandi,
1166 390 1307 427 Faciendi,

247 422 282 451 &
293 421 482 463 Expediendi,
501 435 568 463 quas
580 436 675 464 parem
691 429 723 459 &
735 428 857 459 eundem
872 429 1019 459 Effectum
1036 430 1069 459 &
1094 428 1232 467 Vigorem
1256 428 1306 458 ha-

249 460 318 490 bere
339 462 491 501 volumus,
509 474 542 495 ac
563 464 582 495 si
604 475 657 497 nos
681 468 711 498 in
730 466 850 498 Persona
867 468 964 498 nostra
978 478 1022 498 eas
1036 467 1184 506 daremus,
1202 467 1308 498 facere-

246 507 310 528 mus
320 522 330 538 ,
349 501 382 531 &
394 511 614 542 exponeremuS,

278 536 321 581 ‘Et
339 540 486 571 consimile
506 541 708 581 juramentum
728 545 759 574 in
779 546 905 576 animam
928 544 995 575 dieti
1018 542 1188 583 Adverfizrii
1205 542 1307 582 nostri,

247 574 377 622 Literas,
403 579 615 620 Obligationes‚
642 583 822 622 Securitates,
841 585 873 615 ὃς
896 582 1052 614 Cautiones
1067 583 1146 620 alias,
1164 582 1306 614 sufficien-

245 622 285 645 tes
301 615 335 645 ὃς
351 627 380 647 in
395 618 449 649 hac
463 627 540 656 parte
560 620 658 651 Nobis
674 622 853 661 necessarias,
872 633 926 660 pro
940 621 1040 652 Nobis
1055 623 1089 653 ὃς
1104 621 1238 652 Nomine
1252 630 1306 651 no-

246 651 322 697 stro,
339 655 375 686 ab
397 656 647 691 Ambaffiaroribus
671 660 794 699 ejusdem
821 661 966 692 adversarii
982 659 1070 691 nostri
1084 661 1216 699 petendi,
1234 660 1306 690 reci-

245 695 343 729 piendi
354 716 364 732 ,
378 695 410 726 &
424 696 588 735 optinendi,

280 731 326 761 Ac
342 736 534 774 quoscumque
546 736 714 776 Tractatus,
733 747 782 776 per
798 748 861 777 eos,
879 749 946 769 cum
959 738 1030 769 dicti
1047 735 1306 768 Adversariinostri

243 767 515 812 Ambaffiatoribus,
535 773 677 814 Nunciis,
694 781 736 807 {eu
752 776 976 815 Commissariis,
995 786 1092 814 captos
1110 777 1165 807 five
1180 776 1308 813 habitos,

243 815 331 852 prout
349 811 386 840 eis
401 811 470 851 Sex,
489 813 645 852 Quinque,
664 816 816 853 Quatuor,
832 816 877 846 vel
900 816 1006 846 Tribus
1029 815 1198 846 eorumdem
1221 824 1305 852 expe-

242 845 303 877 dire
319 848 478 888 videbitur,
496 854 667 891 prorogandi
682 857 714 884 ἅ
732 856 937 892 continuandi,

280 884 320 930 Et
332 889 496 925 generaliter
511 893 609 921 omnia
623 891 673 922 alia
689 894 721 922 &c
739 893 842 930 lingula
863 892 999 929 faciendi,
1017 891 1182 929 exercendi,
1199 891 1233 922 &
1255 899 1304 921 ex-

241 925 373 961 pediendi
389 937 453 965 quae
467 929 495 958 in
512 929 673 967 praemiffis,
689 931 733 960 vel
750 932 823 961 circa
838 941 887 969 ea,
904 931 950 962 seu
973 940 1074 961 eorum
1098 929 1232 967 aliquod,
1251 939 1303 959 ne-

241 963 354 994 ceffan'a
373 965 476 997 fuerint
490 967 535 997 seu
550 969 771 1005 quomodolibet
785 978 942 1007 oportuna,
960 971 1044 1000 etiam
1057 969 1076 999 si
1088 969 1125 1000 de
1136 970 1162 999 se
1178 967 1302 998 Manda-

239 1008 303 1032 tum
317 1003 429 1039 exigant
443 1007 530 1043 magis
544 1006 560 1036 s
554 1007 668 1043 pecialev

277 1039 313 1069 Et
332 1040 548 1082 promittimus,
564 1044 641 1075 bona
659 1044 713 1075 fide
730 1046 764 1076 &
788 1046 878 1077 verbo
902 1046 998 1085 Regio
1020 1056 1053 1077 ac
1075 1046 1126 1076 sub
1150 1045 1302 1083 Ypotheca

238 1077 273 1109 ὃ(
290 1078 476 1118 Obligatione
490 1084 621 1114 omnium
640 1083 789 1114 Bonorum
803 1085 985 1124 nostrorum,
1004 1085 1181 1123 praesentium
1203 1085 1237 1116 &
1255 1083 1302 1114 fu-

238 1123 388 1157 turorum,
407 1119 476 1150 Nos
490 1119 617 1160 Rarum,
637 1121 779 1160 Gratum,
795 1124 827 1154 &
842 1123 972 1154 Firmum
995 1126 1130 1162 perpetuo
1156 1123 1300 1153 habituros

237 1162 331 1186 totum
344 1158 378 1188 &
392 1159 526 1197 quicquid
542 1170 591 1198 per
602 1161 693 1192 dictos
708 1160 820 1192 nostros
835 1162 1054 1193 Ambasliatores
1067 1164 1119 1192 Sex
1129 1185 1138 1200 ,
1150 1162 1299 1199 Qinque,

237 1193 388 1232 Qatuor,
413 1207 459 1228 aut
479 1198 554 1229 Tres
573 1209 690 1238 eorum,
716 1201 843 1238 Actum,
871 1200 1014 1240 Gestum,
1040 1201 1085 1232 seu
1108 1201 1297 1231 Procuratum

236 1231 321 1264 fuerit
338 1235 366 1277 in
382 1234 549 1275 Praemiffis,
567 1239 599 1270 ὃς
619 1238 730 1277 fingulis
744 1238 978 1279 Praemissorum,

273 1270 306 1301 In
322 1282 400 1309 CUJuS
411 1299 419 1312 ,
438 1275 499 1305 ὅτε.

308 1309 397 1343 Teste
412 1322 441 1344 ut
455 1314 541 1352 supra.

868 1357 920 1384 Per
935 1353 1018 1393 ipficm
1032 1357 1137 1392 Regem.

391 1481 440 1513 De
461 1478 603 1523 Potestate
628 1481 807 1515 concedendi
830 1483 937 1516 Salvos
962 1482 1139 1517 Conduaus.

234 1562 353 1618 REX
371 1564 533 1604 Omnibus,
551 1565 584 1595 ad
605 1576 694 1606 quos,
713 1569 774 1600 &a
792 1568 927 1600 Salutem.

329 1605 427 1633 Sciatis
441 1603 521 1641 quod
537 1604 621 1642 Nos,

247 1677 252 1682 ,
270 1639 318 1683 De
343 1642 504 1680 Fidelitate,
524 1642 695 1681 Prudentia,
715 1644 999 1684 circumspectione,
1018 1647 1052 1678 &
1071 1646 1227 1684 Industria,
1245 1657 1293 1677 ca-

230 1679 326 1748 rilligg
355 1681 564 1721 Conianguinei
590 1682 679 1712 nostri
704 1684 814 1714 Ricardi
839 1689 948 1714 Comitis
972 1689 1118 1716 Warwicae
1135 1709 1145 1725 ,
1168 1686 1291 1724 plenarie

229 1726 285 1747 con
328 1727 403 1749 entes

265 1742 462 1796 Dedimus'ei,
481 1767 514 1788 ac
527 1758 656 1797 plenam,
674 1759 794 1791 Tenore
809 1761 1011 1800 praesentium,
1028 1761 1140 1793 Damus
1162 1762 1292 1794 Potesta-

227 1802 286 1825 tem
306 1797 339 1828 &
356 1796 582 1835 Aueton'tatem,
600 1797 633 1828 ad
646 1798 802 1837 Dandum,
819 1801 854 1832 &
873 1799 1102 1833 Concedendum
1119 1802 1228 1832 Literas
1242 1803 1292 1833 sal-

227 1834 256 1863 vi
271 1833 462 1873 Conductus,
482 1836 708 1876 quibuscumque
721 1837 851 1870 Personis
865 1839 1059 1880 Consbnguinei
1079 1839 1117 1876 &1
1142 1841 1290 1881 Adversa-

224 1876 260 1902 rii
272 1872 355 1912 nostri
369 1877 505 1912 Franae'ae,
524 1875 725 1915 cujuscumque
739 1876 832 1909 Status
846 1878 965 1917 fuerint,
983 1880 1031 1917 qui
1055 1887 1089 1909 ex
1114 1889 1191 1917 parte
1217 1890 1290 1919 ejus-

223 1910 292 1942 dem
309 1912 465 1944 Adversarii
489 1915 654 1953 mittentur,
672 1925 757 1953 prout
777 1917 856 1955 juxta
876 1918 968 1948 sanam
991 1917 1188 1949 discretionem
1211 1918 1288 1949 suam

223 1949 286 1980 ὧτε
301 1951 401 1982 viderit
419 1952 600 1990 faciendum,

259 1989 461 2021 Promittentes
475 1991 542 2021 Nos
557 1991 682 2030 Ratum,
700 1992 841 2032 Gratum,
861 1994 895 2025 &
912 1993 1041 2025 Firmum
1054 1994 1199 2026 habituros
1208 1997 1288 2034 quic-

218 2027 289 2096 lquid
304 2029 453 2096 pig-edictus
471 2029 706 2070 Consanguineus
728 2031 844 2071 noster,
863 2034 982 2065 nomine
1002 2032 1119 2074 nostro,
1137 2034 1234 2066 fecerit
1257 2036 1287 2066 in

244 2075 324 2096 raemi
349 2078 380 2097 is.

257 2103 291 2135 In
306 2107 402 2144 cujus,
419 2107 481 2137 &c.

293 2144 383 2175 Teste
399 2153 429 2176 ut
445 2145 532 2184 supra.

854 2188 908 2216 Per
922 2184 1006 2226 ipfiaem
1023 2189 1128 2226 Regem.

328 2327 377 2358 De
399 2326 476 2357 Loco
497 2334 552 2370 pro
577 2326 608 2359 C
623 2337 645 2359 o
660 2337 681 2359 u
693 2337 716 2359 v
727 2337 746 2360 E
760 2338 784 2359 N
797 2337 820 2359 τ
834 2338 846 2358 1
863 2339 886 2361 o
900 2339 923 2361 N
941 2339 959 2361 ε
985 2329 1168 2364 concordato-

220 2407 380 2469 NOS,
405 2412 537 2457 He-nricus
558 2413 690 2454 Dominus
710 2411 742 2441 de
764 2411 902 2456 lfifzhugh
926 2412 1119 2459 Camerarius,
1131 2456 1135 2459 .
1147 2415 1284 2461 Walterus

320 2449 497 2486 Hungerford
517 2450 686 2480 benelcallus
712 2450 858 2489 Hospitii,
887 2451 1064 2483 Illustrissimi
1090 2454 1228 2491 Principis
1249 2458 1283 2487 &

222 2483 346 2514 Domini
366 2486 470 2524 nostri,
490 2486 615 2517 Domini
637 2491 766 2526 Henrici,
787 2489 841 2519 Dei
870 2490 987 2527 Gratia,
1005 2495 1083 2527 Regis
1104 2496 1226 2523 Francia:
1243 2494 1283 2530 &-

222 2522 352 2566 Angliae,
367 2522 405 2579 ῤ’
416 2528 532 2592 §iiiiii-ozi
546 2526 700 2565 therm‘ae,
717 2529 750 2560 &
768 2527 913 2565 Johannes
923 2529 1027 2569 Tiptost
1043 2531 1211 2563 senescallus
1222 2534 1283 2564 Ac-

222 2570 559 2643 q¹¹igiz2¹isffii11qstriffirifl
576 2601 714 2640 Principis
732 2603 854 2646 Domjni
869 2604 956 2634 nostri
974 2605 1061 2645 Regis
1078 2606 1284 2647 commissarii,

222 2639 255 2707 g
273 2638 393 2706 pertastiias
407 2639 513 2669 Literas
529 2639 656 2671 Parentes
669 2642 702 2672 ad
725 2642 900 2680 Infraicripta
919 2643 1089 2676 sufficienter
1105 2647 1140 2678 &
1158 2647 1283 2686 legitime

259 2687 432 2754 &huniam
449 2715 609 2747 Literarum
626 2717 730 2748 Tenor
745 2718 884 2757 sequitur,
902 2720 935 2750 &
954 2720 996 2750 est
1011 2722 1088 2760 talis,

222 2791 427 2853 HEnricus‚
445 2792 503 2823 Dei
525 2794 629 2832 gratia,
653 2796 711 2824 Rex
732 2798 852 2825 Franciae
876 2795 914 2831 ὠ
935 2797 1063 2835 Angliae,
1091 2798 1130 2834 ὠ·
1152 2803 1282 2831 Dominus

222 2869 242 2901 S
260 2870 266 2898 l
314 2831 470 2870 Hiberniae,
489 2833 641 2871 omnibus,
659 2833 692 2864 ad
716 2843 788 2872 quos
809 2834 954 2872 praesentes
967 2836 1071 2867 Literae
1086 2842 1281 2880 pervenerint,

243 2880 258 2900 a
270 2878 356 2899 utem.

255 2908 353 2938 Sciatis
371 2907 446 2945 quod
464 2907 549 2946 Nos,

258 2946 308 2977 De
329 2946 492 2984 Fidelitate,
515 2947 798 2987 circumspectione,
815 2949 849 2980 &
869 2949 1025 2989 Industria,
1043 2951 1228 2985 Dilectorum
1248 2957 1282 2987 δε

219 2985 360 3015 Fidelium
374 2984 558 3023 nostrorum,
575 2988 686 3015 Henrici
700 2987 838 3025 Fitzhugh
861 2988 1016 3020 Camerarii
1035 2990 1141 3031 nostri,
1162 2994 1282 3025 Walteri

220 3021 397 3062 Hungerford
409 3023 553 3054 Senescalli
578 3023 699 3064 Hospitii
721 3026 826 3064 nostri,
843 3027 959 3057 Gilberti
981 3028 1155 3069 Umfrav'le,
1176 3034 1209 3062 ὃ(
1224 3033 1282 3071 Jo-

221 3062 319 3091 hanm‘s
345 3062 450 3100 Tiptoft
464 3085 473 3099 ,
500 3061 628 3093 Militum
646 3086 656 3101 ,
677 3073 710 3094 ac
743 3064 870 3103 Magistri
894 3069 1002 3097 Ricardi
1026 3071 1082 3098 cau
1103 3080 1150 3108 ray
1173 3070 1280 3103 Clerici

222 3101 342 3131 Consilii
358 3100 464 3138 nostri,
483 3101 595 3138 plenam
628 3111 735 3132 erentes
749 3102 898 3141 fiduciam,

261 3138 306 3169 Ad
329 3138 591 3176 Conveniendum,
608 3141 614 3146 '
640 3140 819 3180 sacrandum,
840 3141 1142 3185 Communicandum,
1161 3147 1193 3177 &s
1211 3147 1280 3180 fina-

222 3177 284 3207 liter
319 3177 586 3215 Concludendum,
617 3188 685 3208 cum
713 3179 988 3219 Ambaffiatoribus‚
1021 3182 1279 3226 procuratoribus,

222 3215 456 3254 Commiffariis,
479 3216 512 3246 ὃς
538 3215 686 3253 Deputatis
714 3217 923 3257 Consanguinei
945 3221 978 3250 &
1007 3220 1163 3253 Adversarii
1191 3225 1280 3256 nostri

224 3253 367 3291 Franciae,
385 3253 444 3289 &a
456 3262 535 3293 prout
543 3254 628 3293 supra
643 3258 717 3284 Dat.
736 3257 761 3286 8.
781 3259 835 3286 Die
850 3260 923 3286 Maii
933 3280 941 3294 ,
960 3265 1022 3288 tunc
1029 3260 1086 3299 fic,-
1106 3265 1167 3291 viz.

224 3329 429 3391 OMnibuS,
446 3330 481 3361 ad
501 3340 572 3369 quos
592 3332 736 3368 praesentes
758 3332 861 3364 Literae
878 3336 1070 3374 pervenerint,
1087 3336 1229 3377 Salutem,
1248 3339 1282 3370 &

316 3368 367 3398 hiis
382 3368 481 3398 Literis
495 3371 593 3400 nostris
610 3370 707 3400 Fidem
723 3370 867 3401 indubiam
882 3372 1021 3403 adhibere.

263 3406 310 3475 Adi
332 3406 528 3437 Univerlitatis
548 3408 649 3439 vestrae
670 3410 799 3440 notitiam
821 3409 988 3441 deducimus
1003 3434 1014 3450 ‚
1039 3422 1090 3450 per
1112 3412 1283 3455 Praesentes,

267 3455 286 3475 0
315 3469 324 3482 ἰ

223 3454 345 3514 unt‘mi
364 3493 468 3522 nuper,

261 3521 338 3552 Inter
350 3521 569 3551 Commisiarios
586 3522 619 3553 &
636 3522 796 3561 Deputatos
808 3525 832 3563 ej
839 3524 928 3555 isdem
950 3528 1061 3557 Domini
1084 3527 1167 3566 nostri
1190 3532 1284 3569 Regis,

223 3570 259 3592 ac
274 3560 491 3591 Ambassiatores
505 3560 537 3589 &
553 3560 688 3591 Nuncios
702 3561 896 3601 Coushnguinei
911 3561 948 3598 (ἔγ
963 3565 1131 3605 Adverfhrii
1140 3567 1284 3606 ficiFran-

224 3603 288 3637 cie,
307 3600 438 3629 habentes
451 3598 485 3628 ad
499 3598 558 3628 hoc
570 3598 754 3630 sufficientem
771 3602 805 3631 &
823 3603 990 3637 legittimam
1007 3603 1196 3645 P0testatem,

267 3638 289 3668 F
292 3639 371 3669 uillet
398 3636 593 3666 Concordatum
616 3637 694 3675 quod
716 3638 807 3668 dietus
832 3639 1024 3671 Sereniffimus
1045 3645 1177 3673 Dominus
1199 3645 1285 3684 noster

228 3680 306 3713 Rex,
324 3677 357 3707 ὃς
377 3675 505 3713 praefatus
520 3674 731 3714 confianguineus
748 3676 937 3715 Adversarius
950 3676 1016 3716 fiius
1034 3683 1171 3722 Franciae,
1189 3686 1286 3713 Domi-

229 3727 267 3744 na
284 3719 384 3752 Regina
399 3716 509 3752 Consors
517 3713 590 3753 sua,
605 3717 726 3744 Domina
745 3717 884 3745 Katerma
903 3715 973 3745 Filia
996 3719 1160 3759 eorumdem,
1178 3722 1211 3752 &
1228 3722 1285 3761 Jo-

229 3752 330 3782 hames
345 3756 413 3782 Dux
427 3756 591 3792 Burgundiae

267 3792 376 3830 ,Quinto
398 3791 492 3820 decimo
513 3794 568 3821 Die
590 3774 669 3829 ἧκμς
689 3789 790 3830 Menfis
808 3794 902 3829 Maii,
920 3793 948 3821 in
970 3792 1064 3832 aliquo
1076 3804 1157 3827 certo
1179 3797 1284 3837 Loco,

231 3828 301 3858 inter
325 3827 428 3860 Villam
450 3829 486 3860 de
508 3828 650 3860 Medonta
671 3830 705 3860 &
731 3829 831 3860 Villam
853 3830 888 3860 de
911 3830 1055 3863 Pontiserii
1069 3856 1079 3871 ,
1102 3835 1137 3865 ad
1159 3835 1216 3867 hoc
1236 3847 1285 3875 per

229 3866 446 3897 Commissarios
461 3867 603 3905 utriusque
616 3867 704 3898 Partis
717 3868 846 3908 eligendo
861 3869 895 3900 &
914 3869 1092 3909 affignando,

268 3904 414 3936 Deberent
425 3905 600 3945 personaliter
613 3910 769 3945 convenire,

271 3942 315 3972 Ac
338 3943 445 3981 postea,
471 3944 505 3973 ad
527 3944 675 3974 instantem
696 3945 921 3983 deprecationem
939 3944 1123 3978 Nunciorum
1141 3950 1176 3980 &
1193 3951 1287 3982 Com-

231 3981 418 4012 miliariorum
439 3982 505 4011 dias·
521 3983 687 4021 Adversarii
711 3987 850 4021 Francia,
869 3986 936 4014 Dies
955 3984 1008 4024 ipse
1028 3987 1153 4025 Quintus
1174 3989 1286 4020 decimus

1373 198 1493 234 artium,
1508 205 1561 236 pro
1575 200 1758 228 Conventione
1772 198 1908 235 praedicta
1921 197 2095 236 Elongatus,

1385 234 1477 265 Prout
1497 236 1527 265 in
1550 235 1652 267 Literis
1670 236 1741 267 dieti
1762 236 1889 267 Domini
1908 237 1998 268 nostri
2021 237 2126 276 Regis,
2141 238 2176 269 &
2195 237 2349 270 Adversarii
2368 239 2408 271 sui

1347 272 1477 312 praedicti
1487 296 1497 311 ‚
1515 283 1616 304 eorum
1629 274 1730 313 sigillis
1744 274 1884 313 sigillatis,
1901 275 2010 314 plenius
2023 276 2203 314 continetur,

1384 311 1471 349 Nos,
1489 311 1687 343 Commiffarii
1701 314 1845 352 praedieti,
1862 315 1892 344 in
1907 315 1967 345 vim
1982 314 2131 346 Potestatis
2147 314 2246 345 Nobis
2259 316 2410 355 attributae,

1345 349 1381 380 ad
1404 351 1437 381 &
1456 351 1487 380 in
1512 349 1616 381 Villam
1636 350 1673 381 de
1695 351 1839 383 Medonta
1860 351 2036 390 supradicta,
2062 354 2117 383 una
2137 362 2206 383 cum
2227 357 2351 385 Antonio
2375 356 2408 385 de

1344 388 1525 426 Thoulom‘on,
1540 387 1692 418 Guillielmo
1713 392 1819 429 Digny‚
1837 390 1996 429 Militibus,
2011 392 2044 422 &
2064 390 2272 431 Carnbellanis,
2288 394 2323 424 &
2340 393 2407 434 Ma-

1345 426 1434 466 gistro
1456 427 1582 468 Guydone
1601 426 1718 457 Geluner
1730 451 1740 467 ,
1764 429 1889 460 Nunciis
1906 431 1939 462 &
1959 429 2107 468 Deputatis
2128 429 2199 460 dieti
2222 432 2407 472 Adversarii,

1346 464 1381 496 ad
1395 465 1452 496 hoc
1469 465 1643 496 Potestatem
1656 466 1822 498 habentibus
1832 490 1841 505 ,
1858 469 2035 508 personaliter
2047 472 2232 506 convenimus,

1389 503 1427 534 Et
1446 504 1582 534 nonnulla
1604 504 1701 542 Loca,
1717 506 1791 536 inter
1803 505 1890 537 Villas
1904 507 1940 538 de
1954 506 2096 539 Medonta
2112 508 2145 539 &
2161 507 2305 539 Pontisam
2315 509 2408 549 supra-

1345 542 1450 580 dietas,
1472 543 1553 573 fimul
1569 543 1707 582 vidimus,
1725 545 2002 584 circumgiravimus,
2020 548 2054 579 &
2065 546 2248 585 inspeximus,

1383 580 1422 612 Et
1444 581 1576 620 tandem,
1596 583 1813 614 communicato
1833 585 1866 614 &
1890 584 2043 616 deliberato
2063 584 2212 624 Consilio,
2227 595 2262 617 ac
2281 588 2406 617 unamini

1346 616 1494 651 Consensu
1509 621 1543 652 &
1557 619 1693 658 Affensu,
1710 620 1916 652 deliberavimus
1939 623 2017 660 quod
2036 627 2164 662 campus,
2182 631 2296 655 vocatus
2320 626 2352 655 de
2375 625 2406 655 la

1345 657 1434 696 chat,
1454 659 1525 689 inter
1549 658 1654 689 Villam
1672 659 1704 688 de
1721 659 1852 690 Meulant
1876 661 1909 690 ὃς
1929 660 2033 692 Villam
2053 663 2085 692 de
2104 661 2198 702 Meysji
2219 663 2407 703 constitutus,

1345 705 1423 734 aptus
1439 707 1491 734 pro
1506 697 1583 729 dicta
1598 697 1819 736 Conventione,
1837 699 1934 728 habilis
1946 699 2021 730 soret
2034 701 2067 731 &
2082 701 2228 740 ydoneus,

1382 735 1533 774 Ipsumque
1548 736 1679 775 Locum,
1697 737 1754 767 five
1765 736 1932 775 Campum,
1950 737 2039 768 taliter
2060 747 2110 777 per
2129 739 2199 771 Nos
2218 740 2404 780 supravisum,

1344 783 1399 804 una
1414 785 1483 805 cum
1497 775 1578 806 dietis
1592 775 1719 807 Nunciis
1734 777 1767 807 &
1784 775 1949 814 Deputatis,
1967 776 2103 812 elegimus
2115 778 2150 809 ὅτ
2162 778 2376 823 affignavimus,

1383 813 1444 853 Qi
1465 815 1549 845 etiam
1570 813 1685 845 Nuncii
1706 814 1739 846 &
1762 814 1918 854 Deputati,
1938 824 1992 846 una
2010 814 2194 854 Nobiscum,
2213 818 2301 855 ipsum
2314 820 2406 859 elege-

1343 860 1409 882 runt
1424 854 1458 884 &
1473 851 1641 891 affignarunt
1649 876 1660 892 ,

1381 888 1442 921 Pro
1456 894 1639 922 conventione
1655 890 1814 930 antedicta,
2390 906 2393 908 '

1382 927 1421 958 Et
1439 931 1665 961 Concordavimus
1687 930 1766 969 quod
1789 929 2029 962 metuendiffimus
2050 929 2197 962 Dominus
2220 930 2317 962 noster
2344 934 2404 963 Rex

1343 966 1457 1004 Angliae
1472 968 1585 1000 habebit
1601 979 1654 1007 pro
1667 970 1692 999 se
1706 978 1794 1000 totam
1816 969 1929 1001 Partem
1952 969 2056 1008 Campi
2074 969 2202 1008 praedicti
2224 970 2317 1002 versus
2335 970 2405 1002 Me-

1341 1003 1461 1036 dontam
1470 1029 1480 1044 ,
1495 1008 1658 1044 incipiendo
1670 1018 1686 1038 a
1705 1008 1784 1038 Lacu
1798 1016 1904 1048 magno
1917 1008 2022 1039 ibidem
2035 1009 2150 1047 simam,
2170 1009 2204 1040 &
2223 1008 2406 1049 progredien-

1341 1043 1382 1074 do
1395 1044 1428 1074 ad
1441 1045 1516 1076 Tres
1529 1045 1654 1076 Arbores
1669 1046 1816 1077 Avenanas
1830 1047 1911 1092 simul
1924 1046 2046 1086 situatas,
2063 1048 2097 1078 &
2112 1047 2148 1078 ab
2173 1047 2224 1078 illis
2243 1048 2406 1079 Arboribus

1341 1083 1756 1167 ffissszffssssisssszssassgffifi
1754 1084 1840 1162 1¹¹31⁵0³
1850 1085 2404 1170 Sissssifffiznflepffsssssffsssrssi'iiffiuffi

1340 1160 1460 1199 pofitos,
1481 1162 1515 1192 &
1529 1163 1565 1191 ab
1580 1162 1632 1192 illis
1647 1161 1719 1193 Palis
1733 1173 1781 1200 per
1795 1162 1998 1193 Transversum
2015 1162 2119 1203 Campi
2140 1164 2286 1202 praedich,
2305 1165 2339 1195 ὃ(
2357 1172 2403 1195 to-

1341 1199 1394 1228 tius
1410 1199 1481 1230 Rivi
1495 1200 1627 1238 Secanae,
1646 1201 1679 1232 &
1695 1200 1837 1240 cujusdam
1852 1200 1949 1232 Insulae
1964 1201 2075 1232 inclusae
2087 1204 2116 1232 in
2138 1203 2242 1233 eodem
2264 1203 2345 1234 Rivo
2365 1212 2400 1234 ex

1339 1238 1766 1309 ἓὲρὲκῗὲἶάἶῗῖιὲἳῗῗξῖὲιὲἕ
1777 1240 2351 1317 Ffflssa‘sscsiiiffffmissrffiiffinffnffl’
2368 1243 2402 1274 ἃ

1373 1313 1412 1345 Et
1433 1316 1526 1346 dustus
1548 1316 1738 1356 Adversarius
1761 1321 1882 1348 Francia
1902 1326 1998 1349 totum
2021 1317 2178 1348 Refiduum
2192 1304 2268 1349 dieti’
2276 1317 2401 1357 Campi,

1337 1351 1455 1392 Insulae,
1473 1355 1506 1386 &
1521 1354 1589 1386 Rivi
1607 1356 1834 1395 PraedRstorum,
1852 1357 1869 1387 ἐι
1886 1356 2037 1387 Limrtibus
2052 1356 2194 1395 praedictis
2211 1357 2303 1388 versus
2321 1356 2401 1388 Pon-

1339 1391 1445 1423 tisaram
1461 1392 1665 1433 supradiCtam,
1683 1395 1797 1426 habebit
1813 1405 1867 1433 pro
1882 1394 1965 1427 Parte
1978 1395 2041 1434 sua,

1373 1429 1411 1462 Et
1426 1432 1652 1463 concordavimus
1663 1433 1748 1471 Nos,
1767 1432 1962 1465 Commiffarii
1977 1433 2123 1472 praedicti,
2138 1443 2207 1465 cum
2221 1433 2305 1465 distis
2325 1434 2399 1466 Am·

1335 1468 1528 1501 baffiatoribus
1542 1472 1575 1503 &
1591 1471 1626 1502 N
1629 1473 1719 1503 unciis
1733 1472 1821 1504 Partis
1835 1473 1972 1511 adversae,
1982 1474 2030 1511 qui
2044 1474 2129 1504 etiam
2145 1473 2313 1504 Nobiscum
2327 1482 2399 1504 una-

1335 1508 1449 1540 nimiter
1469 1510 1678 1548 concordarunt,
1706 1511 1785 1549 quod
1807 1511 1900 1542 dictus
1920 1515 2051 1542 Dominus
2075 1511 2162 1551 noster
2181 1514 2258 1548 Rex,
2299 1521 2313 1540 r
2349 1519 2398 1542 ato

1328 1546 1478 1590 penultimo
1500 1551 1554 1579 Die
1577 1553 1671 1587 Maii,
1686 1550 1703 1580 Ξι
1724 1550 1797 1580 Villa
1817 1549 1854 1580 de
1877 1549 2018 1581 Medonta
2040 1550 2126 1588 usque
2137 1549 2171 1581 ad
2185 1550 2219 1581 &
2233 1551 2264 1580 in
2277 1519 2397 1582 frocum

1334 1584 1420 1616 dietae
1435 1589 1491 1616 con
1497 1591 1629 1617 ventionis
1643 1588 1765 1625 superius
1779 1588 1965 1625 expressarum
1980 1590 2088 1627 veniet,

1369 1622 1408 1654 Et
1419 1624 1508 1655 dicius
1530 1625 1744 1666 Consbnguineus
1758 1626 1948 1667 Adversarius
1954 1627 2022 1666 fisus
2032 1630 2169 1664 Francia,
2187 1627 2263 1657 dida
2288 1629 2395 1658 Princi-

1327 1660 1398 1700 ptffa
1417 1666 1472 1693 Con
1485 1674 1527 1694 ors
1541 1664 1613 1703 fica,
1630 1668 1750 1694 Domina
1774 1668 1913 1696 Katerina
1935 1665 2004 1695 Filia
2028 1665 2193 1704 eorumdem,
2217 1666 2304 1696 dietus
2324 1669 2394 1696 Dux

1333 1703 1445 1738 Burgun
1470 1706 1496 1731 ‘ae
1506 1725 1515 1740 ,
1531 1706 1565 1733 ab
1578 1703 1625 1733 illa
1638 1702 1663 1733 V
1667 1703 1711 1735 illa
1724 1703 1760 1734 de
1773 1704 1915 1735 Pontisara
1925 1704 1960 1735 ad
1973 1705 2007 1735 &
2021 1704 2050 1734 in
2066 1704 2183 1735 Locum
2203 1707 2396 1735 Conventionis

1332 1741 1474 1777 praedict-,e
1490 1743 1671 1779 pervenient,

1331 1816 1360 1847 <st
1375 1778 1413 1809 Et
1434 1779 1552 1818 quilibet
1572 1790 1676 1811 eorum
1696 1781 1841 1820 perveniet
1862 1779 1962 1811 Primo
1979 1779 2040 1811 Die
2061 1782 2253 1810 conventionis
2271 1780 2392 1819 supradi-

1362 1827 1395 1847 ae,

1366 1858 1381 1872 ⁸
1405 1855 1438 1886 In
1459 1865 1582 1894 quorum
1605 1858 1739 1888 omniurn
1763 1858 1795 1890 &
1817 1857 1989 1896 singulorum
2010 1856 2224 1888 Praemifforum
2244 1856 2394 1889 Testimo-

1329 1894 1411 1924 nium
1425 1903 1509 1933 atquc
1521 1896 1621 1927 Fidem
1636 1896 1705 1926 Nos
1714 1919 1723 1934 ,
1740 1899 1873 1926 Henricus
1882 1920 1892 1934 ,
1910 1895 2062 1933 Wlterus,
2077 1896 2110 1926 &
2123 1895 2282 1940 Joffaannes,
2296 1895 2392 1928 Com-

1329 1933 1442 1963 miffarii
1455 1935 1620 1973 supradicti,
1639 1935 1733 1973 Sigilla
1748 1935 1843 1965 nostra
1858 1934 2043 1965 Praesentibus
2057 1934 2247 1977 apposuimus.

1367 1971 1436 2002 Dat.
1457 1974 1486 2002 in
1501 1973 1582 2003 dicto
1598 1977 1696 2012 εει-»φο
1709 1975 1740 2003 de
1754 1974 1784 2003 la
1800 1973 1890 2011 Chat,
1909 1972 2006 2004 Nono
2023 1973 2082 2004 Die
2097 1972 2204 2004 Mensis
2221 1972 2312 2011 Maii,
2332 1973 2395 2005 An-

1329 2020 1370 2041 no
1392 2010 1514 2042 Domini
1537 2011 1692 2043 Millelimo
1706 2037 1716 2049 ‚
1744 2012 2031 2051 Quadringentesimo
2044 2033 2055 2049 ‚
2077 2010 2207 2042 Decimo
2228 2021 2310 2043 nono
2325 2036 2336 2051 ,
2358 2013 2394 2044 δε

1329 2048 1426 2089 Regni
1436 2049 1504 2081 dieti
1518 2049 1642 2082 Domini
1657 2051 1745 2082 nostri
1758 2052 1895 2089 Septimo.

1328 2171 1519 2216 Confirmatio
1535 2174 1697 2207 ‘Imaum
1704 2175 1796 2222 fitper
1816 2176 1846 2208 C
1859 2185 1881 2207 0
1893 2185 1917 2207 N
1931 2186 1953 2208 v
1964 2185 1982 2208 E
1995 2185 2018 2208 N
2030 2185 2054 2207 ’1-
2067 2185 2080 2207 1
2094 2171 2117 2207 o
2132 2186 2156 2207 N
2174 2185 2192 2207 1¹.
2215 2184 2390 2222 prorogata.

1403 2259 1531 2328 EnricusS,
1544 2259 1619 2327 ¹&c-
1636 2260 1798 2299 Omnibus,
1817 2260 1852 2292 ad
1873 2270 1946 2299 quos
1965 2259 2108 2299 praesentes
2130 2259 2233 2291 Literae
2253 2269 2391 2298 pervene-

1417 2308 1472 2329 rint
1529 2308 1542 2327 a
1554 2307 1642 2329 utem.

1366 2335 1409 2365 ΙΝ
1421 2345 1432 2367 s
1441 2345 1458 2366 P
1469 2320 1488 2367 ε’
1495 2346 1532 2366 *³1
1542 2345 1600 2368 Μυ
1611 2347 1623 2368 s
1637 2338 1768 2375 quaedam
1783 2337 1936 2375 Tractata,
1950 2336 2172 2368 communicata
2182 2360 2191 2375 ,
2209 2337 2242 2368 &
2261 2336 2393 2368 Conclu-

1327 2373 1352 2404 sa
1365 2384 1431 2413 per,
1450 2374 1580 2406 Dile<ftos
1595 2377 1628 2407 δε
1646 2377 1754 2408 Fideles
1774 2376 1902 2415 nostros,
1923 2376 2073 2406 Walterum
2095 2375 2274 2416 Hungerfhrd
2292 2376 2392 2420 Senes-

1326 2414 1430 2444 callum
1454 2413 1578 2453 Hospitii
1600 2415 1704 2452 nostri,
1726 2415 1878 2446 Gilbertum
1902 2414 2062 2454 Umfravil,
2091 2414 2217 2455 Milites,
2241 2424 2274 2444 ac
2296 2413 2391 2453 Magi-

1328 2451 1415 2482 strum
1437 2451 1597 2492 Johannem
1619 2454 1744 2493 stafford
1764 2454 1877 2491 Legum
1898 2453 2080 2491 Dociorem,
2097 2451 2315 2496 Gom-missarios
2335 2461 2389 2496 no·

1327 2490 1398 2521 stros
1410 2492 1439 2521 in
1455 2491 1507 2522 hac
1520 2502 1614 2530 parte,
1631 2503 1697 2523 curn
1713 2493 1981 2529 Ambassiatoribus,
2000 2490 2203 2521 Commiffiirus
2239 2492 2284 2534 seu
2299 2490 2389 2520 Nun-

1326 2529 1377 2559 ciis
1397 2528 1588 2568 consanguinei
1607 2530 1646 2566 &
1665 2530 1836 2570 Adversarii
1857 2530 1939 2572 nostri
1960 2533 2097 2573 Franfiae,
2113 2529 2185 2573 apud
2206 2514 2313 2572 Villam
2335 2539 2390 2559 no-

1326 2566 1411 2597 stram
1424 2568 1460 2598 de
1479 2569 1502 2598 V
1507 2578 1598 2599 ernon
1611 2570 1690 2609 super
1705 2571 1860 2608 Secanam,
1877 2570 1984 2599 octavo
1998 2568 2058 2597 Die
2073 2566 2148 2598 Maii
2162 2567 2267 2598 ultimo
2286 2576 2390 2606 praete-

1327 2607 1382 2636 rito
1397 2607 1425 2636 in
1439 2607 1502 2638 haic
1518 2607 1626 2646 Verba,

1327 2680 1474 2742 NOS,
1494 2680 1630 2711 Walterus
1646 2681 1825 2727 Hungerfhrd
1838 2681 2006 2727 Seneseallus
2021 2680 2146 2720 Hospitii
2161 2681 2265 2721 Regii,
2283 2682 2316 2713 &
2328 2682 2390 2713 Gil-

1422 2720 1512 2749 bertus
1528 2719 1737 2764 Umfraniwlle,
1755 2731 1795 2765 ἤιε.
1805 2720 1942 2760 Magister
1958 2719 2102 2765 Jolqannes
2115 2719 2251 2790 ‘Sfford
2271 2721 2388 2766 Legum

1326 2758 1459 2796 Docior,
1478 2757 1653 2789 Illustrisiimi
1670 2758 1826 2798 Principis,
1845 2760 1878 2790 &
1895 2759 2018 2790 Domini
2032 2758 2123 2789 nostri
2184 2757 2387 2799 etuendisfirnl,

1326 2800 1454 2835 Henrici,
1474 2797 1530 2828 Dei
1563 2796 1645 2835 ratia,
1665 2800 1704 2827 Re
1720 2801 1742 2826 is
1754 2801 1876 2827 Franciae
1890 2797 1928 2833 ό·
1941 2797 2070 2836 Angliae,
2088 2797 2123 2828 δε
2134 2796 2258 2828 Domini
2278 2797 2385 2842 Hiber—

1324 2837 1396 2904 Ἀπ’
1415 2835 1838 2906 Οὲῗῐὸἱήῗῖζέεῗωξρέἑῗέ
1852 2835 2132 2906 Ᾰῗηιῖἷὲἓῖἓῗὲἶῗ
2151 2834 2386 2905 ἓὲἒξὲῗῑὲῗΐ

1323 2884 1512 2944 selumsslunciis
1530 2885 1698 2943 (serenissimi
1723 2913 1862 2952 Principis
1881 2912 2089 2951 Consanguinei
2111 2895 2145 2943 ἐς
2160 2898 2384 2954 Αᾶωνβνίὶῄιῗ

1324 2954 1460 2988 Franciae,
1477 2950 1536 2985 (ἐι--
1551 2959 1631 2989 prout
1645 2954 1674 2981 in
1688 2953 1839 2990 Tralata,
1858 2955 1931 2981 Dat.
1944 2950 2019 2990 apud
2038 2952 2189 2981 Vernonam
2198 2949 2282 2991 fiper
2305 2954 2384 2982 Seca-

1324 3001 1388 3021 nam
1404 2991 1502 3020 ociavo
1518 2992 1572 3020 Die
1585 2993 1679 3027 Maii,
1698 2990 1826 3030 tumfic,
1847 2993 1907 3020 viz.

1361 3067 1431 3098 Nos
1444 3076 1537 3098 autem
1570 3068 1666 3098 omnia
1679 3066 1712 3097 &
1727 3065 1848 3106 singula,
1866 3075 1916 3104 per
1938 3065 2070 3104 praefatos
2091 3065 2312 3097 Commissarios
2331 3075 2385 3097 no-

1324 3105 1396 3136 stros
1412 3129 1421 3144 ,
1446 3116 1514 3136 cum
1535 3090 1784 3136 limbassiatoribus
1798 3127 1807 3143 ,
1836 3103 2068 3143 Commissariis,
2096 3104 2290 3148 seu-Nunciis
2318 3105 2384 3135 dicia·

1324 3143 1564 3184 consanguinei&
1581 3144 1751 3182 Adversarii
1768 3142 1866 3182 nostri,
1885 3144 1913 3173 in
1938 3143 2044 3174 Forma
2065 3142 2216 3181 praedicta,
2234 3143 2386 3182 Tradiata,

1324 3184 1561 3219 Communicata,
1579 3182 1612 3212 &
1634 3180 1792 3220 Conclusa,
1811 3182 1882 3212 Rata
1903 3182 2036 3213 habentes
2059 3182 2093 3212 &
2107 3181 2195 3213 Grata
2231 3192 2279 3220 ea,
2296 3191 2385 3221 quan-

1323 3231 1387 3252 tum
1409 3223 1437 3251 in
1456 3220 1556 3251 Nobis
1572 3220 1630 3256 est,
1654 3219 1861 3258 Acceptamus,
1886 3220 2104 3259 Approbamus,
2129 3205 2332 3260 Ratisscamus,
2350 3221 2384 3253 &

1323 3258 1535 3290 confirmamus
1547 3268 1597 3298 per
1611 3257 1764 3289 Praesentes
1773 3282 1783 3298 ,
2247 3297 2253 3303 ·

1362 3297 1400 3328 Et
1418 3297 1629 3335 promittimus,
1648 3298 1677 3327 in
1696 3296 1797 3328 Verbo
1812 3296 1929 3336 Regio,
1946 3296 2026 3335 quod
2042 3295 2112 3327 Nos
2125 3306 2158 3327 ea
2171 3306 2271 3327 omma
2283 3297 2318 3328 &
2330 3295 2384 3326 fin-

1325 3337 1390 3373 gula
1405 3337 1433 3365 in
1454 3335 1577 3366 Persona
1590 3334 1686 3366 nostra
1698 3336 1858 3366 tenebimus
1874 3337 1907 3368 &
1929 3336 2157 3372 observabimus,
2171 3336 2205 3367 &
2227 3345 2276 3373 per
2299 3344 2385 3378 quos-

1324 3383 1438 3413 cunque
1458 3374 1565 3412 Ligeos
1587 3375 1620 3406 δε
1637 3374 1770 3405 Subditos
1790 3374 1902 3405 nostros
1915 3373 2030 3405 firmiter
2045 3374 2132 3405 teneri
2148 3374 2181 3404 δι
2196 3372 2330 3404 custodiri
2344 3369 2384 3402 fa-

1325 3423 1489 3490 eleIri1imcsujus
1501 3451 1540 3480 rei
1553 3448 1769 3482 Testimonium
1790 3451 1838 3481 has
1858 3450 1963 3482 Literas
1983 3449 2090 3481 nostras
2109 3448 2170 3480 fieri
2190 3448 2308 3480 fecimus
2329 3448 2383 3479 Pa-

1323 3499 1451 3558 teniegste
1466 3527 1573 3565 meipso
1586 3526 1659 3565 apud
1674 3527 1777 3557 Villam
1792 3526 1907 3566 nostram
1925 3526 1957 3556 de
1971 3529 2074 3556 Vernon
2081 3524 2162 3565 ficper
2175 3527 2262 3565 Sayne
2275 3523 2386 3556 duode-

1326 3568 1404 3598 cimo
1417 3566 1462 3596 die
1477 3565 1567 3604 Maii,
1585 3566 1673 3596 Anno
1689 3565 1784 3606 Regni
1799 3565 1887 3596 nostri
1901 3565 2039 3602 Septimo.

1523 3716 1572 3747 De
1596 3714 1772 3748 Admirallo
1794 3715 1986 3747 Normanniae
2008 3708 2170 3754 constituto.

1329 3799 1445 3857 REX
1461 3799 1606 3830 Omnibus
1640 3799 1675 3830 ad
1691 3809 1778 3840 quos,
1794 3799 1856 3831 &c.
1874 3796 2007 3828 Salutem.

1426 3838 1525 3868 Sciatis
1538 3822 1624 3876 quod,
1633 3837 1719 3876 Nos,
1895 3874 1900 3879 ⁵
2064 3873 2070 3878 ·
2224 3873 2231 3880 -
2253 3871 2266 3882 Α
2351 3873 2358 3879 .

1364 3875 1413 3906 De
1434 3876 1593 3914 Fidelitate,
1620 3876 1782 3912 Probitate,
1808 3874 1842 3905 δε
1863 3871 2128 3910 ΟποιιιηΓρεᾶιοῃε
2148 3871 2284 3910 provida,
2302 3881 2386 3919 caris-

1327 3915 1389 3945 simi
1403 3913 1611 3954 Consanguinei
1623 3914 1728 3952 nostri,
1746 3910 1890 3944 Willielmi
1910 3911 1941 3940 de
1963 3909 1991 3940 la
2008 3909 2087 3949 Pele,
2105 3914 2216 3941 Comitis
2238 3910 2384 3951 Suffolciae,

1327 3954 1438 3992 plenam
1451 3961 1577 3991 gerentes
1590 3953 1723 3984 fiduciam
1732 3973 1741 3988 ,
2008 3988 2013 3994 .

1364 3991 1578 4029 ordinavimus,
1595 3990 1823 4026 Censtituimus,
1845 3987 1879 4020 &c
1895 3986 2095 4027 Praefecimus,
2113 3996 2146 4020 ac
2168 3987 2289 4021 Tenere
2310 3987 2389 4056 Pfae-

2257 4043 2263 4047 .
2344 4035 2393 4057 en-

2457 206 2543 236 1419.

2429 241 2492 265 Hm.
2505 245 2535 271 5.

2410 1870 2489 1900 ΠΧ.

2408 1918 2471 1947 753-

2406 2261 2482 2293 Ann.
2498 2263 2542 2297 D.

2430 2311 2515 2342 1419.

2409 2346 2462 2368 An.
2478 2351 2505 2377 7.

2409 2383 2444 2407 H.
2465 2388 2493 2414 5.

2406 2417 2519 2445 Tiberius

2407 2460 2436 2483 Β.
2447 2455 2527 2493 6.fol.

2411 2504 2455 2531 39.
2473 2497 2510 2525 A.

2401 3825 2497 3876 H·'5··

2402 3882 2463 3906 rat.

2405 3921 2496 3945 ΝΟΥΜ.
2507 3924 2556 3952 ⁷0⁷

2410 4002 2480 4023 lom·
2491 3999 2537 4029 ff·
