2562 4274
801 168 911 210 ET
998 169 1259 211 ACTA
1341 171 1807 217 PUBLICA.
2338 197 2390 238 93

65 624 118 649 An.
140 628 166 644 2-

64 663 99 687 H.
122 667 148 692 5.

64 697 131 733 Vasc.
151 703 175 720 2·

66 739 194 770 H.5.m.2·

66 1969 141 1998 *nt

68 2017 131 2045 ¹73·

59 2418 190 2451 'Aner.

81 2465 168 2497 1714.

58 2501 112 2528 An.
133 2508 159 2525 2.

58 2538 96 2563 H.
116 2546 141 2570 5.

56 2576 189 2611 Exeopia.

57 2613 185 2640 PenesCa-

57 2658 121 2679 mer.

134 3600 138 3601 ⁷
191 3604 287 3636 pertus
298 3605 366 3627 tunc
380 3600 489 3635 Senior,
508 3597 584 3626 Avus
599 3598 653 3634 jam
668 3596 737 3626 dieti
754 3595 897 3626 Avunculi
910 3597 997 3628 nostri
1020 3600 1179 3638 Ludowici,
1203 3602 1236 3632 Sc

56 253 128 287 'Arm
144 249 186 281 D.
261 249 351 282 Teste
366 249 450 288 Rege
463 249 538 289 apud
553 250 813 291 Wstmonasterium
828 254 906 284 sexto
919 254 966 284 die
981 253 1167 285 Novembris.
1343 256 1405 294 Qii
1415 279 1425 294 ,
1442 256 1607 301 disponente
1619 269 1671 297 eo,
1689 261 1704 290 a
1718 271 1776 298 quo
1790 261 1864 293 bona
1878 261 1980 293 cuneta
1996 263 2173 303 procedunt,
2199 264 2282 306 Rege
2308 267 2370 298 Re-
2393 262 2518 296 Arm-D.

78 298 166 329 ¹714⁴
932 333 936 338 Ι
1312 302 1384 337 gum
1398 295 1431 324 ὃς
1449 294 1583 341 Domino
1597 295 1836 341 Dominantium,
1853 300 1898 330 die
1912 301 1984 332 datae
2001 303 2198 341 praesentium,
2216 304 2365 345 Aquisgra-
2411 311 2497 341 1714.

59 333 124 360 ⁸271,
142 338 172 364 5,
858 331 912 360 Per
926 329 1009 370 ipsiaem
1021 334 1124 370 Regem.
1314 342 1343 361 ni
1356 342 1465 363 corona
1479 334 1570 363 sumus
1583 333 1674 373 Regia
1688 336 1845 376 Coronati,
2391 345 2456 369 Hm.
2472 351 2490 377 5
2495 361 2501 369 ·

539 406 572 413 b(
1337 370 1499 414 *Qodque
1510 372 1632 410 praefati,
1653 377 1784 411 Repertus
1793 376 1937 414 praesenior
1953 375 2086 417 Patruus,
2112 379 2145 409 ὅς
2167 383 2299 418 Rupertus
2321 384 2368 411 Se-

1312 418 1371 436 mor
1386 409 1483 454 Avus,
1501 419 1534 455 ac
1555 413 1686 453 Rupertus
1703 412 1783 442 Pater
1803 414 1868 444 dieii
1892 416 2033 445 Ludowici
2049 440 2058 454 ,
2084 418 2229 455 quondam
2253 422 2367 449 Comites

457 453 515 485 Pro
537 453 684 485 mance
700 453 826 485 Domini
842 452 876 486 de
898 456 1016 501 Lene-
1312 445 1437 515 &aas
1453 448 1690 525 anastasi
1703 458 1861 527 restris
1872 454 2296 527 siticstiirrtfflt⁰2fflsst
2319 458 2368 503 ¹²³·

1437 507 1446 521 3
2180 506 2197 523 u
2217 507 2260 525 O‘w
2283 506 2314 525 u5

62 537 190 573 'AnnD-
214 534 357 595 REX,
374 535 524 581 Univerfis
537 537 572 568 &
585 536 707 575 Singulis
721 537 893 577 Admirallis‚
918 538 1081 578 CapiraneiS
1095 562 1105 578 ,
1133 539 1268 569 Castella-
1311 523 1538 567 praesenffflum’
1555 524 1588 568 ad
1606 525 1690 568 instar
1703 526 1834 570 illosum’
1845 512 1883 557 'ex
1897 504 2218 564 succeffioneppasema
2238 508 2283 565 δῖ
2293 508 2366 579 fig}

85 587 173 619 1714.
308 585 368 612 nis,
385 573 561 606 Custodibus
575 575 742 606 Castrorum
757 577 791 607 ὅ(
802 577 918 607 aliorum
934 578 1153 615 Fortalitiorurn,
1170 580 1203 609 ὃ(
1219 588 1268 608 eo·
1310 560 1435 591 ‘emtam
1446 583 1455 598 ³
1473 562 1626 593 d¹n⁰sc¹ffl¹
1634 563 1712 602 Justo
1726 564 1829 594 Tffl'lo
1842 565 1994 605 POffidere³
2008 567 2075 606 Jus’
2095 569 2208 601 vocem
2224 594 2234 610 ³
2262 572 2369 612 D¹gn¹‘

211 623 275 644 rum
291 611 551 651 Locatenentibus,
570 612 755 646 Custumariis
792 614 965 646 Custodibus
980 617 1120 647 Portuum
1131 616 1218 647 Maris
1234 617 1268 646 &

210 652 329 683 aliorum
347 651 495 682 Locorum
511 652 743 692 Maritimorum,
763 638 1001 693 vicecomitibus,
1020 655 1193 693 Majoribus,
1207 653 1268 683 Bal-

211 690 291 728 livis,
312 689 468 727 Ministris,
487 690 520 721 &
533 690 591 721 aliis
604 690 746 722 Fidelibus
760 693 793 723 &
812 693 933 723 Subditis
950 694 1018 732 suis,
1034 702 1091 723 tarn
1113 703 1162 731 per
1193 692 1268 723 Ter-

212 740 272 760 ram
285 729 369 766 quam
383 738 433 768 per
447 729 558 767 Aquam
569 728 737 768 constitutis,
752 731 784 760 ad
799 741 882 770 quos,
899 732 961 762 &c.
979 732 1112 762 Salutem.

251 767 350 799 Sciatis
368 767 449 805 quod
462 767 630 806 suscepimus
643 769 672 798 in
693 768 907 800 Proteetionem
931 771 964 800 &
987 769 1193 800 Defenfionem
1215 777 1269 797 no-

214 804 316 840 stram,
344 814 377 836 ac
395 805 499 837 salvum
519 807 552 837 δι’.
572 806 699 837 securum
719 806 905 838 Conductum
924 808 1053 838 nostrum
1068 831 1078 845 ,
1094 816 1209 837 necnon
1221 805 1270 835 sal-

213 853 280 875 vam
293 842 429 875 Gardiam
450 844 576 876 nostram
600 846 740 884 speciales,
763 845 923 884 Johannem
940 846 972 876 de
986 846 1016 875 la
1042 849 1143 884 Leigne
1163 843 1270 874 Chiva-

215 882 255 912 ler
269 906 279 921 ,
299 881 463 914 Dominum
484 883 520 914 de
541 884 565 914 la
584 884 635 914 Lei
657 894 692 914 ne
706 907 717 922 ,
741 884 770 913 in
790 883 958 923 Episcopatu
975 884 1011 914 de
1029 883 1206 924 Seyntonge,
1225 883 1270 926 iii-

211 920 253 952 fra
270 921 416 954 Ducatuni
431 922 627 959 Aquitanniae,
671 922 832 952 risonarium
849 944 859 960 ,
882 923 979 953 dilecti
1003 922 1142 960 Armigeri
1163 920 1270 958 nostri,

215 958 357 997 Johannis
382 960 500 1002 Radclif
509 983 519 997 ,
544 971 577 991 ac
599 962 710 990 Petrum
733 959 758 989 le
778 965 879 989 Counte
895 983 905 999 ,
930 961 962 991 ὃς
992 960 1154 990 Nicholaum
1172 958 1271 997 Ruell,

214 998 371 1031 Servientes
392 999 474 1037 ipfius
498 997 639 1037 Johannis
658 999 691 1028 de
713 997 744 1027 la
768 1001 869 1035 Leigne
887 1022 896 1037 ‚
921 999 949 1029 in
978 998 1119 1037 Regnum
1143 997 1270 1030 nostrum

214 1037 328 1076 Angliae
343 1060 353 1075 ,
376 1038 486 1071 infirnul
508 1038 554 1067 vel
574 1036 685 1067 divisim
698 1058 709 1074 ,
732 1045 781 1075 per
802 1036 884 1067 Mare
898 1061 907 1074 ,
934 1048 1001 1068 cum
1024 1038 1151 1076 quadarn¹
1170 1037 1271 1076 Bargea

216 1075 273 1106 five
299 1075 378 1106 Navi
402 1098 412 1113 ,
444 1085 477 1105 ac
510 1074 636 1106 Centum
664 1073 760 1105 Doliis
790 1074 860 1105 Vini
883 1075 919 1106 de
944 1076 967 1106 la
993 1075 1117 1107 Rochell
1134 1100 1144 1115 ,
1176 1077 1205 1106 in
1227 1085 1271 1107 ea-

216 1115 299 1152 dem,
317 1124 370 1152 pro
385 1114 515 1144 Financia
529 1114 562 1145 &
578 1113 791 1151 Redemptione
806 1113 888 1151 ipsius
900 1113 1041 1152 Johannis
1054 1116 1087 1145 de
1109 1115 1139 1145 la
1157 1118 1269 1153 Leigne,

215 1162 299 1192 penes
312 1152 458 1191 praefatum
473 1150 595 1193 Radclyf
598 1151 767 1189 deferendis,
791 1154 936 1183 veniendo
952 1176 961 1192 ,
986 1154 1092 1185 ibidem
1113 1156 1271 1189 morando,

215 1193 250 1223 &
265 1190 366 1222 exinde
380 1190 416 1220 ad
429 1189 547 1229 Propria
559 1190 703 1221 redeundo
713 1213 722 1228 ,
740 1201 854 1221 necnon
869 1190 1041 1230 Magistrum
1057 1192 1090 1222 ὃ(
1104 1191 1272 1223 Marinarios

214 1229 356 1267 praedistae
371 1228 483 1268 Bargeae
497 1229 552 1259 five
567 1228 659 1260 Navis
671 1251 682 1268 ,
699 1230 732 1260 δε
745 1238 845 1260 eorum
859 1229 935 1268 Res,
951 1230 1087 1262 Hei-mesia
1100 1253 1110 1269 ,
1136 1231 1169 1262 &
1191 1231 1270 1262 Bona

210 1270 255 1299 sua
288 1277 398 1298 uaecum
422 1277 456 1297 ue

253 1277 290 1336 ἐι(
305 1306 370 1336 ideo
386 1277 477 1336 qubi’s
491 1304 664 1336 Mandamus
677 1304 755 1344 quod
769 1305 891 1344 eisdem,
908 1305 1036 1344 Johanni
1060 1307 1093 1337 de
1113 1306 1143 1337 Ia
1159 1309 1261 1345 Leigne

214 1346 312 1383 Petro,
332 1345 365 1375 δε
378 1343 525 1382 Nicholao,
542 1345 571 1374 in
586 1343 721 1381 Regnum
736 1344 867 1374 nostrum
879 1344 1067 1387 praedid‘tum,
1091 1346 1203 1376 infimul
1227 1331 1272 1377 vei

215 1384 344 1420 divisim,
361 1392 410 1421 per
422 1381 523 1420 Mare,
539 1391 608 1412 cum
624 1382 726 1421 Bargea
739 1383 795 1412 five
810 1382 891 1413 Navi
910 1382 1069 1420 hujusmodi
1084 1407 1094 1422 ,
1117 1394 1150 1415 ac
1169 1384 1271 1421 praedi-

216 1422 268 1451 etis
290 1420 415 1452 Centum
438 1420 534 1451 Doliis
555 1420 621 1450 Vini
644 1422 673 1450 in
694 1420 807 1458 eadem,
834 1430 918 1461 penes
939 1422 1087 1458 praefatum
1111 1422 1270 1460 Johannem

215 1458 350 1498 Radclyf,
367 1469 402 1490 ex
413 1461 490 1490 causa
504 1458 655 1497 praedidta,
671 1459 828 1496 veniendo,
845 1460 952 1490 ibidem
968 1461 1123 1499 morando,
1138 1462 1172 1492 &
1193 1462 1270 1491 exin-

216 1498 253 1528 de
269 1500 303 1529 ad
318 1498 453 1535 Propria,
470 1504 500 1527 ut
515 1497 682 1536 praedidhim
696 1496 737 1526 est
749 1520 758 1535 ,
778 1498 993 1536 redeundo,aut
1007 1498 1146 1538 Magistro
1161 1501 1193 1531 &
1204 1499 1271 1530 Ma-

217 1538 322 1574 rinariis
334 1536 488 1575 praedietis,
505 1535 551 1566 vel
564 1545 665 1565 eorum
676 1535 776 1573 alicui,
792 1536 821 1565 in
843 1535 970 1567 Personis
981 1560 991 1574 ,
1011 1537 1109 1568 Rebus
1121 1561 1130 1576 ,
1156 1537 1271 1568 Herne-

216 1575 277 1613 fiis,
295 1584 340 1605 aut
357 1574 440 1604 Bonis
455 1574 695 1613 quibuscumque,
712 1583 772 1603 non
786 1575 904 1604 inferatis
919 1585 972 1605 nec
989 1584 1124 1613 quantum
1140 1577 1169 1606 in
1190 1578 1270 1607 vobis

216 1612 274 1650 est,
289 1612 326 1642 ab
340 1613 397 1642 aliis
413 1613 506 1644 inferri
522 1613 685 1650 permittatis
698 1610 849 1651 Injuriam,
874 1612 1057 1652 Molestiam,
1082 1614 1270 1655 Dampnum,

215 1650 407 1688 Violentiam,
425 1650 663 1691 Impedimentum
677 1649 788 1689 aliquod
800 1650 846 1681 seu
864 1650 1038 1691 Gravamen,

252 1689 307 1727 Et,
325 1689 343 1718 fi
355 1688 422 1728 quid
435 1690 474 1720 eis
486 1688 675 1720 Forisfadtum
690 1689 745 1720 five
759 1687 921 1728 Injuriatum
937 1690 1034 1730 fuerit,
1053 1691 1080 1722 id
1093 1692 1130 1722 eis
1150 1692 1206 1723 fine
1228 1691 1271 1722 di-

214 1727 317 1759 latione
332 1728 436 1758 faciatis
452 1728 615 1765 emendari,

250 1765 368 1796 Proviso
381 1767 489 1805 semper
502 1767 581 1805 quod
597 1764 701 1803 iidem,
718 1764 863 1803 Johannes
879 1766 911 1796 de
924 1766 953 1796 la
974 1770 1092 1807 Leigne,
1112 1771 1218 1808 Petrus,
1236 1772 1270 1803 ὃς

213 1803 378 1841 Nicholaus,
400 1813 448 1835 aut
475 1804 602 1842 praediffl
624 1802 764 1841 Magister
783 1805 817 1835 &
840 1804 986 1836 Mai-inarii
1004 1829 1014 1845 ,
1046 1807 1171 1845 praesenti
1195 1809 1271 1842 salvo

212 1842 372 1874 Conduetu
386 1843 484 1873 nostro
497 1844 631 1879 durante,
650 1843 803 1880 quicquam
816 1865 826 1880 ,
847 1844 925 1881 quod
943 1846 971 1874 in
986 1845 1089 1876 Nostri
1104 1846 1150 1877 seu
1174 1847 1270 1879 Coro-

213 1891 258 1911 nae
269 1881 373 1912 nostrae
389 1882 597 1920 praejudicium,
614 1882 660 1911 {eii
678 1880 780 1918 Populi
795 1881 881 1911 nostri
895 1882 1083 1922 Dampnum,
1096 1894 1155 1916 non
1167 1886 1270 1920 faciant

213 1919 258 1950 seu
272 1928 438 1957 attemptent
456 1920 513 1950 ullo
526 1920 615 1950 modo

251 1958 270 1975 ³⁸
287 1958 435 1998 Quodque
448 1958 546 1989 Nobis
561 1959 596 1989 <ie
612 1942 781 2001 custumis-⁴,
810 1957 942 2002 stibadiis
954 1982 964 1997 ‚
988 1961 1021 1991 &
1041 1961 1099 1990 aitis
1122 1961 1271 2003 beveriis,

216 1994 331 2034 Nobis,
348 1996 384 2027 de
400 1997 538 2034 praediffls
553 1997 679 2027 Centum
698 1995 792 2026 Doliis
807 1995 968 2036 Vini,cum
982 1999 1009 2028 in
1025 1999 1193 2036 praedic'tum
1210 2002 1272 2033 Re-

212 2042 302 2072 gnum
318 2034 447 2065 nostrum
464 2036 502 2066 fic
515 2035 628 2067 adduCti
642 2035 760 2072 fuerint,
774 2034 887 2075 debitis,
905 2045 990 2076 prout
1002 2037 1105 2075 iustum
1120 2039 1218 2079 fuerit,
1238 2041 1271 2072 fi-

211 2072 309 2103 deliter
327 2073 501 2111 persolvatur.
923 2076 930 2085 ·

246 2109 280 2140 In
295 2113 389 2150 cujus,
406 2113 465 2143 &c.
485 2122 533 2150 per
548 2122 637 2142 unum
652 2112 770 2143 Annum
784 2112 932 2144 duraturas.

249 2148 339 2181 Teste
353 2150 434 2190 Rege
448 2151 521 2190 apud
536 2151 787 2193 Westmonasterium
800 2152 919 2192 septimo
933 2152 976 2183 die
995 2152 1186 2187 Novembris.

872 2193 926 2221 Per
940 2191 1022 2230 ipfitm
1034 2195 1138 2230 Regem.

293 2267 1260 2284 Ἥ

341 2322 401 2353 Pro
422 2321 535 2352 Comite
552 2319 690 2353 Palatino
708 2323 801 2367 Regni
817 2318 853 2354 de
870 2320 1109 2366 Confirmatione.

252 2402 296 2435 Io
306 2413 318 2434 1
329 2413 341 2436 s
350 2412 410 2437 Μυ
419 2413 441 2435 N
454 2413 507 2435 Du
517 2413 529 2435 s
539 2428 548 2442 ,
566 2404 625 2435 Dei
659 2403 742 2444 tatia,
761 2407 939 2436 Romanorum
953 2411 1013 2438 Rex
1036 2407 1145 2446 semper
1168 2409 1268 2449 Augu-

268 2443 341 2482 stus,
358 2454 391 2474 ac
406 2443 579 2483 Hungariae,
595 2443 644 2474 Da
655 2445 767 2483 matiae,
784 2444 1075 2486 Croatiae,&c.Rex,
1092 2449 1120 2478 A
1131 2457 1150 2477 t>
1165 2447 1190 2478 P
1200 2458 1218 2479 iz
1229 2459 1267 2481 R·

206 2491 385 2519 PETUAM
405 2491 478 2513 REI
499 2489 753 2513 MEMORIAM.

243 2521 417 2559 Quanquam
431 2520 593 2551 Sublimitas
608 2520 707 2559 Regiae
723 2520 892 2560 Dignitatis,
912 2523 939 2552 in
965 2532 1020 2562 qua
1045 2523 1188 2555 Conditor
1206 2525 1266 2557 Or-

205 2560 248 2598 bis
263 2559 330 2590 Nos
343 2559 397 2590 suae
412 2559 521 2589 Pietatis
533 2560 686 2590 clementia
700 2560 816 2591 feliciter
839 2561 1021 2592 collocaverit
1035 2585 1044 2600 ,
1065 2563 1169 2601 jugiter
1187 2574 1266 2595 men-

205 2603 264 2629 tem
279 2597 403 2629 nostram
418 2597 544 2628 sollicitet
559 2606 608 2636 ut,
626 2597 706 2629 Cura
724 2598 872 2638 Pervigili,
891 2601 923 2631 δε
940 2600 1085 2631 Laborum
1099 2602 1196 2633 studiis
1217 2614 1265 2634 ac-

206 2638 306 2667 curatis
320 2636 483 2667 nostrorum
497 2636 530 2666 &
545 2635 660 2673 Imperii
673 2637 741 2667 sacri
756 2637 893 2668 Fidelium
908 2648 1081 2676 amputemus
1096 2639 1267 2672 Incommo-

204 2674 257 2714 da,
272 2674 374 2713 Eisque
389 2675 552 2714 defidcratae-
570 2673 652 2705 Pacis
673 2676 868 2706 amoenitatem
900 2677 1041 2708 salubriter
1061 2677 1268 2719 Procurernus;

205 2712 381 2744 Ferventiori
397 2723 490 2745 tamen
506 2712 629 2751 affeetu,
648 2713 711 2743 Cor
725 2712 854 2744 nostrum
868 2716 1030 2746 accenditur
1046 2726 1131 2754 penes
1144 2727 1185 2755 ea,
1201 2728 1266 2756 quae

204 2751 281 2782 Sacri
299 2751 395 2783 Decus
415 2751 527 2790 Imperii
549 2753 582 2783 &
608 2751 729 2783 illustres
749 2753 831 2790 ipfius
851 2753 994 2792 Principes
1018 2754 1178 2794 E1e6iores,
1197 2767 1266 2794 qua-

203 2791 270 2821 dam
286 2790 484 2829 singularitate,
502 2799 694 2821 concernunt:
712 2790 770 2820 Eos
787 2792 947 2831 praecipue,
965 2803 1036 2832 quos
1056 2792 1178 2825 Generis
1193 2795 1228 2825 N
1230 2806 1264 2825 0-

203 2829 307 2866 bilitas,
325 2828 545 2866 multipliciaque
559 2829 698 2861 virtutum
714 2830 843 2870 insignia,
861 2830 894 2861 &
909 2832 1041 2869 praeclara
1056 2831 1134 2863 Fidei
1147 2833 1263 2865 devotio

202 2867 364 2899 laudabiliiIs
382 2867 621 2898 recommendant.

238 2905 312 2936 Sane
327 2906 389 2936 alias
404 2915 452 2943 per
467 2905 572 2936 Literas
585 2906 718 2936 omnium
733 2904 898 2945 Principum
913 2906 1092 2947 Eledmrum,

241 2943 278 2974 Et
293 2946 483 2982 nominatim,
499 2943 668 2975 Serenisfimi
683 2944 822 2984 Principis
837 2945 870 2976 &
890 2944 1014 2976 Domini
1024 2969 1033 2985 ,
1052 2947 1177 2979 Domini
1198 2952 1262 2980 Ka-

205 2981 256 3012 roli
271 2982 379 3021 Qarti
392 2986 572 3014 Romanorum
585 2985 757 3020 Imperatoris
773 2981 811 3017 ὠ·
829 2986 944 3013 Boemiae
959 2987 1052 3024 Regis,
1076 2987 1153 3018 velut
1175 2987 1263 3028 Regis

205 3018 348 3057 Boemiae,
373 3021 599 3059 Venerabiiium,
625 3020 733 3050 Gerlaci
754 3021 970 3062 Magantinenfis
994 3033 1043 3061 per
1065 3024 1262 3065 Alemaniam,

204 3058 515 3099 BemundiTreverenfis
549 3070 577 3089 er
592 3058 714 3090 Galliam
729 3061 762 3090 ὅ(
779 3060 913 3099 Regnum
938 3061 1110 3101 Arelatense,
1129 3064 1163 3095 &
1186 3064 1262 3094 Wil-

202 3094 283 3125 helmi
299 3095 453 3137 Colonienfir
465 3107 513 3134 per
543 3098 652 3136 taliam,
670 3099 736 3128 sacri
750 3097 865 3136 Imperii
878 3098 1262 3138 Archicancellarii‚Archie-

195 3133 375 3173 pifioporum,
393 3134 502 3175 Rudoffi
512 3139 595 3165 Ducis
609 3139 733 3166 Saxoniae
745 3137 820 3167 Sacri
835 3135 950 3176 Imperii
967 3138 1204 3179 Archimarscalli,
1227 3143 1260 3172 δε

202 3173 363 3210 Ludowici,
379 3172 444 3202 dieti
455 3175 566 3210 Romer,
582 3174 727 3212 quondam
742 3179 913 3213 Imperatoris
930 3178 1085 3216 Ludowici,
1093 3178 1163 3217 Filii,
1176 3182 1261 3209 Mar-

201 3211 302 3241 chionis
315 3210 593 3252 Brana'enburgenfis,
608 3213 685 3243 Sacri
700 3213 811 3251 Imperii
827 3215 1074 3254 Arcbicamerarii,

240 3249 284 3280 Ac
299 3250 383 3292 etiam
406 3249 421 3279 a
441 3248 617 3293 Principibus
632 3273 641 3288 ,
665 3251 831 3283 Comitibus
845 3275 855 3290 ,
882 3252 1052 3292 Baronibus,
1079 3254 1256 3294 Nobilibus,

200 3287 388 3325 Proceribus,
405 3296 438 3318 ac
453 3287 546 3318 multis
559 3289 615 3318 aliis
627 3290 727 3320 nostris
742 3291 775 3321 ὅτ.
791 3290 905 3329 Imperii
920 3292 995 3322 Sacri
1011 3292 1165 3332 Fidelibus,

239 3326 474 3357 Informationem
495 3326 676 3357 certissimam
690 3351 700 3366 ,
718 3329 751 3358 δε
773 3329 835 3359 luce
855 3329 1032 3361 Testinionia
1053 3332 1186 3370 clariora,
1202 3342 1255 3363 no-

199 3364 254 3395 stra
272 3365 387 3403 suscepit
400 3364 494 3401 Regia
509 3363 674 3404 Celsitudo,
690 3366 819 3404 Qialiter
829 3389 837 3403 ,
853 3367 940 3397 felicis
956 3371 1122 3407 memoriae,
1141 3370 1255 3402 Illustris

194 3407 329 3442 Rupertus
342 3403 483 3442 praesent'or
493 3426 502 3440 ,
520 3404 664 3440 quondam
678 3409 770 3433 Comes
787 3404 930 3434 Palatinus
943 3409 1026 3445 Reni,
1043 3407 1119 3438 Sacri
1143 3408 1256 3439 Rorna-

197 3444 227 3473 ni
243 3442 357 3480 Imperii
371 3441 581 3481 Archidapifer,
600 3442 633 3472 &
649 3441 773 3472 Bavariae
787 3441 874 3480 Dux,
894 3442 1011 3474 Patruus
1025 3445 1136 3477 Illustris
1159 3448 1256 3477 Ludo-

198 3484 262 3510 wiri
283 3481 400 3511 moderni
422 3483 532 3510 Comitis
550 3479 675 3511 Palatini
689 3483 771 3518 Reni,
789 3480 864 3510 Sacri
878 3481 1006 3513 Romani
1020 3483 1134 3522 Imperii
1150 3485 1254 3516 Archi-

197 3518 334 3557 dapiferi,
360 3519 497 3559 Principis
516 3518 672 3556 Eledtoris,
697 3528 811 3548 necnon
840 3519 960 3551 Bavariae
980 3520 1087 3561 Ducis,
1112 3524 1255 3555 Avunculi

196 3557 286 3588 nostri
302 3557 459 3596 Cariffimi,
478 3559 527 3595 &,
544 3557 607 3595 post
623 3556 790 3594 praedictum
805 3560 951 3595 Rupertum
965 3561 1173 3599 praesenioretn,
1196 3566 1254 3592 Ru-

197 3636 261 3673 post
276 3636 397 3666 eundem
410 3639 555 3673 Rupertum
569 3635 732 3671 Seniorem,
751 3636 881 3672 Rupertus
897 3638 982 3665 Pater
992 3637 1051 3674 jam
1067 3638 1136 3668 dicti
1152 3624 1254 3669 Avun3

197 3674 252 3703 culi
266 3673 352 3703 nostri
368 3675 525 3711 Ludowici,
545 3675 580 3704 sic
599 3672 780 3709 Succeffive,
799 3681 933 3710 tanquam
958 3675 1163 3713 Archidapiferi
1179 3678 1251 3715 ejus-

196 3711 262 3745 dem
279 3711 409 3751 Imperii,
425 3713 457 3744 ὃς
472 3714 532 3744 veri
545 3712 690 3750 Principes
704 3711 864 3748 Electores,
881 3712 916 3741 ab
931 3714 1064 3744 omnibus
1078 3715 1133 3744 aliis
1148 3724 1248 3746 eorum

196 3749 412 3781 Coeiastmstms
428 3752 535 3788 semper
551 3752 636 3782 habiti
653 3752 685 3781 δε
702 3751 817 3788 reputati
831 3750 953 3788 fuerunt,

237 3789 280 3818 Ac
293 3789 395 3827 etiarn,
411 3791 573 3829 voluntate,
589 3788 740 3827 consensu,
758 3789 790 3818 &
803 3789 887 3826 votis,
904 3788 1024 3819 aliorum
1040 3790 1150 3821 suorum
1168 3791 1246 3822 Coe-

197 3823 340 3856 lectorum
357 3826 537 3866 Principum,
562 3829 727 3858 unanimiter
750 3827 964 3864 accedentibus,
979 3829 1060 3857 clarae
1083 3831 1246 3869 memoriae,

194 3862 385 3894 Sereniffimos
398 3867 541 3904 quondam
559 3867 759 3897 Romanorum
774 3864 877 3903 Reges,
893 3865 1110 3896 Praedecessores
1125 3868 1245 3906 nostrOS,

192 3902 367 3939 temporibus
382 3903 450 3941 suis,
466 3906 517 3934 rite
531 3906 563 3935 ὃς
576 3905 791 3941 rationabiliter,
804 3904 883 3941 quta
893 3903 1017 3934 debitam
1039 3905 1113 3935 Sacri
1136 3906 1246 3936 Roma-

190 3940 220 3970 ni
233 3938 347 3976 imperii
366 3940 580 3973 Observantiarn
595 3967 603 3981 ‚
627 3944 655 3973 in
678 3942 880 3972 Romanorum
902 3941 1000 3979 Reges
1027 3942 1186 3983 elegerunt,
1211 3945 1246 3976 ad

189 3976 401 4015 Imperatoriam
417 3979 618 4011 Celsitudinem
632 3981 856 4019 promovendos,

225 4017 270 4046 Ac
290 4016 482 4054 subsequenter
497 4020 571 4048 idern
587 4021 724 4049 modernus
742 4020 992 4054 Ludowicus,cum
1009 4019 1067 4049 aliis
1088 4019 1246 4052 coelecto-

188 4054 328 4123 ribuselsuis
342 4054 499 4094 modernis,
516 4058 656 4091 retroadtis
671 4058 862 4098 temporibus,
882 4056 951 4088 Nos
966 4058 994 4088 in
1007 4060 1185 4089 Romanorum
1192 4064 1245 4091 Re-

183 4104 241 4130 gem
284 4101 357 4131 egit,

1309 606 1410 637 tatem,
1429 600 1648 667 &dPOtestatem
1662 601 1789 641 Eligendi
1802 605 1981 634 Romanorum
1993 608 2088 644 Regem
2098 630 2107 646 ,
2124 612 2155 638 in
2177 612 2370 648 Imperatorem

1327 646 1455 666 romoven
1474 649 1526 668 um.

1304 643 1325 674 p
1345 674 1437 718 Sane,
1456 684 1513 706 tarn
1529 676 1806 717 Ecclefiasticorum,
1824 680 1909 717 quam
1925 679 2098 712 Secularium
2113 682 2291 724 Principum,
2315 687 2365 718 Sa-

1310 722 1351 742 cri
1366 712 1492 757 Romani
1506 714 1620 752 Imperii
1631 716 1799 747 Elees'torum
1810 741 1818 755 ,
1836 717 1967 748 Consilio
1979 720 2012 750 &
2036 719 2177 753 Consensu
2198 725 2367 764 accedente,

1310 749 1386 794 Non
1403 753 1568 790 inprovide,
1586 764 1640 784 nec
1658 764 1707 792 per
1719 765 1843 785 errorem
1882 756 1927 786 sed
1941 757 2038 786 animo
2057 757 2226 799 deliberato,
2246 763 2367 795 aliorum

1311 796 1394 818 etiam
1408 789 1574 827 Principum
1587 793 1784 835 ‘plurimorum
1805 816 1815 830 ,
1840 778 2101 825 ficclefiasticomm
2122 798 2155 827 &
2175 798 2367 839 Secularium,

1310 826 1473 871 Baronum,
1491 828 1661 868 Nobilium,
1677 831 1710 861 &
1723 831 1878 862 Procerum
1893 832 2077 871 nostrorum,
2101 844 2134 864 ac
2155 834 2267 875 Imperii
2289 839 2367 870 Sacri

1309 864 1333 894 F
1334 865 1463 908 idelium,
1479 876 1590 910 maturo
1602 871 1818 900 communicato
1831 869 1976 908 Consilio,
1991 870 2157 910 Cupientes,
2173 875 2287 906 auc‘tore
2303 878 2369 908 Do-

1311 911 1410 942 mino,
1428 904 1524 936 futuris
1539 906 1653 936 obviare
1665 906 1813 946 Periculis,
1831 909 1863 938 δε
1880 911 1893 925 *⁶
1914 911 2056 940 materiam
2070 913 2202 942 omnium
2228 913 2369 947 succidere

1311 941 1538 982 dubitationum,
1557 945 1593 975 de
1606 946 1684 975 certa
1698 945 1792 977 nostra
1813 946 1943 985 scientia,
1968 949 2002 979 δε
2024 947 2059 978 de
2077 949 2248 986 plenitudine
2268 951 2369 992 Regiae

1311 979 1476 1019 Potestatis,
1493 983 1521 1012 in
1536 983 1588 1013 hiis
1602 983 1709 1021 scriptis
1731 986 1940 1015 Pronunciamus
1955 1008 1965 1023 ,
1992 989 2182 1027 Decernimus‚
2208 992 2370 1031 Statuimus,

1314 1018 1503 1062 Declaramus,
1522 1021 1555 1051 δε
1570 1023 1656 1052 etiarn
1669 1022 1726 1053 hoc
1743 1022 1856 1062 Regio,
1874 1026 2008 1062 perpetue
2020 1025 2157 1064 valituro,
2175 1030 2310 1058 Sancimus
2328 1030 2369 1060 Ε-

1312 1057 1392 1088 dieto
1402 1059 1482 1097 quod
1495 1059 1559 1097 Jus,
1578 1059 1662 1098 Vox,
1680 1060 1827 1100 Dignitas,
1842 1063 1875 1093 δε
1893 1061 2018 1093 Potestas
2040 1064 2167 1102 Eligendi
2189 1069 2370 1098 Romanorum

1310 1099 1423 1134 Regem,
1441 1100 1470 1126 in
1485 1100 1675 1136 Imperatorem
1686 1100 1907 1138 promovendum,
1924 1101 2027 1132 Eidem
2045 1103 2191 1133 Ludowico
2206 1108 2305 1135 comiti
2313 1109 2370 1136 Pa-

1311 1133 1398 1164 latino
1414 1139 1500 1173 Reni,
1516 1145 1647 1179 tanquam
1663 1137 1775 1175 Imperii
1791 1139 1870 1169 Sacri
1883 1140 2113 1179 Archidapifero,
2133 1151 2166 1172 ac
2179 1141 2307 1181 Principi
2328 1145 2369 1176 E-

1311 1172 1427 1210 lectori,
1445 1173 1653 1206 Haeredibus&
1669 1176 1877 1207 Successoribus
1890 1178 1940 1208 suis
1953 1177 2083 1215 legitimis
2084 1179 2370 1247 E(Ainicisdumtaxat)

1311 1210 1348 1254 ab
1363 1220 1399 1254 eo
1412 1211 1656 1250 descendentibus,
1675 1217 1805 1252 quotiens
1822 1215 1897 1246 casus
1910 1215 2069 1253 hujusmodi
2109 1217 2238 1250 iectionis
2250 1222 2370 1253 emerse-

1312 1257 1364 1286 rit,
1381 1259 1588 1287 imperpetuum
1603 1252 1702 1282 debeat
1715 1262 1878 1291 competere
1891 1276 1901 1292 ,
1927 1255 1996 1285 sicut
2016 1255 2050 1285 &
2068 1257 2121 1287 rite
2145 1257 2211 1295 fibi,
2236 1266 2370 1297 tanquam

1312 1290 1407 1330 comiti
1422 1288 1551 1356 qufatgrzo
1564 1291 1633 1318 Rem·
1648 1299 1681 1320 ac
1695 1290 1773 1321 Sacri
1786 1292 1914 1322 Romani
1928 1292 2043 1330 Imperii
2057 1293 2370 1334 Archidapifero,c0m-

1331 1334 1379 1355 etit
1392 1335 1467 1356 mani
1481 1338 1496 1357 e
1522 1337 1538 1356 e

1311 1335 1330 1363 p
1349 1363 1395 1394 Ac
1408 1364 1479 1403 ipse,
1499 1349 1581 1396 vel’ud
1599 1369 1687 1395 Comes
1706 1366 1850 1397 Palatinus
1863 1371 1949 1405 Reni,
1968 1369 2089 1406 ejusdem
2102 1370 2232 1402 Romani
2256 1372 2371 1412 Imperii

1312 1400 1525 1441 Archidapifer,
1545 1414 1626 1435 verus
1640 1405 1673 1435 ὃς
1692 1404 1841 1444 legittimus
1853 1405 1987 1443 Princeps
2002 1406 2134 1447 Elector,
2153 1411 2203 1447 ὃς,
2229 1412 2292 1448 post
2305 1413 2371 1443 obi-

1311 1448 1373 1470 tum
1388 1443 1460 1479 ejus,
1478 1441 1615 1472 Haeredes
1629 1443 1663 1473 ὃς
1681 1442 1860 1474 Succeffores
1874 1444 1913 1474 sui
1933 1445 2062 1482 legittimi
2079 1469 2088 1484 ,
2112 1449 2201 1478 modo
2221 1451 2254 1480 ὃς
2276 1451 2371 1482 forma

1310 1478 1463 1518 submiisis,
1481 1479 1660 1513 Comitatum
1676 1481 1709 1512 ὅ(
1725 1480 1919 1520 Principatum
1942 1482 2103 1514 Palatinum
2123 1495 2155 1516 ac
2178 1487 2373 1527 Archidapife⁴

1310 1518 1379 1546 riam
1394 1518 1464 1549 dieti
1478 1518 1591 1557 Imperii
1607 1519 1700 1557 Sacri,

1350 1555 1399 1586 De
1414 1558 1515 1595 quibus
1530 1559 1636 1597 ipsum,
1656 1558 1703 1588 die
1719 1558 1893 1596 supradicta,
1911 1558 1941 1588 in
1959 1559 2136 1598 Aquis-grani
2150 1560 2306 1594 solemniter
2322 1567 2372 1595 In-

1303 1592 1481 1632 feodavimus
1498 1595 1535 1630 &0
1554 1596 1767 1636 Investivimus,
1792 1608 1824 1628 ac
1839 1620 1850 1636 ,
1875 1597 1995 1628 Tenore
2018 1598 2217 1637 Praesentium,
2243 1602 2371 1640 Infeoda-

1311 1643 1367 1661 mus
1383 1632 1421 1667 &
1434 1634 1607 1673 Investimus,

1350 1669 1431 1701 Cum
1445 1674 1580 1703 omnibus
1592 1675 1625 1705 ὃς
1640 1673 1748 1712 fingulis
1761 1683 1861 1704 eorum
1876 1673 1991 1713 Terris,
2019 1674 2183 1714 Dominiis,
2213 1675 2372 1715 Proprieta-

1312 1710 1402 1747 tibus,
1421 1709 1605 1751 Vaffallagiis,
1625 1711 1832 1750 Libertatibus,
1848 1711 2036 1751 Honoribus,
2059 1714 2092 1744 ὅτ,
2117 1713 2320 1754 Pertinenciis,
2344 1720 2373 1748 in

1312 1748 1537 1788 quibuscumque
1551 1751 1632 1780 rebus
1648 1750 1854 1789 consistant,&
1868 1751 2081 1791 quibuscunque
2094 1752 2254 1790 specialibus
2270 1755 2374 1794 poffint

1311 1786 1465 1817 Vocabulis
1477 1788 1609 1827 designari

1349 1825 1478 1856 Necnon
1493 1826 1563 1866 Jus,
1590 1811 1728 1864 V'ocem,
1755 1825 1933 1865 Dignitatem
1952 1851 1961 1865 ,
1988 1829 2022 1859 &
2043 1827 2215 1860 Potestatem
2242 1830 2375 1869 Eligendi

1312 1864 1490 1893 Romanorum
1505 1868 1619 1904 Regem,
1637 1870 1667 1896 in
1683 1868 1872 1903 Imperatorem
1881 1867 2094 1904 promovendum
2109 1868 2166 1898 fine
2182 1869 2374 1908 impedimen-

1312 1909 1344 1931 to
1364 1903 1507 1942 quolibet,
1523 1904 1646 1935 debeant
1657 1905 1795 1934 obtinere.

1347 1938 1401 1978 Et,
1419 1951 1457 1972 ne
1472 1943 1543 1973 inter
1558 1942 1695 1973 Haeredes
1710 1942 1742 1972 &
1756 1942 1931 1973 Succeffores
1945 1943 2043 1980 ipfius,
2061 1953 2097 1974 eo
2112 1943 2277 1983 Defuncfim,
2293 1947 2372 1985 super

1306 1977 1378 2016 Jure
1392 1979 1567 2019 hujusmodi,
1585 1982 1683 2012 futuris
1698 1982 1884 2018 temporibus,
1904 1981 2142 2020 Dubitationum,
2155 1983 2374 2023 Quaestionum,

1312 2016 1358 2047 seu
1373 2017 1482 2049 Litium
1496 2020 1602 2058 quaevis
1617 2020 1729 2050 materia
1742 2020 1861 2057 oriatur,
1879 2021 2068 2058 Decernimus,
2086 2024 2284 2061 Statuinzur,&
2299 2033 2375 2063 prae-

1310 2054 1378 2086 senti
1394 2055 1490 2096 Regio
1503 2061 1640 2088 Sancimus
1654 2057 1776 2094 Edicto,
1790 2061 1872 2095 imper
1888 2065 1979 2087 etuum
2001 2060 2135 2097 valituro,

1347 2093 1437 2126 Prout
1452 2096 1510 2127 hoc
1524 2096 1616 2135 idem,
1635 2105 1684 2136 per
1697 2096 1846 2134 praefatum
1900 2097 2031 2127 ominum
2053 2097 2186 2127 Karolum
2207 2098 2370 2139 Qartum,

1312 2135 1494 2164 Romanorum
1506 2138 1714 2174 Imperatorem,
1733 2133 1904 2165 Genitorem
1919 2134 2048 2166 nostrum
2062 2135 2243 2166 Carissimum
2256 2161 2266 2177 ,

1349 2170 1491 2204 Omnium
1506 2175 1539 2204 &
1554 2174 1724 2213 {iugulorum
1738 2173 1906 2212 Principum
1919 2173 2094 2212 mediorum,
2112 2184 2146 2204 ac
2161 2174 2314 2206 multorum
2323 2176 2374 2207 Sa-

1311 2211 1355 2240 cri
1372 2210 1497 2242 Romani
1512 2211 1627 2252 Imperii
1639 2211 1735 2242 Princi
1758 2221 1824 2250 um,
1841 2211 2013 2250 Comitum,
2036 2212 2190 2243 Nobilium
2205 2235 2216 2251 ,
2238 2215 2272 2246 &
2293 2213 2375 2246 Fide·

1311 2248 1380 2279 lium
1394 2249 1522 2281 Consilio
1537 2252 1570 2282 ὃ(
1583 2251 1712 2282 unanimi
1757 2249 1871 2280 onsensu
1887 2250 2057 2288 accedente,

1308 2323 1327 2354 s
1348 2287 1434 2357 ‹Ii-seg}
1442 2290 1476 2332 βε
1491 2288 1596 2321 Ed16t0
1609 2289 1767 2327 imperiali,
1784 2290 1814 2319 in
1829 2289 1922 2319 Aurea
1935 2287 2027 2326 Bulla,
2044 2289 2159 2328 publice
2174 2289 2321 2321 Sanxiturn
2335 2291 2377 2323 es—

1320 2335 1335 2356 e
1369 2336 1416 2355 ino
1428 2335 1501 2358 citur

1351 2364 1463 2404 Qed,
1482 2351 1553 2396 P’ost
1567 2365 1693 2397 obitum
1713 2365 1783 2396 dieti
1804 2364 1948 2395 Ludowici
1971 2368 2082 2396 comitis
2103 2365 2228 2396 Palatini
2248 2369 2317 2397 Rem·
2337 2365 2378 2402 &-

1308 2405 1446 2433 Bavariae
1461 2407 1561 2442 Ducis,
1584 2403 1795 2444 Primogenitus
1813 2405 1872 2442 ejus
1893 2403 1976 2434 Filius
1993 2427 2003 2442 ,
2023 2405 2074 2442 &,
2098 2405 2162 2443 post
2188 2405 2377 2445 Primogeniti

1307 2441 1437 2480 obitum,
1457 2442 1579 2481 ejusdem
1595 2442 1780 2482 Primogeniti
1795 2442 1896 2473 Senior
1912 2441 1997 2472 Filius
2010 2451 2043 2472 ex
2057 2443 2157 2473 ordine
2171 2443 2374 2483 Geniturae,&

1307 2479 1347 2510 fic
1360 2479 1509 2520 deinceps,
1527 2482 1542 2512 a
1563 2481 1681 2512 Seniore
1704 2481 1792 2518 Filio,
1814 2480 1999 2511 descendente
2019 2490 2054 2511 ex
2078 2481 2180 2511 ordine
2198 2481 2347 2513 Geniturae
2364 2506 2376 2522 ,

1308 2518 1414 2563 semper
1432 2519 1549 2550 Senior:

1344 2557 1375 2587 Si
1395 2560 1466 2588 vero
1488 2558 1698 2595 Primogenitus
1720 2556 1828 2596 praefati
1851 2556 1994 2587 Ludowici
2014 2556 2160 2589 decesserit
2180 2580 2190 2596 ,
2221 2556 2373 2589 Masculini

1307 2595 1386 2626 sexus
1400 2596 1516 2636 (Laycis
1529 2597 1695 2634 dumtaxat)
1714 2596 1854 2636 legittimis
1868 2595 2038 2626 Haeredibus
2053 2606 2113 2627 non
2128 2597 2246 2634 relinitis,
2267 2607 2372 2629 extunc

1307 2634 1548 2674 secundogenitus
1561 2634 1645 2666 Filius
1658 2636 1799 2665 Ludowici
1813 2633 1904 2664 Ducis
1920 2633 2062 2672 praediffi:

1344 2673 1400 2712 Et,
1419 2673 1482 2714 post
1502 2674 1613 2704 obitum
1636 2674 1759 2713 ejusdem
1782 2673 2004 2712 Secundogeniti
2021 2695 2031 2710 ,
2056 2672 2141 2703 Filius
2171 2672 2273 2704 Senior
2297 2673 2372 2715 Lay-

1308 2721 1371 2742 cus:

1342 2750 1396 2788 Et,
1414 2749 1433 2780 fi
1447 2750 1695 2788 Secundogenitus
1711 2750 1767 2780 fine
1779 2748 1949 2780 Haeredibus
1963 2748 2106 2789 legittimis
2121 2747 2272 2780 Masculini
2294 2749 2373 2782 sexus

1307 2788 1428 2829 (Laycis
1442 2789 1602 2826 dumtaxat)
1623 2789 1787 2826 decesserit,
1804 2788 2017 2827 Tertiogenitus
2032 2788 2100 2818 dieti
2113 2788 2258 2819 Ludowi'ci
2274 2790 2306 2820 ὃ(
2319 2790 2373 2820 Se*

1304 2828 1368 2857 nior
1381 2829 1439 2866 ejus
1452 2827 1538 2858 Filius
1554 2827 1663 2867 Laycus
1678 2826 1743 2865 post
1759 2836 1883 2857 mortem
1896 2827 1992 2864 ipfius:

1341 2865 1377 2897 Et
1392 2866 1523 2904 deinceps
1538 2888 1548 2904 ,
1566 2876 1613 2905 per
1626 2866 1712 2896 talem
1726 2865 1867 2903 modum,
1886 2864 1991 2895 diretta
2019 2863 2092 2895 linea
2115 2863 2266 2896 Geniturae
2281 2888 2291 2904 ,
2321 2865 2370 2897 den

1303 2905 1465 2936 scendentes
1477 2906 1512 2935 ab
1524 2914 1571 2942 eo,
1588 2904 1675 2943 Layci
1690 2903 1845 2934 dumtaxat·

1337 2943 1404 2981 Jus,
1420 2942 1550 2981 Vocem,
1568 2941 1768 2980 Dignitatem,
1784 2942 1818 2973 ὅ(
1838 2926 2010 2971 Potestatem
2034 2939 2165 2980 Eligendi
2188 2944 2369 2972 Romanorum

1303 2984 1416 3019 Regem,
1430 2981 1639 3019 promovendum
1652 2984 1683 3011 in
1699 2983 1888 3019 Imperatorem
1899 3001 1909 3016 ,
1927 2980 1961 3010 &
1977 2977 2100 3017 Officium
2117 2979 2245 3009 Archia'a
2263 2980 2368 3020 iferiae,

1302 3030 1370 3050 cum
1383 3020 1517 3050 omnibus
1531 3020 1619 3055 &Min
1641 3019 1690 3049 ulis
1704 3018 1867 3055 Dominiis,
1885 3016 2072 3055 Honoribus,
2087 3016 2221 3056 Juribus,
2270 3020 2365 3050 rivile-

1302 3058 1371 3097 giis,
1385 3058 1571 3097 DignatibuS,
1586 3059 1619 3089 ὃ(
1658 3057 1823 3094 ertinentiis,
1849 3057 1877 3085 in
1900 3055 2036 3094 perpetuis
2057 3057 2233 3093 temporibus
2253 3058 2367 3088 obtine-

1301 3098 1390 3135 bunt,
1408 3106 1456 3135 per
1471 3095 1683 3127 Succeffionem
1698 3094 1914 3125 Haereditariam
1928 3095 1961 3125 &
1977 3092 2169 3131 Paternalem,
2187 3105 2217 3126 ut
2238 3097 2365 3136 praemit-

1301 3136 1384 3173 titur,
1397 3144 1432 3165 ex
1449 3134 1549 3165 ordine
1565 3132 1724 3164 Geniturae.

1337 3173 1367 3204 Si
1383 3174 1452 3203 vero
1475 3172 1624 3210 praefatum
1646 3171 1823 3202 Ludowicum
1836 3192 1847 3208 ,
1870 3169 2024 3200 modernum
2048 3173 2176 3200 Comitem
2199 3170 2362 3201 Palatinum

1299 3214 1367 3242 Reni
1379 3209 1417 3246 ὠ
1435 3213 1569 3241 Bavariae
1583 3213 1696 3247 Ducem,
1702 3211 1759 3242 fine
1773 3209 1919 3247 legittimis
1931 3207 2080 3239 Masculini
2093 3208 2170 3239 sexfis
2186 3208 2361 3241 Haeredibus

1299 3250 1416 3290 Laycis,
1434 3249 1540 3280 diret-tta
1555 3248 1642 3279 Linea
1656 3247 1824 3285 Geniturae,
1841 3247 1876 3278 ab
1889 3256 1925 3278 eo
1939 3246 2180 3290 descendentibus,
2193 3249 2273 3290 ’mori
2286 3258 2359 3278 con-

1299 3290 1407 3328 tigerit,
1422 3297 1456 3318 ex
1471 3297 1539 3319 tunc
1554 3286 1730 3325 Principatus
1745 3287 1778 3318 &
1792 3286 1955 3317 Comitatus
1968 3285 2106 3329 Palatinus
2122 3284 2199 3317 Rem
2209 3309 2218 3323 ,
2240 3295 2358 3317 necnon

1297 3327 1516 3364 Archidapiferia
1528 3327 1604 3357 Sacri
1616 3326 1748 3365 Imperii,
1766 3326 1798 3356 ὃς
1811 3324 1878 3362 jus,
1895 3324 1978 3361 Vox,
1996 3323 2126 3361 Dignitas
2139 3346 2148 3362 ‚
2173 3324 2208 3355 δε
2230 3323 2357 3356 Potestas

1296 3365 1424 3405 Eligendi
1439 3367 1617 3395 Romanorum
1632 3367 1728 3402 Regem
1737 3387 1746 3400 ,
1762 3367 1791 3394 in
1803 3366 1992 3401 Imperatorem
2004 3361 2223 3400 promovendum,
2247 3362 2282 3406 ad
2304 3363 2357 3393 Se-

1295 3406 1406 3436 niorem
1423 3404 1548 3435 Fratrem
1563 3402 1670 3442 praefati
1684 3402 1844 3439 Ludowici,
1861 3410 1910 3438 per
1924 3409 2021 3430 veram
2038 3399 2213 3430 Paternalem
2235 3399 2354 3431 Linearn

1294 3443 1512 3474 descendentem
1521 3443 1571 3480 ,&
1584 3441 1618 3472 ad
1632 3441 1783 3480 legittimos
1790 3441 1846 3479 ejus
1862 3438 1999 3469 Haeredes
2012 3437 2165 3470 Masculini
2179 3438 2354 3478 sextis(i.ay-

1293 3492 1343 3512 cos
1356 3481 1519 3518 dumtaxat)
1538 3479 1739 3511 devolvantur:
1926 3516 1931 3521 .
2128 3516 2134 3522 .
2220 3516 2226 3521 .
2263 3515 2269 3521 .
2331 3515 2336 3521 .

1332 3520 1372 3551 Ita
1388 3519 1555 3558 (videlicet)
1576 3517 1673 3557 quod,
1691 3516 1757 3556 post
1771 3515 1895 3547 obitum
1908 3514 2031 3559 ejusdem
2048 3514 2148 3559 fratris
2161 3513 2353 3559 SeniorisPri·

1293 3560 1452 3598 mogenitus
1463 3559 1520 3594 eius
1533 3556 1634 3594 Filius,
1651 3557 1685 3587 &
1694 3579 1703 3594 ,
1718 3554 1783 3594 post
1797 3555 1977 3597 Primogeniti
1992 3553 2120 3584 Obitum
2130 3577 2139 3593 ,
2157 3553 2278 3597 ejusdem
2288 3552 2350 3583 Pri-

1293 3607 1343 3627 mo
1363 3598 1430 3627 eniti
1453 3596 1551 3626 Senior
1570 3594 1670 3632 Filius,
1694 3603 1728 3626 ex
1751 3593 1850 3624 ordine
1874 3592 2023 3623 Geniturae
2038 3614 2048 3630 ,
2076 3592 2109 3623 &
2137 3591 2175 3622 fic
2197 3592 2347 3634 deinceps,

1291 3646 1326 3667 ex
1362 3636 1459 3666 eniore
1474 3634 1545 3663 Filio
1563 3631 1777 3670 descendendo,
1796 3632 1897 3662 ordine
1913 3630 2079 3673 Geniturae,
2095 3630 2201 3667 semper
2216 3628 2332 3672 Senior:

1325 3675 1356 3704 Si
1373 3675 1443 3704 vero
1460 3671 1558 3701 Primo
1578 3672 1667 3702 enitus
1682 3671 1804 3701 Senioris
1818 3670 1937 3707 Fratris,
1953 3677 1983 3698 ut
1997 3672 2157 3710 praefertur,
2178 3667 2342 3709 decesserit,

1290 3711 1440 3743 Masculini
1454 3710 1533 3741 sexsis
1546 3679 1665 3748 (iaaycis
1679 3708 1840 3745 dumtaxat)
1855 3706 2022 3738 Haeredibus
2035 3716 2095 3736 nori
2110 3704 2218 3747 reliCtiS,
2233 3713 2345 3748 extunc

1287 3749 1532 3788 Secundogenitus
1547 3748 1673 3784 praediffl
1688 3748 1787 3778 Fratris
1798 3747 1940 3784 Senioris·,
1956 3746 2005 3782 &,
2032 3743 2096 3782 post
2123 3741 2248 3772 Obitum
2269 3753 2346 3782 ejus,

1286 3788 1508 3827 Secundogeniti
1520 3787 1605 3817 Filius
1618 3785 1718 3817 Senior
1733 3786 1858 3825 Laycus:
1927 3822 1932 3827 ⁵
2051 3819 2056 3825 ⁸
2084 3819 2089 3824 ⁸
2124 3817 2130 3824 ,
2304 3818 2311 3825 ,
2335 3819 2343 3826 .

1319 3827 1374 3866 Et,
1398 3827 1418 3857 fi
1438 3825 1678 3864 secundogenitus
1701 3847 1714 3864 ,
1739 3824 1795 3854 fine
1816 3820 1987 3854 Haeredibus
2005 3819 2163 3858 legittimis,
2190 3817 2343 3850 Masculini

1285 3865 1362 3896 sexus
1377 3865 1491 3904 Laycis,
1514 3866 1530 3880 ³*
1546 3864 1710 3902 decefferit,
1727 3861 1940 3898 Tertiogenitus
1953 3858 2023 3888 disti
2038 3857 2139 3887 Fratris
2154 3855 2277 3888 senioris
2288 3857 2340 3896 3&
2359 3861 2442 3936 *1532

2364 3910 2393 3937 17
2417 3912 2424 3929 i

1283 3905 1384 3935 Senior
1395 3904 1451 3940 ejus
1466 3902 1547 3933 Filius
1559 3902 1684 3941 Laycus,
1702 3901 1767 3941 post
1780 3899 1911 3942 Mortem
1924 3897 2005 3943 ipfius
2014 3905 2024 3939 :⁶
2065 3931 2075 3942 Α
2165 3931 2172 3938 ⁸

1321 3942 1358 3971 Et
1382 3942 1532 3979 deinceps,
1549 3950 1598 3980 pet
1612 3941 1696 3971 talem
1712 3937 1850 3974 modum,
1867 3937 1973 3966 directa
1990 3933 2079 3963 Linea
2094 3930 2263 3977 Genrmrae,
2285 3933 2336 3966 de-

1285 3979 1445 4011 scendentes
1458 3979 1494 4009 ab
1509 3988 1561 4016 e0,
1579 3978 1665 4018 Layci
1684 3978 1843 4012 dumtaxat,
1857 3974 1922 4011 Jus,
1942 3971 2073 4009 Vocem,
2092 3970 2287 4017 Dignitatem,
2304 3973 2340 4005 ὃς

1284 4018 1456 4049 Potestatem
1479 4016 1607 4054 Eligendi
1620 4019 1797 4045 Romanorum
1808 4016 1903 4049 Regem
1912 4009 2121 4054 promovendum
2138 4020 2169 4038 m
2187 4013 2338 4079 {mgr-atq-

1283 4067 1354 4093 rem,
1373 4054 1410 4089 (ξφ
1432 4054 1543 4093 officium
1565 4051 1812 4092 Archidapfferiae,
1827 4059 1894 4093 cum
1907 4049 2090 4093 omnibus&
2104 4047 2213 4086 fingulis
2262 4058 2339 4092 omi-

1282 4095 1351 4132 niis,
1374 4092 1561 4130 Honoribus,
1576 4090 1708 4131 juribus,
1721 4089 1895 4157 Privilffiiw,
1912 4086 2121 4127 Dignitatibus,
2140 4088 2175 4118 &
2193 4086 2339 4154 Ρεηιηὲἕς-

1864 4133 1879 4161 3
2334 4144 2344 4162 ,π

2390 907 2408 927 *
2428 912 2483 941 IX.

2394 960 2456 986 174=
