2546 4279
10 1962 125 1991 *VIIL

9 2010 76 2037 214.

12 2513 90 2546 Arin.
103 2514 145 2547 D.

37 2563 125 2593 1401.

12 2596 66 2620 An.
87 2604 113 2621 2.

12 2635 49 2658 H.
66 2641 94 2667 4,

27 2672 68 2695 Ex
85 2673 142 2699 Aa·

16 2713 81 2743 togr.

756 175 867 218 ET
952 178 1210 220 ACTA

0 288 1 293 ,
24 260 101 292 Ann.
114 257 155 289 D.
169 259 259 291 soubz
266 259 360 291 nostre
368 258 450 290 Prive
467 257 640 298 Seel‚c0me
656 269 684 291 as
697 267 785 291 autres
800 260 945 292 Chivalers
961 263 995 294 &
1014 262 1139 293 Escuiers
1158 264 1234 294 suffi-

23 307 133 372 Ηέἷοί.
171 299 249 329 santz
262 299 377 330 d'autres
390 306 449 327 noz
465 297 623 336 Countees,
638 298 737 336 jusque
753 309 787 329 au
805 299 944 329 Nombre
960 302 993 332 &
1006 301 1081 331 selon
1098 302 1122 332 la
1130 303 1233 333 Forme

172 345 316 368 contenuz
329 346 364 367 en
381 336 419 365 les
433 344 522 366 autres
535 347 588 366 nos
596 336 703 367 Lettres
715 336 751 366 de
765 337 861 366 nostre
870 337 967 375 signet
981 339 1110 370 susditstes
1119 363 1128 377 ,

209 375 257 405 De
279 374 316 404 les
339 374 440 412 quelles
459 374 540 405 facez
553 374 579 404 le
593 375 719 405 meillour
735 376 768 406 &
785 375 843 412 plus
865 376 970 407 liastive
988 377 1159 416 Expedition
1178 388 1231 418 que

171 414 348 444 bonnement
362 421 478 450 purrez,
495 422 580 443 come
597 423 670 443 nous
683 423 753 442 nous
767 412 854 443 fiome
869 414 904 443 de
919 424 997 445 vous.

160 489 179 526 J
209 451 290 519 1131011.
314 451 382 482 subz
400 451 492 482 nostre
518 451 616 490 Signet
635 462 670 481 au
687 454 799 481 Manoir
814 451 845 481 de
869 456 966 483 sutton
980 477 990 493 ,
1008 454 1034 485 le
1052 455 1095 493 xxj
1115 455 1180 493 jour
1197 455 1233 486 de

183 499 199 519 u
238 497 275 519 et.

200 499 285 566 yDorJJ

204 569 240 595 A
252 564 336 606 nostre
352 566 473 606 Counfi’il
484 566 516 596 de
526 565 632 606 present
647 566 745 606 esteant
763 578 780 596 a
794 568 943 597 Loundins.

326 694 375 727 De
402 689 663 738 Conservatoribns
685 696 873 741 Trcugarum
897 691 1068 739 constitutis.

20 782 95 817 Ann.
110 780 149 811 D.
168 779 248 836 RE
258 778 288 811 X
298 802 308 818 ,
324 779 433 810 diletffis
449 780 482 810 &
502 777 627 809 fidelibus
648 778 700 809 suis
713 803 722 817 ,
739 781 854 810 Ricardo
869 782 986 809 Domino
1001 780 1032 809 de
1046 781 1116 820 Grey
1130 777 1230 809 Admi-

46 830 59 851 1
83 830 131 850 01.

17 830 114 888 Anffz.

17 903 51 926 H.
73 908 101 933 4.

0 950 5 954 -
18 941 104 964 Franc.
121 944 146 961 2.

14 979 48 1002 H.
67 984 96 1009 4.

17 1022 52 1041 m.
70 1021 99 1048 5.

240 819 306 849 rallo
321 818 368 848 suo
384 817 472 848 Flotae
486 817 619 847 Navium
634 840 643 855 ,
661 818 697 848 ab
711 818 771 849 Ore
787 819 879 856 Aquae
894 817 1048 848 Thamisiae
1062 818 1151 848 versus
1166 827 1226 854 par-

166 866 205 888 tes
220 856 362 895 Boreales,
381 857 413 887 &
428 856 534 886 Thomae
549 855 691 894 Kempston
706 856 861 886 Admirallo
875 856 923 886 suo
946 855 1034 886 Flotae
1051 855 1228 894 hujusmodi,

166 897 202 926 ab
216 895 276 926 Ore
292 895 385 933 Aquae
401 894 545 932 praedicstae
562 895 654 924 versus
668 904 757 932 partes
773 894 971 924 Occideiitales
985 917 994 932 ,
1020 894 1153 925 Salutem.

201 934 299 965 Sciatis
314 933 393 973 quod
411 933 632 969 Ordinavimus,
647 932 791 970 Fecimus,
809 933 842 963 &
859 931 1067 963 Constituimus
1081 942 1228 969 vos,con-

160 972 285 1011 junfflrn
299 973 331 1003 ὃ(
346 972 454 1002 divisim
464 995 474 1010 ,
491 971 525 1001 ad
539 970 800 1008 Supervidendum,
820 970 1022 1001 Ordinandum
1037 994 1047 1009 ,
1064 972 1097 1002 δε
1113 970 1172 1001 fieri
1186 971 1227 1001 fa-

164 1011 297 1042 ciendum
311 1034 321 1049 ,
339 1011 418 1050 quod
431 1011 557 1046 Treugae
573 1010 606 1039 δε
621 1007 797 1038 Guerrarum
815 1008 1018 1047 Abstinentiae,
1036 1011 1108 1040 inter
1121 1009 1227 1040 cariffi-

163 1059 246 1080 mum
262 1049 426 1080 Dominum
441 1050 474 1079 ὃς
489 1046 737 1084 Consanguineum
753 1046 897 1086 nostrum,
918 1049 1063 1077 Ricardum
1079 1059 1165 1086 nuper
1172 1050 1225 1077 Re-

158 1100 218 1126 gem
233 1087 362 1126 Angliae‚
377 1088 507 1117 ultimum
529 1084 771 1114 Praedecefforem
794 1085 923 1116 nostrum
940 1110 948 1124 ,
966 1097 1018 1126 pro
1039 1087 1082 1125 se,
1102 1088 1135 1118 ὃς
1151 1087 1222 1117 Suc-

160 1127 313 1157 cefforibus
327 1125 378 1155 suis
392 1124 520 1162 Regibus
534 1123 664 1163 Angliae,
682 1134 714 1153 ac
729 1122 842 1160 Regnis
850 1147 860 1162 ‚
877 1125 991 1163 Terris,
1010 1125 1174 1163 Dominiis,
1189 1126 1222 1156 &

159 1164 286 1195 Subditis
305 1164 370 1200 suis,
388 1173 501 1193 necnon
523 1171 577 1199 pro
598 1161 728 1198 Alligatis
747 1161 816 1200 suis,
835 1162 962 1201 Regnis,
979 1164 1093 1203 Terris,
1112 1164 1220 1194 Domi-

161 1204 233 1240 niis,
250 1203 283 1233 &
305 1201 429 1232 Subditis
442 1201 511 1239 suis,
529 1201 563 1231 ὅ(
583 1199 791 1239 Aa'verfhrium
812 1199 928 1240 nostrum
952 1205 1075 1232 Franciae
1090 1226 1099 1241 ‚
1121 1213 1172 1240 pro
1196 1202 1222 1232 se

158 1242 192 1272 δε
208 1238 419 1272 Succefforibus
444 1240 513 1277 suis,
531 1249 564 1269 ac
585 1238 709 1277 Regno,
728 1239 841 1277 Terris,
860 1239 1025 1277 Dominiis,
1045 1241 1077 1270 ὅ(
1099 1240 1223 1271 Subditis

158 1281 226 1318 suis,
244 1288 358 1309 necnon
372 1289 424 1316 pro
437 1277 566 1314 Alligatis
579 1277 646 1314 suis,
665 1276 789 1315 Regnis,
807 1276 921 1315 Terris,
932 1278 1132 1315 Dominiis,&
1148 1279 1223 1309 Sub-

159 1319 224 1349 ditis
239 1318 307 1356 suis,
325 1327 374 1355 per
390 1316 473 1347 Mare
486 1317 520 1346 δε
536 1325 583 1352 per
598 1315 736 1352 Terram,
754 1316 812 1345 tam
827 1316 896 1346 citra
915 1316 1016 1355 Mare,
1035 1318 1120 1355 quam
1141 1317 1225 1355 ultra,

157 1356 232 1395 apud
246 1356 455 1395 Lenlyngham,
475 1355 563 1384 Anno
573 1352 697 1383 Domini
714 1352 885 1392 Millesimo,
904 1354 1225 1393 Trescenteiimo,No-

161 1395 304 1434 nagesimo
318 1394 422 1432 Sexto,
440 1401 550 1430 captae,
571 1392 664 1429 initae,
683 1392 715 1422 ὃ(
728 1391 865 1430 firmatae,
886 1403 950 1430 quas
965 1393 1081 1424 firmiter
1096 1395 1225 1425 observa-

161 1435 185 1464 ri
199 1435 233 1465 &
247 1433 336 1463 teneri
351 1431 499 1468 volumus,
515 1431 594 1468 quta
616 1430 706 1468 Vim,
725 1429 878 1469 Formam,
899 1432 931 1462 ὃς
947 1430 1095 1463 Εξῑεᾶὶυη]
1117 1443 1226 1464 earum-

159 1471 247 1509 dem,
264 1471 342 1508 supra
357 1469 442 1500 Mare
462 1469 558 1500 debite
573 1476 717 1499 teneantur
731 1469 766 1500 &
782 1468 992 1508 custodiantur,

197 1509 344 1548 Quodque
363 1518 410 1546 ea,
427 1518 491 1546 quae
512 1518 560 1545 per
583 1507 717 1538 Subditos
733 1506 845 1538 nostros
865 1508 945 1545 supra
968 1508 1051 1540 Mire
1068 1509 1096 1540 in
1111 1518 1224 1541 contra—

158 1550 231 1579 rium
247 1555 406 1584 attemptata
421 1545 766 1584 fueriiit,Ref0rmentur‚
776 1555 858 1583 prout
872 1547 958 1577 dictae
973 1547 1100 1586 Treugae
1113 1550 1226 1588 exigunt

159 1588 193 1618 ὃς
207 1587 374 1624 requirunt,
392 1587 425 1617 ὃς
445 1585 480 1615 ad
502 1585 682 1615 consimilem
706 1585 953 1615 Reformationem
978 1596 1228 1627 quorumcumque

158 1626 397 1662 Attemptatorum
414 1625 445 1654 ὃς
459 1623 578 1653 aliorum
599 1622 841 1661 MalefaCtorum,
860 1634 909 1660 per
923 1624 1013 1661 ipsum
1030 1625 1228 1657 Adversarium

156 1663 286 1694 nostrum
306 1673 339 1693 ac
361 1662 495 1693 Subditos
514 1662 594 1698 suos,
612 1670 709 1692 contra
731 1663 800 1693 Vim
815 1685 824 1700 ,
842 1661 978 1692 Formam
992 1686 1002 1701 ,
1021 1665 1054 1695 &
1077 1664 1226 1696 Effectum

157 1701 333 1742 Treugarum
367 1700 566 1738 praedidtarum
592 1722 601 1738 ,
639 1708 740 1731 contra
782 1699 846 1730 Nos
879 1702 911 1732 &
947 1701 1082 1732 Subditos
1116 1703 1227 1734 nostros

158 1741 237 1779 supra
255 1740 340 1771 Mare
355 1748 591 1778 perpetratorum,
610 1738 784 1778 Petendum,
802 1738 1035 1779 Recipiendum,
1053 1741 1085 1772 δε
1105 1741 1227 1773 Haben-

159 1779 229 1810 dum

195 1802 318 1848 Et'ide’o
333 1818 415 1848 vobis
438 1816 610 1847 Mandamus
623 1816 704 1856 quod
722 1817 797 1847 circa
811 1814 954 1848 Praemissa
968 1816 1116 1859 diligenter
1131 1821 1224 1851 inten-

157 1856 244 1894 datis,
263 1858 296 1888 ὃς
312 1866 345 1886 ea
359 1856 465 1886 faciatis
478 1856 511 1885 &
525 1856 704 1893 exequaniini
720 1856 749 1884 in
765 1855 856 1886 forma
873 1857 1022 1893 praedieta:

194 1895 307 1926 Damus
319 1902 415 1925 autem
431 1894 562 1924 universis
576 1894 609 1924 ὃς
625 1894 737 1931 singulis
745 1894 841 1931 Ligeis
855 1895 887 1925 δε
904 1895 1026 1927 Subditis
1039 1896 1154 1935 nostris,
1163 1898 1224 1928 tam

158 1933 230 1964 infra
252 1933 404 1964 Libertates
418 1955 428 1971 ,
446 1932 531 1970 quam
556 1941 634 1963 extra
648 1954 658 1969 ,
685 1932 803 1962 Tenore
826 1932 1009 1964 Praesentium
1025 1958 1034 1973 ,
1060 1934 1178 1967 firmiter
1195 1938 1225 1966 in

158 1971 323 2009 Mandatis,
340 1971 418 2009 quod
430 1971 512 2002 vobis
527 1971 560 2001 &
573 1971 651 2001 alteri
666 1969 807 2008 vestrum,
826 1973 856 2001 in
871 1971 1021 2003 Praemiffis
1035 1973 1066 2003 in
1081 1974 1188 2005 Forma
1206 1975 1225 1994 ²*

159 2010 293 2048 praedieta
308 2009 439 2040 faciendis
453 2010 486 2040 ὃ(
501 2008 684 2049 exequendis,
702 2008 881 2040 Iiitendentes
894 2010 962 2049 sint,
980 2010 1225 2052 Consulentes,&

160 2048 347 2118 AuIXilianteS,
365 2058 399 2117 age
411 2047 506 2079 vestris
523 2047 665 2078 Mandatis
682 2047 875 2087 Obedientes,
891 2058 974 2086 prout
987 2049 1078 2081 decet.

215 2097 235 2117 ri
251 2097 286 2117 cu
299 2097 328 2117 us
389 2095 429 2117 ἐ.

231 2097 319 2157 Telj’te
335 2109 415 2166 kege
429 2124 502 2164 apud
511 2123 786 2165 Wstmonasterium,
805 2126 939 2158 vicefimo
954 2126 1080 2166 secundo
1094 2127 1139 2159 die
1151 2128 1228 2168 Julii.

659 2205 713 2233 Per
729 2201 811 2243 ipficm
828 2207 924 2243 Regem
940 2205 977 2241 ὠ
997 2205 1152 2235 Concilium.

166 2333 357 2378 Confirmatio
384 2337 510 2380 Ruperti
534 2336 622 2381 Regis
643 2336 845 2368 Romanorum
862 2334 899 2368 de
919 2337 1022 2370 Pas‘z‘is
1039 2340 1076 2375 (ῤ’
1096 2339 1227 2383 Promis2

201 2380 335 2425 sionibus
359 2383 454 2427 fastis
483 2394 538 2430 pro
562 2386 787 2480 MFaleilmjggis
797 2384 872 2417 Filii
896 2385 950 2430 fiai
981 2397 1050 2419 cum
1081 2385 1227 2420 Blanchia

169 2516 358 2571 RUpertus,
379 2516 438 2547 Dei
454 2517 556 2554 gratia,
573 2520 752 2548 Romanorum
770 2521 845 2557 Rex,
863 2519 970 2557 semper
991 2519 1150 2557 Augustus,
1168 2519 1228 2550 Re-

246 2556 465 2594 cognoscimus,
485 2565 534 2594 pei·
550 2554 714 2593 Praesentes,
734 2556 803 2586 Nos
817 2558 946 2595 quasdam
963 2558 1071 2589 Literas
1083 2557 1181 2589 vidisse
1195 2559 1229 2589 ὃς

164 2594 285 2634 palpasse
301 2593 479 2633 quorundam
497 2592 717 2623 Procuratorum
733 2593 895 2624 nostrorum
908 2604 985 2632 parte
1000 2606 1033 2626 ex
1051 2596 1124 2634 una,
1142 2597 1176 2627 &
1192 2595 1229 2625 11-

164 2633 252 2664 lustris
267 2633 404 2671 Principis
419 2634 532 2662 Henrici
547 2634 624 2669 Regis
638 2631 750 2669 Angliae
767 2631 805 2666 ὠ
819 2635 940 2662 Franciae
955 2656 964 2672 ,
982 2635 1015 2665 ὃς
1032 2634 1156 2664 Domini
1172 2633 1227 2664 Hi-

164 2673 290 2711 berniae,
308 2680 384 2709 parte
405 2680 439 2702 ex
461 2669 562 2708 altera,
581 2671 677 2707 primo
699 2671 876 2709 Londoniis,
896 2671 1000 2703 deinde
1022 2674 1053 2704 in
1075 2673 1228 2704 Dordraco

162 2710 263 2751 Sigillis
278 2719 377 2741 eorum
394 2710 521 2748 signatis,
539 2719 658 2747 quarum
673 2709 803 2740 Tenores
817 2709 947 2741 secuntur
961 2710 1011 2741 sub
1026 2711 1079 2742 hac
1094 2711 1203 2751 forma,

205 2788 270 2819 No
280 2797 328 2819 νΕ
339 2796 383 2819 R1
395 2796 417 2817 N
429 2795 452 2816 'r
491 2793 515 2816 υ
526 2795 549 2816 N
561 2795 600 2817 1v
613 2796 631 2818 E
641 2795 703 2817 Rsr
723 2809 733 2824 ‚
757 2786 792 2818 ad
813 2797 883 2825 quos
917 2787 1061 2825 praesentia
1084 2788 1229 2825 venerint,

161 2827 195 2858 &
213 2826 363 2864 praesertim
397 2835 520 2863 quorum
544 2824 656 2855 interest
684 2825 728 2856 vel
760 2825 889 2857 intereffe
912 2827 1013 2864 poterit
1032 2827 1060 2856 in
1084 2826 1208 2857 futurum
1218 2849 1228 2865 ,

161 2866 243 2903 quod
269 2865 353 2903 Nos,
369 2864 532 2902 Johannes,
550 2863 608 2893 Dei
629 2864 716 2903 gratia
728 2886 738 2901 ,
755 2863 958 2905 Herefordenfis
972 2887 981 2902 ,
1000 2864 1162 2903 Johannes,
1183 2875 1229 2894 ea-

162 2906 230 2934 dem
254 2903 344 2941 gratia
366 2926 375 2940 ,
401 2901 528 2942 Roffenfis
541 2924 552 2939 ,
577 2901 765 2933 Ecclefiarum
795 2902 931 2940 Episcopi
950 2913 956 2932 2
977 2905 1111 2933 Henri'cus
1138 2904 1229 2932 Nort-

161 2940 306 2972 thumbriae
318 2965 328 2980 ,
355 2940 583 2972 Constabularius
597 2963 606 2978 ,
633 2939 767 2979 Radulfus
795 2940 1021 2979 Wflmerlandiae
1051 2941 1230 2972 Marescallus

163 2981 277 3017 Angliae
291 3003 301 3019 ,
319 2980 450 3011 Comites
462 3002 471 3017 ,
488 2978 659 3009 Serenissimi
682 2980 715 3010 &
739 2978 918 3010 Invifflffimi
941 2980 1080 3018 Principis
1101 2980 1228 3011 Domini

162 3020 276 3048 Henrici
296 3019 409 3057 Angliae
430 3020 605 3057 Franciaeque
630 3020 707 3054 Regis
723 3039 732 3054 ‚
758 3018 790 3048 δε
813 3017 935 3048 Domini
957 3018 1107 3050 Hiberniae
1125 3043 1135 3059 ,
1159 3028 1228 3049 nec-

160 3066 222 3086 non
240 3056 378 3094 Ingenuae
390 3058 423 3088 &
443 3054 665 3087 Praeclariffimae
683 3056 762 3087 Filiae
779 3055 835 3088 suae
854 3056 976 3087 Senioris
994 3061 1119 3088 Dominae
1138 3057 1228 3087 Blan-

158 3095 225 3124 chiae
260 3105 294 3125 ex
309 3106 363 3126 una
865 3104 868 3108 “

198 3119 318 3172 Nosque
337 3119 481 3172 Jtihanner
504 3138 629 3164 Camerer
651 3133 733 3171 (alias
755 3132 865 3169 dietus)
887 3133 919 3162 de
939 3133 1081 3172 Dalburg,
1098 3133 1226 3164 Thammo

161 3172 266 3201 Kuebel
279 3172 436 3203 Schultetus
458 3174 487 3202 in
509 3173 687 3211 Oppinhenn
702 3194 711 3210 ,
730 3171 840 3202 Milites
856 3195 865 3209 ,
885 3182 918 3202 ac
931 3171 1090 3203 Tilmannus
1103 3173 1135 3201 de
1147 3176 1225 3202 Sma-

160 3208 270 3247 lenburg
284 3209 418 3241 Decanus
432 3210 566 3241 Ecclesiae
582 3212 669 3241 beatae
684 3209 788 3240 Mariae
801 3210 836 3241 ad
852 3210 965 3241 Gradus
982 3210 1135 3241 Colonien.
1159 3211 1227 3242 Illu-

160 3247 283 3277 striffimi
297 3258 331 3278 ac
345 3248 568 3279 Christianiffimi
581 3249 723 3287 Domini,
731 3251 843 3287 Ruperti
857 3252 935 3287 Regis
948 3252 1127 3279 Romanorum
1135 3271 1145 3287 ,
1153 3249 1226 3279 sern-

160 3295 211 3323 per
227 3286 365 3324 Augusti,
382 3297 496 3317 necnon
510 3288 575 3318 Filli
590 3287 629 3318 sui
643 3286 784 3325 Senioris,
799 3287 924 3318 Domini
941 3288 1083 3319 Ludewici
1099 3287 1226 3319 Comitis

160 3324 279 3355 Palatini
295 3324 372 3354 Reni
386 3334 420 3354 ac
437 3324 529 3356 Ducis
544 3326 684 3363 Bavariae‚

198 3363 286 3404 Super
311 3362 482 3401 Maritagio,
499 3364 554 3394 sive
569 3364 764 3402 sponsalibus,
779 3366 812 3395 &
836 3363 1030 3395 Matrimonio
1044 3388 1053 3402 ,
1072 3365 1143 3396 inter
1166 3376 1225 3397 me-

160 3412 285 3432 moratos
307 3401 471 3431 Dominum
493 3402 668 3431 Ludewicum
688 3403 722 3434 &
747 3402 908 3432 Dominam
930 3402 1092 3433 Blanchiam
1114 3413 1227 3436 contra-

162 3441 278 3479 hendis,
295 3440 494 3470 Procuratores
508 3440 541 3470 ὃς
557 3439 740 3470 TraCtatores
752 3440 934 3479 legitimi,&
950 3442 1087 3482 utriusque
1100 3441 1226 3474 Partium

162 3477 304 3509 Potestate
320 3480 420 3516 pariter
434 3479 467 3510 ὃς
483 3477 623 3508 Mandato
639 3475 762 3516 suffulti,

202 3517 282 3548 Parte
295 3527 329 3548 ex
343 3518 443 3555 altera,

201 3556 272 3586 Post
287 3555 408 3586 diversos
419 3579 428 3594 ,
449 3565 496 3592 per
518 3564 568 3584 nos
591 3553 714 3592 habitos,
731 3553 881 3587 Traetatus
897 3553 973 3595 super
989 3556 1155 3597 PraemissiS,
1172 3570 1225 3589 no-

163 3594 293 3632 vissime,
313 3594 377 3632 post
397 3594 495 3624 multas
507 3592 732 3623 Deliberationes
747 3594 867 3633 habitas,
885 3595 963 3633 super
979 3596 1111 3635 Pund'tis,
1128 3597 1226 3627 Mem—

165 3634 236 3669 bris,
253 3635 286 3664 &
296 3632 426 3664 Articulis
438 3632 615 3669 sequentibus
631 3630 659 3660 C
667 3641 688 3660 o
700 3640 722 3660 N
733 3641 753 3661 v
766 3641 783 3661 E
794 3641 817 3663 N
830 3642 841 3662 i
850 3642 877 3663 M
886 3642 908 3662 u
921 3644 933 3664 s
943 3657 952 3672 ,
961 3635 994 3665 &
1003 3645 1036 3664 ex
1045 3644 1120 3666 certa
1135 3636 1225 3666 scien-

162 3670 616 3741 tiasCoNCORDAVIMus,
634 3669 666 3700 δε
682 3667 864 3702 Praesentibus
882 3671 1059 3704 CoNcoR
1072 3682 1228 3713 namus,

161 3719 192 3741 ut
215 3718 341 3749 equitur,

201 3787 423 3826 INPRIMIS,
448 3785 594 3818 Dominus
616 3786 680 3817 Rex
703 3785 824 3829 Angiiae.
843 3787 992 3824 praedictus
1011 3788 1087 3819 dabit
1110 3791 1143 3821 &
1165 3790 1229 3821 dare

163 3826 291 3863 promisit
316 3834 503 3856 memoratam
527 3826 686 3856 Dominam
711 3824 874 3854 Blanchiam
887 3848 897 3863 ,
915 3826 1061 3857 Seniorem
1082 3827 1158 3858 suam
1182 3829 1229 3859 Fi-

167 3865 251 3902 liam,
269 3864 318 3902 ipsi
332 3864 465 3894 Domino
482 3864 657 3901 Ludewico‚
676 3863 790 3894 Seniori
812 3862 886 3893 Filio
902 3862 990 3904 Regis
1008 3865 1230 3905 Romanorum,

168 3902 201 3932 &
216 3913 274 3933 non
289 3903 366 3933 alteri
381 3904 411 3932 in
426 3902 562 3933 Uxorem
579 3903 756 3940 legitimam,

205 3939 265 3977 Ipse
287 3951 320 3971 ue
341 3940 488 3972 Dominus
511 3940 682 3972 Ludewicus
703 3939 837 3970 ducet&
853 3942 974 3978 accipiet
989 3943 1105 3973 eandem
1122 3942 1231 3973 Domi-

168 3987 235 4020 nam
249 3951 411 4009 Bssllanchiam
426 3980 476 4009 sibi
489 3981 517 4009 in
533 3978 665 4011 Uxorem
680 3978 853 4017 legitimam,
870 3980 904 4012 δέ
919 3990 979 4011 11011
993 3981 1150 4020 aliam,sub
1168 3991 1233 4011 mo*

167 4015 210 4046 dis
224 4016 258 4046 &
271 4015 370 4047 formis
380 4017 576 4057 sequentibus,

202 4095 273 4123 Tom.
289 4094 344 4123 IV.
363 4094 394 4123 P.
414 4097 438 4123 Ι.

1294 166 1769 230 ΡυΒιΙὉΑ.

2288 209 2332 236 11

1308 265 1448 311 Phrzqituo
1465 291 1474 306 ,
1494 271 1572 313 quod
1597 282 1767 304 memoratus
1791 273 1939 304 Dominus
1964 271 2108 306 Henricus
2130 277 2192 306 Rex
2216 276 2330 315 Angliae
2349 278 2425 309 Aiin.
2443 279 2482 310 D,

1271 302 1349 333 dabit
1364 309 1413 342 ipli
1436 306 1569 337 Domino
1589 309 1766 349 Ludcwico,
1784 323 1851 342 curn
1877 313 1939 342 Filia
1963 313 2025 350 sua,
2043 314 2170 344 Domina
2186 315 2333 355 Blancliia,
2370 327 2455 354 1401.

1272 343 1305 372 &
1322 353 1374 379 pro
1391 343 1469 387 Dore
1486 346 1627 389 ejuidem,
1645 348 1671 376 xl
1691 348 1736 378 M.
1757 351 1910 381 Nobilium
1927 350 2021 380 Cunei
2038 352 2168 391 Angue,
2186 364 2219 382 ac
2235 356 2333 385 valoris

1271 381 1304 410 δε
1322 381 1454 417 ponderis
1480 384 1573 413 niualis
1600 395 1630 414 in
1657 386 1762 423 Regno
1786 388 1899 425 Anglm‘
1916 412 1925 427 ,
1951 389 1985 419 ad
2005 390 2157 421 Termiiios
2176 401 2225 428 per
2243 392 2335 424 Partes

1270 420 1496 450 concordandos.

1308 454 1353 487 IT
1366 467 1382 487 E
1394 466 1494 496 Mque,
1514 460 1604 489 mittet
1630 461 1747 490 eandem
1774 462 1847 492 suani
1866 464 1962 494 Filiam
1981 466 2029 502 ipsi
2046 465 2180 495 Domino
2198 467 2332 498 Ludewi-

1269 504 1324 533 ςο,
1344 496 1428 537 taliter
1439 497 1566 527 fulcitam
1583 498 1814 537 l’arafarnalibus,
1832 500 1891 535 &c
1906 511 1988 540 prout
2003 503 2087 542 Jizpra
2112 508 2183 534 Dat.
2205 516 2231 544 7.
2251 510 2334 535 Mar--

1270 536 1321 571 tii,
1339 535 1427 574 usqua:
1443 535 1498 564 haec
1513 535 1599 564 verba
1620 537 1715 574 (viz.)

1306 609 1353 640 IN
1377 620 1552 641 NOMINE
1576 610 1752 643 DoiurNi
1773 614 1907 644 AMEN.

1308 648 1455 679 Noverint
1472 651 1589 680 univerii
1604 651 1683 689 quOd
1704 652 1935 691 Nos,J0ffridus
1950 657 2036 683 Comes
2052 657 2082 684 de
2097 660 2243 695 Lymertren
2250 659 2330 690 The-

1268 683 1395 717 samarius
1412 687 1545 718 Eccleliae
1563 688 1756 727 Coloniensis,
1775 690 1941 720 Trlwaernus
1958 693 1988 720 de
2003 691 2332 729 SmalenborthDecs-nus

1269 723 1359 754 Beatae
1377 724 1481 756 Mariae
1495 726 1528 756 ad
1546 728 1648 760 gradus
1662 727 1816 759 Colonien.
1836 730 1868 759 ὃς
1889 729 2028 766 Magister
2048 733 2175 762 Nicolrzux
2192 739 2331 773 Burgman

1269 761 1463 794 Decretoruni
1484 764 1619 803 Dostor,
1653 766 1881 796 Christianisfimi
1907 770 2018 805 Ruperti
2036 771 2209 800 Romanorum
2232 777 2308 804 Res-is
2322 797 2333 812 ,

1267 800 1376 838 semper
1398 801 1517 839 Augusti
1532 825 1543 840 ,
1569 814 1601 834 ac
1626 804 1737 835 Illustris
1761 806 1902 835 Ludewici
1928 805 1989 835 Filii
2015 807 2137 838 Senioris
2154 804 2282 842 naturalis
2296 814 2330 843 &

1267 839 1407 877 legitimi,
1424 850 1458 871 ex
1476 851 1544 878 uria,

1304 878 1426 916 Nosque
1444 879 1601 909 lxlivllzelmus
1616 880 1741 920 Esturmy
1755 881 1861 920 Miles,
1875 881 2017 921 Jolmnnir
2030 886 2155 922 Kngton
2172 887 2198 915 in
2215 895 2331 925 utroque

1263 915 1332 953 Jure
1351 916 1513 948 Bacallarius
1528 941 1537 955 ,
1558 919 1589 948 ὃς
1611 919 1742 948 Robertus
1764 922 1907 950 naterton
1928 920 2106 952 Domiccllus
2119 946 2128 960 ,
2155 922 2331 955 Illustrilsimi

1267 954 1424 993 Principis,
1444 959 1556 986 Henrisi
1581 957 1693 993 Anglise
1716 962 1888 998 Francs'aeque
1910 962 2002 997 Regis,
2022 961 2054 990 ὃς
2078 960 2199 991 Domini
2222 962 2329 993 Hiber-

1265 993 1340 1031 niie,
1359 1004 1472 1024 necnon
1489 994 1625 1031 Ingeiiuae
1648 997 1680 1026 δε
1700 996 1834 1027 Sublimis
1856 997 2015 1036 Dominte,
2031 998 2167 1029 Dominae
2191 999 2331 1029 Blamhoe

1266 1031 1387 1062 Senioris
1401 1033 1527 1063 naturalis
1541 1034 1573 1064 δε
1586 1033 1725 1070 legitimae
1742 1034 1820 1065 Filice
1834 1037 1982 1066 memorati
1997 1036 2087 1074 Regis
2102 1037 2212 1076 Angli-ae
2225 1061 2234 1077 ‚
2252 1047 2329 1076 parte

1264 1080 1299 1099 ex
1314 1071 1414 1108 altera,
1432 1071 1629 1102 Procuratores
1649 1075 1678 1102 in
1695 1073 1866 1112 Dordraco,
1885 1073 1946 1108 &a
1960 1082 2041 1112 prout
2056 1074 2138 1114 sirper
2152 1079 2223 1106 Dat.
2247 1088 2272 1113 7.
2288 1078 2330 1106 die

1262 1108 1364 1148 Junii,
1383 1110 1462 1150 usilite
1473 1110 1529 1140 haec
1544 1110 1630 1140 verba
1651 1114 1660 1149 (
1668 1112 1745 1149 viz.)

1301 1185 1415 1223 Quibus
1435 1187 1549 1224 quidem
1575 1187 1673 1217 Literis
1687 1211 1696 1226 ,
1721 1188 1758 1218 fic
1779 1189 1966 1227 transcriptis,
1992 1189 2060 1221 Nos
2082 1190 2224 1229 Rupertus
2239 1216 2248 1231 ,
2266 1193 2331 1224 Rex

1263 1224 1440 1262 praelibatus,
1459 1226 1554 1255 omnia
1574 1227 1607 1256 &
1627 1226 1731 1263 singula
1746 1251 1756 1263 ,
1775 1229 1803 1257 in
1826 1229 1931 1259 eisdem
1950 1229 2050 1260 Literis
2069 1239 2200 1261 contenta
2216 1254 2226 1269 ,
2245 1239 2258 1249 ⁴‘
2279 1242 2327 1270 per

1263 1261 1373 1300 diotos,
1392 1263 1449 1292 tiim
1472 1263 1602 1302 nostros,
1623 1265 1706 1301 quam
1731 1266 1882 1305 praescripti
1904 1268 1990 1306 Regis
2006 1268 2138 1307 Angliae,
2156 1269 2325 1301 Procurato-

1264 1309 1306 1330 res
1315 1322 1324 1337 ,
1344 1308 1425 1337 prout
1439 1301 1469 1329 iri
1481 1302 1584 1331 eisdem
1602 1301 1701 1332 Literis
1716 1304 1897 1335 continentur
1905 1328 1914 1340 ,
1935 1306 1958 1335 L
1970 1315 1988 1335 Α
1998 1315 2020 1336 U
2032 1316 2053 1336 D
2063 1317 2082 1336 A
2093 1316 2120 1337 M
2130 1317 2152 1337 u
2162 1318 2184 1345 s,
2202 1309 2229 1338 R
2239 1319 2258 1338 A
2268 1319 2290 1340 T
2301 1319 2329 1339 1-

1266 1346 1470 1380 Ficasius,
1496 1340 1529 1370 &
1556 1340 1828 1372 APPROBAMU
1844 1353 1855 1371 s
1882 1353 1930 1382 per
1954 1344 2126 1382 Praesentes,
2152 1346 2186 1376 &
2208 1348 2330 1385 expresse

1266 1375 1480 1408 Conientientes
1494 1379 1573 1415 quod
1589 1378 1656 1408 huic
1672 1379 1768 1409 nostro
1781 1381 1971 1418 Transumpto
1991 1385 2056 1417 (cui
2071 1384 2196 1414 nostram
2210 1386 2331 1425 Regiam

1265 1415 1472 1458 interponimus
1494 1417 1700 1447 Auctoritatem
1717 1419 1725 1454 )
1746 1418 1815 1448 ficut
1836 1419 1977 1456 predictis
1999 1420 2191 1458 Originalibus
2213 1424 2333 1463 Literis,

1265 1454 1369 1491 ubique
1381 1454 1530 1492 locorum,
1551 1456 1579 1484 in
1593 1456 1816 1494 quibuscumque
1831 1457 2068 1495 Traetatibus,de
2084 1469 2188 1491 caetero
2202 1463 2332 1493 adhibea-

1267 1500 1310 1522 tur
1325 1492 1405 1530 plena
1426 1492 1509 1530 fides,
1525 1494 1622 1524 harum
1641 1494 1690 1524 sub
1711 1495 1814 1525 nostrae
1836 1494 1937 1535 Regiae
1954 1497 2105 1535 Majestatis
2122 1499 2213 1536 sigilli
2228 1511 2332 1538 appen-

1269 1530 1345 1560 sione
1362 1531 1528 1561 testimonio
1545 1531 1712 1563 Literarurn.

1304 1568 1411 1599 Datum
1428 1570 1587 1608 Heidelberg
1599 1571 1644 1601 die
1659 1571 1751 1610 primii
1763 1571 1868 1602 Mensis
1883 1572 2000 1613 Augusti
2010 1573 2112 1610 ‚Anno
2121 1575 2244 1605 Domini
2261 1577 2329 1606 Mil-

1265 1606 1381 1645 lefimO,
1399 1608 1689 1647 Qiadringentelimo
1703 1613 1815 1650 primo,
1834 1611 1930 1649 Regni
1946 1615 2016 1642 vero
2032 1612 2119 1642 nostri
2127 1614 2214 1644 Anno
2229 1616 2328 1652 primo.

1921 1688 2039 1726 Sigillum
2058 1689 2229 1729 distrabantur.
2252 1728 2257 1732 ¹

1429 1815 1479 1846 De
1498 1812 1669 1845 Tmflando
1679 1813 1772 1859 fitpcr
1790 1816 1994 1846 lisatrimonio
2007 1812 2168 1860 praelibato.

1272 1896 1356 1951 RE
1366 1897 1397 1927 X
1418 1897 1565 1929 Omnibus
1577 1899 1611 1930 ad
1623 1909 1710 1938 quOS,
1727 1899 1788 1930 &o
1807 1899 1943 1930 Salutem.

1350 1936 1451 1967 Sciatis
1465 1937 1543 1975 quod
1552 1960 1562 1976 ,

1303 1973 1382 2005 cum
1390 1975 1561 2013 jampridem
1571 1999 1579 2015 ,
1589 1977 1659 2006 inter
1667 1975 1865 2008 Procuratores
1872 2000 1881 2015 ,
1889 1976 2117 2009 Excellentiffimi
2124 1980 2158 2011 &
2167 1979 2337 2011 Sereniffimi

1268 2007 1426 2052 Principis,
1444 2017 1572 2052 Ruperti,
1588 2014 1647 2045 Dei
1662 2015 1768 2052 gratia,
1785 2018 1963 2046 Romanorum
1975 2018 2184 2056 Regis,iemper
2200 2019 2338 2058 Augusti,

1267 2061 1316 2090 ac,
1334 2051 1509 2082 Illustriffinii
1522 2052 1678 2092 Principis,
1694 2054 1830 2083 Ludovici
1842 2052 1955 2093 Filiifin'
1968 2054 2103 2094 Senioris,
2122 2056 2219 2087 eadem
2234 2058 2340 2096 gratiss,

1268 2089 1395 2120 Comitis
1411 2091 1528 2121 Palatini
1542 2091 1618 2122 Reni
1631 2092 1664 2122 ὅ(
1679 2091 1816 2123 Bavarriae
1833 2091 1925 2122 Ducis
1941 2115 1951 2131 ,
1968 2103 2001 2123 ex
2015 2104 2069 2124 una
2084 2116 2092 2133 ,
2112 2095 2145 2125 &
2161 2105 2252 2126 certos
2269 2096 2340 2127 Pro-

1269 2137 1411 2159 curatores
1431 2130 1542 2160 nostros
1563 2140 1616 2168 pro
1638 2129 1736 2161 Nobis
1758 2132 1791 2162 &
1812 2131 1922 2161 Seniori
1946 2142 1979 2162 ac
2000 2132 2130 2169 legitima
2152 2133 2221 2164 Filia
2245 2134 2340 2166 nostra

1268 2167 1422 2200 mamhra,
1439 2178 1514 2208 parte
1537 2178 1570 2198 ex
1589 2168 1671 2199 altera
1683 2192 1692 2207 ,
1718 2170 1831 2207 plenam
1847 2171 1879 2201 &
1894 2169 2082 2201 sufficientem
2105 2171 2276 2203 Potestatem
2291 2173 2341 2204 ha-

1269 2207 1381 2244 bentes,
1398 2208 1477 2244 super
1498 2207 1676 2245 Sponsalibus
1697 2208 1731 2238 &
1754 2207 1949 2239 Matrimonio
1972 2219 2005 2240 ac
2023 2209 2148 2240 Vinculo
2164 2210 2336 2251 Coniugali,

1269 2246 1340 2275 inter
1356 2246 1509 2283 praedidtos
1526 2245 1711 2277 Ludovicum
1726 2246 1759 2277 &
1775 2246 1954 2285 Blanchiam,
1972 2256 2041 2278 tunc
2056 2249 2269 2286 contrahendis,
2286 2260 2336 2287 pei·

1269 2283 1470 2315 Procuratores
1494 2284 1654 2322 hujusmodi
1672 2285 1735 2322 jam
1761 2284 1948 2323 Contractis,
1973 2296 2088 2316 necnon
2116 2287 2192 2324 super
2216 2287 2335 2319 Summa

1270 2322 1464 2361 Qadraginta
1479 2322 1596 2353 Milium
1617 2323 1777 2353 Nobilium
1799 2323 1893 2353 Cunei
1910 2323 2003 2363 Regni
2024 2325 2114 2355 nostri
2130 2326 2262 2364 Angliae,
2282 2337 2336 2357 no-

1270 2362 1350 2392 mine
1365 2361 1451 2392 Dotis
1466 2362 1499 2392 &
1514 2361 1718 2392 Dotalitiorum
1734 2385 1743 2399 ,
1762 2363 1871 2391 ratione
1884 2362 1917 2392 ὃς
1932 2371 2067 2399 praetextu
2082 2362 2225 2394 dictorum
2241 2365 2261 2394 S
2282 2375 2337 2395 on-

1268 2399 1396 2431 saliorum
1409 2401 1442 2431 &
1460 2399 1643 2429 Matrimonii
1660 2422 1670 2437 ,
1689 2410 1738 2439 pei·
1754 2399 1911 2436 hujusmodi
1932 2399 2149 2440 Procuratores,
2167 2403 2247 2432 certis
2292 2414 2335 2434 er-

1270 2439 1354 2468 minis
1368 2438 1402 2468 ad
1422 2439 1479 2468 hoc
1494 2438 1610 2474 praefixis
1624 2447 1656 2467 ac
1672 2437 1795 2466 limitatis
1807 2459 1817 2475 ,
1836 2436 1966 2467 donanda
1981 2446 2063 2478 :itque
2076 2438 2208 2470 solvenda
2218 2463 2227 2478 ,
2242 2441 2337 2472 Trac-

1268 2484 1358 2506 tatum
1375 2476 1459 2506 fuerit
1481 2476 1515 2506 &
1532 2474 1725 2513 Conclusuin,
1745 2483 1826 2512 prout
1839 2484 1888 2512 per
1902 2474 2009 2506 Literas
2023 2478 2337 2518 eorumdemProcuraff

1268 2521 1363 2545 torum
1377 2514 1456 2552 super
1473 2513 1541 2544 inde
1558 2513 1702 2544 confectas
1713 2513 1820 2553 plenius
1833 2514 1935 2552 poterit
1951 2524 2093 2554 apparere,

1306 2552 1391 2591 Nos,

1303 2590 1459 2629 Cupientes
1473 2598 1503 2622 ut
1526 2591 1688 2630 hujusmodi
1706 2591 1870 2630 Negotium
1887 2591 1922 2622 ad
1937 2591 2068 2624 debitum
2083 2594 2116 2625 &
2129 2602 2259 2633 optatum
2274 2606 2336 2635 per⁴

1266 2628 1384 2660 ducatur
1397 2629 1533 2660 effectum
1543 2653 1553 2667 ,

1304 2668 1349 2699 Ac
1364 2669 1400 2699 de
1413 2669 1557 2699 Fidelitate
1567 2691 1577 2707 ,
1594 2667 1749 2707 Industria,
1766 2669 1800 2700 &
1814 2668 1931 2706 providi
1946 2668 2230 2711 circumspectione,
2248 2673 2335 2705 dilec-

1267 2715 1361 2738 torum
1376 2709 1409 2739 &
1425 2707 1564 2737 Fidelium
1585 2706 1765 2746 nostrorum,
1784 2707 1924 2738 Wllielmi
1945 2707 2055 2746 Esturm
2084 2710 2201 2748 Militis,
2219 2712 2336 2742 &·Ma-

1267 2745 1346 2782 gistri
1361 2745 1504 2784 Johannis
1517 2748 1545 2775 Κ
1541 2753 1644 2786 yngton
1660 2744 1782 2784 Clerici,
1802 2745 1938 2777 Ecclesiae
1951 2747 2049 2778 Linco
2060 2748 2158 2779 niensis
2173 2749 2316 2781 Canonici
2326 2774 2337 2790 ,

1267 2784 1376 2821 plenius
1390 2784 1579 2822 confidentes,

1305 2822 1399 2861 Ipsos,
1415 2833 1449 2853 ex
1466 2832 1538 2854 certa
1553 2822 1646 2865 nostra
1658 2822 1790 2861 scientia,
1810 2822 1842 2853 ἃ
1856 2822 1961 2854 affensu
1976 2834 2010 2855 ac
2026 2825 2175 2856 avisatione
2188 2826 2276 2857 nostri
2292 2827 2334 2859 sa-

1266 2862 1353 2892 nioris
1365 2864 1399 2893 &
1415 2861 1518 2899 digesti
1533 2860 1671 2899 Coniilii,

1305 2900 1351 2930 Ad
1367 2900 1584 2938 Tradiandum,
1602 2898 1864 2938 Concordandum,
1883 2900 1916 2930 &
1933 2899 2193 2941 Conveniendum,
2199 2913 2252 2940 pro
2267 2903 2335 2935 No-

1267 2937 1309 2968 bis
1321 2939 1355 2969 &
1371 2940 1488 2969 nomine
1503 2938 1599 2969 nostro
1616 2961 1625 2975 ,
1644 2948 1712 2968 cum
1734 2937 1868 2968 Domino
1883 2937 2012 2976 Ruperto
2033 2939 2115 2979 Rege
2131 2940 2337 2973 Romanorum

1269 2976 1425 3015 praedidio,
1444 2977 1561 3014 ipsiusve
1571 2976 1643 3006 Filio
1660 2977 1883 3015 praenominato,
1901 2977 1945 3008 seu
1961 2980 2127 3008 eorumdem
2142 2982 2337 3012 communiter

1266 3016 1312 3047 vel
1326 3015 1437 3045 divisim
1454 3016 1700 3053 Procuratoribus,
1719 3014 1944 3054 Commissariis,
1962 3017 2007 3047 vel
2028 3016 2192 3056 Deputatis,
2209 3018 2333 3050 Potesta-

1265 3062 1324 3084 tem
1340 3056 1373 3086 &
1388 3054 1596 3085 Auctoritatem
1610 3053 1800 3084 sufficientem
1815 3054 1843 3083 in
1858 3054 1910 3084 hac
1925 3064 2002 3093 parte
2017 3054 2199 3092 habentibus,
2216 3056 2252 3087 de
2268 3058 2337 3088 loco

1264 3093 1310 3123 seu
1326 3092 1395 3122 locis
1411 3093 1564 3123 Solutionis
1581 3092 1712 3122 Sunimae
1732 3092 1886 3130 praedietae,
1904 3095 2023 3123 nornine
2037 3095 2070 3125 &
2085 3094 2164 3125 causei
2182 3094 2269 3125 Dotis
2281 3097 2337 3127 five

1267 3141 1317 3169 pro
1333 3130 1414 3161 Dote
1429 3131 1516 3161 dietae
1537 3131 1678 3161 Blanchiae
1703 3130 1782 3161 Filiae
1797 3130 1901 3161 nostrae
1915 3153 1924 3169 ,
1944 3141 1992 3170 per
2006 3131 2208 3164 Procuratores
2224 3134 2335 3165 nostros

1266 3178 1418 3200 conventae
1439 3170 1472 3200 ὃ(
1493 3169 1638 3207 promissae
1654 3192 1663 3204 ,
1680 3168 1832 3207 locumque
1854 3169 1899 3200 seu
1920 3169 1983 3200 loca
1998 3169 2032 3201 ad
2048 3169 2226 3202 Solutionem
2248 3172 2334 3203 Sum-

1266 3217 1324 3238 mae
1343 3209 1560 3276 (praenominatae
1577 3230 1586 3246 ,
1604 3207 1705 3238 nostris
1722 3209 1841 3238 nomine
1859 3209 1894 3240 &
1911 3209 1976 3239 vice
1992 3231 2002 3247 ,
2021 3208 2201 3240 limitandum
2222 3210 2255 3241 &
2272 3210 2335 3242 assi·

1288 3256 1340 3276 nan
1364 3257 1413 3276 um

1265 3256 1286 3284 g
1302 3270 1432 3315 Necnon
1446 3284 1480 3315 ad
1495 3284 1677 3322 faciendum,
1695 3284 1922 3323 excercendum,
1939 3285 2149 3322 procurandum
2165 3308 2175 3323 ,
2195 3288 2229 3318 &
2247 3297 2331 3325 expe-

1263 3323 1401 3391 ditindum
1422 3325 1520 3354 omnia
1533 3324 1566 3354 &
1581 3323 1697 3363 lingula,
1717 3333 1780 3361 quae
1801 3324 1878 3354 circa
1900 3323 2044 3355 Praemissa
2065 3324 2217 3357 neceffaria
2235 3326 2336 3357 fuerint

1265 3372 1300 3393 ve
1325 3371 1344 3391 o
1365 3370 1465 3392 ortuna
1829 3380 1835 3383 »

1304 3371 1527 3430 Ρτξηοωίηέῑοε
1546 3400 1740 3431 Willielmum
1762 3400 1794 3430 &
1815 3398 1980 3437 Johannem
2005 3400 2038 3432 &
2058 3411 2161 3433 eorum
2183 3401 2334 3440 quemlibet

1269 3438 1380 3468 divifim
1395 3439 1428 3468 ὃς
1443 3438 1591 3469 insolidum
1600 3462 1610 3477 ‚
1630 3437 1739 3469 nostros
1753 3448 1835 3469 veros
1846 3438 2025 3478 &legitimos
2038 3439 2235 3472 Procuratores
2244 3463 2254 3478 ,
2272 3440 2332 3470 Ac-

1267 3486 1358 3515 tores,
1378 3477 1527 3514 Fadiores,
1547 3478 1579 3507 ὃς
1597 3477 1730 3507 Nuncios
1743 3476 1886 3515 speciales,

1304 3515 1498 3554 Ordinamus,
1517 3516 1664 3553 Facimus,
1682 3516 1715 3546 δε
1732 3514 1942 3546 Constituimus
1957 3526 2006 3553 per
2020 3515 2185 3555 Praesentes;

1303 3553 1506 3584 Promittentes
1522 3554 1589 3584 Nos
1604 3553 1713 3584 Rarum
1729 3554 1761 3584 &
1778 3552 1898 3584 Gratum
1922 3558 2058 3592 perpetuo
2081 3555 2222 3585 habituros
2238 3561 2330 3583 toturn

1266 3593 1299 3624 ὅ(
1316 3592 1448 3631 quicquid
1472 3602 1520 3629 per
1544 3592 1635 3622 dictos
1651 3592 1845 3622 Procuratores
1866 3592 1978 3622 nostros
1992 3615 2001 3630 ,
2019 3593 2065 3622 vel
2078 3603 2178 3623 eorum
2192 3592 2329 3634 alterum,

1266 3630 1393 3667 Adtum,
1412 3630 1554 3668 Gestum,
1572 3633 1616 3660 ieu
1640 3630 1824 3661 Procuratum
1846 3629 1929 3661 fuerit
1945 3633 1973 3661 in
1990 3631 2159 3667 Praeniiffis,
2183 3631 2231 3672 iub
2249 3629 2330 3667 Ypo-

1265 3667 1346 3699 theca
1361 3670 1395 3700 δε
1411 3667 1597 3706 Obligatione
1610 3668 1757 3699 Bonorum
1777 3667 1941 3699 nostrorum
1958 3670 2089 3699 omnium
2108 3667 2282 3705 praesentium
2297 3670 2332 3700 ὃς

1279 3718 1294 3737 u
1308 3717 1428 3737 urorum.

1264 3708 1280 3738 f
1297 3715 1372 3775 tDat.
1392 3746 1421 3774 in
1439 3744 1549 3775 Palatio
1565 3748 1643 3783 Regis
1657 3745 1762 3785 Wstm.
1783 3745 1834 3776 sub
1851 3744 1953 3785 Magni
1970 3744 2060 3782 Sigilli
2076 3744 2165 3781 Regis
2181 3741 2331 3780 Testim07

1267 3785 1334 3822 nio,
1350 3783 1452 3815 Primo
1467 3784 1512 3816 die
1529 3784 1636 3816 Mensis
1652 3783 1785 3822 Augusti.

1776 3864 1829 3891 Per
1843 3863 1934 3891 Breve
1949 3859 1980 3889 de
1995 3861 2112 3889 Privato
2128 3857 2226 3897 sigillo.

1775 4090 1798 4121 B
1817 4101 1836 4121 2
2258 4098 2330 4131 Super

2351 360 2413 383 Heu.
2430 366 2458 391 4.

2351 1234 2369 1253 ¹*
2397 1237 2481 1262 VIII:

2363 1281 2426 1310 215.

2352 1924 2486 1957 Ann.D.

2381 1974 2466 2002 1401.

2358 2007 2409 2031 Λα.
2439 2014 2466 2030 2.

2359 2046 2393 2069 H.
2410 2052 2438 2078 4.

2358 2083 2485 2107 Frasic.2.·

2359 2123 2429 2154 H.4.

2358 2167 2394 2185 m.
2420 2167 2441 2184 1.
