2562 4274
20 242 96 277 Ann-
110 242 152 274 D¹
168 255 301 287 dilatione
317 254 442 293 aliquali,
459 252 508 284 sub
521 253 613 284 Pcena
627 254 737 285 levandi
750 255 786 285 de
806 255 868 294 ipsis
873 278 883 294 ,
901 257 950 295 qui
972 257 1000 285 in
1017 253 1158 286 Mandatis
1173 267 1222 287 ved
1264 256 1534 291 DominiiDucatfis

41 282 127 322 ¹408·
169 294 230 324 stris
247 293 420 331 negligentes
434 292 571 322 extiterint
584 300 630 322 aut
647 292 854 331 inobedientes,
878 293 1011 324 Summas
1032 293 1224 325 Pecuniarum
1264 297 1354 336 tibus,

25 327 88 351 Hm.
105 331 134 358 4.

16 942 93 974 Ann.
107 941 150 973 D.

37 982 123 1019 1408.

15 1024 69 1049 An.
82 1030 110 1055 9.

15 1081 108 1127 Fr'an'c.
121 1109 147 1133 9.

16 1142 87 1173 H.4,
100 1147 136 1166 m.

14 2492 34 2514 *¹
62 2493 148 2521 vm.

48 2539 115 2569 543·

23 3895 100 3926 Ann.
115 3891 156 3924 D.

47 3933 132 3972 1408.

22 3976 76 4000 An.
92 3982 121 4007 9.

23 4015 60 4038 H.
79 4021 107 4047 4.

24 4049 93 4085 Vasc.
107 4057 135 4083 9.

25 4091 135 4122 H.4.m.
165 4079 249 4114 nibus
264 4078 298 4108 &
314 4077 442 4117 smguIis,
458 4080 494 4111 ad
514 4081 583 4112 Nos
595 4103 606 4120 ,
633 4088 665 4112 ut
679 4081 714 4113 ad
731 4082 828 4121 Regni
848 4081 872 4113 F
874 4083 978 4114 ranciae
1017 4082 1221 4120 uperiorem&
1265 4079 1404 4119 Regnum
1416 4077 1510 4118 Regis
1529 4079 1658 4117 Angliae,
1676 4087 1724 4115 per

34 4132 77 4162 13,

646 168 773 211 ΕΤ
856 167 1173 213 ACTA

170 333 207 363 fic
223 342 272 370 per
286 341 336 362 vos
350 329 559 369 adjudicandas,

207 371 243 401 Et
258 369 368 400 ulterius
381 368 460 407 quod
476 368 542 406 ipsi,
555 367 589 398 ad
599 367 769 399 Mandatum
778 369 902 400 vestrum
912 380 1026 407 ,coram
1041 371 1121 400 vobis
1130 370 1224 401 Com-

169 418 263 447 parere
279 407 380 438 faciant
395 415 499 437 omnes
513 407 546 437 &
561 406 681 443 singulos
698 406 804 443 Ligeos
819 408 852 438 ὃ(
866 408 1002 439 Subditos
1016 409 1143 448 nostros,
1163 410 1225 439 ubi-

169 455 293 484 cumque
307 446 410 475 fuerint
430 446 556 483 inventi,
573 445 645 475 infra
661 445 990 485 eorumJurisdiffiones,
1007 448 1055 485 qui
1071 446 1150 485 supra
1158 447 1225 478 Ma-

169 495 216 522 re,
232 491 277 514 aut
291 482 370 520 supra
389 483 528 522 Terram,
545 482 666 522 aliquid,
684 491 785 514 contra
808 485 932 516 formam
953 485 1138 523 Treugarum
1154 496 1226 524 prae-

167 523 306 553 dietarum
316 543 326 559 ‚
345 521 469 551 indebite
484 522 716 560 attemptaverint.

206 559 241 591 In
259 560 355 598 cujus,
374 561 436 592 &c.

240 598 329 630 Teste
343 597 427 637 Rege
438 598 513 637 apud
529 597 802 639 Wstmonasterium,
821 600 905 630 tertio
923 600 970 631 die
980 601 1066 640 Junii.

696 677 749 707 Per
766 675 849 715 ipst'em
866 679 960 716 Regem
977 677 1016 714 ὠ·
1036 677 1187 708 concilium.

186 801 237 833 De
258 799 404 846 Treugis,
429 802 506 833 inter
533 803 644 848 Regem
661 804 698 839 «ῤ’
719 801 840 834 Ducem
856 803 1023 835 Britannice
1044 827 1054 843 ,
1081 800 1201 846 Confir-

636 849 757 884 vandis.

162 933 244 996 LE
268 933 494 1003 Rov,Saltouz
509 934 590 967 eeulx
609 936 657 974 qui
673 944 721 966 ces
745 934 889 966 Presentes
910 933 1020 964 Lettres
1040 936 1168 965 verront'
1181 944 1222 965 ou

236 982 336 1005 orront
401 984 414 1003 a
427 983 486 1005 utz.
1091 989 1100 1000 κ

198 1011 314 1051 Come,
332 996 404 1053 pour
422 1013 500 1044 cause
515 1023 554 1044 ou
561 1012 695 1043 occafion
707 1011 756 1042 des
774 1011 913 1050 Guerres,
931 1011 978 1049 qui
986 1021 1035 1049 par
1043 1010 1115 1049 long
1124 1019 1215 1052 temps

163 1056 214 1082 ont
229 1051 299 1082 dure
311 1057 388 1081 entre
403 1050 441 1081 les
453 1051 525 1082 Paiis
540 1053 574 1082 &
588 1050 697 1089 Sungz
710 1051 745 1080 de
760 1049 849 1079 Nous
870 1050 904 1080 δε
927 1049 1021 1080 nostre
1040 1050 1170 1081 treschier
1188 1051 1223 1081 ὃς

164 1088 279 1121 tresame
294 1090 359 1121 Fitz
373 1088 396 1118 le
410 1092 472 1119 Duc
486 1089 518 1119 de
533 1092 685 1125 Bretaign,
703 1088 796 1118 moult
810 1087 846 1118 de
862 1087 964 1118 Maulx
979 1087 1050 1119 soint
1066 1089 1221 1127 ensuiz,&

163 1128 305 1160 ensuivent
322 1127 358 1159 de
379 1127 445 1164 jour
459 1137 495 1157 en
512 1128 596 1165 jour,
614 1136 702 1157 corne
721 1126 844 1157 Pilleries
859 1150 869 1164 ,
895 1125 1040 1158 Roberies
1054 1150 1064 1165 ,
1090 1127 1222 1167 Arfions,

165 1166 283 1205 Forces,
302 1166 471 1203 Violences,
488 1164 584 1195 Morts
603 1165 638 1196 de
662 1165 743 1196 Gens
758 1188 768 1203 ,
794 1166 827 1196 &
840 1172 930 1195 autres
948 1164 1156 1196 inconveniens
1176 1167 1221 1195 in-

162 1204 354 1273 numerabltfis,
371 1204 404 1234 &
422 1211 540 1242 purront
557 1203 649 1234 ensuir
657 1203 869 1243 Greigneurs&
878 1204 939 1241 plus
953 1203 1123 1236 Perilleuxse
1133 1205 1223 1235 Pour—

166 1253 220 1275 veu
235 1244 263 1274 n'
294 1254 311 1274 e
336 1243 379 1273 oit

202 1253 372 1312 SAzorR
386 1264 462 1312 'FAI
476 1289 592 1321 soNs,
609 1291 681 1319 que,

199 1318 280 1350 Pour
295 1319 416 1350 Honeur
431 1319 468 1350 de
483 1319 575 1358 Dieu,
640 1330 712 1357 pour
731 1319 883 1350 Remedier
904 1330 956 1350 aux
974 1320 1086 1358 maulx,
1104 1320 1137 1351 ὃς
1158 1319 1225 1350 Ob-

164 1358 226 1390 vier
240 1368 293 1390 aux
306 1357 400 1389 Parilz
414 1357 568 1397 deffusdiz,
634 1367 706 1395 pour
723 1357 857 1389 Eschuier
872 1357 1011 1390 l'effufion
1027 1359 1065 1389 du
1081 1358 1160 1399 Sang
1170 1360 1223 1389 hu-

170 1406 238 1427 man

202 1420 306 1474 Nous,
325 1445 398 1473 pour
413 1435 520 1473 Nous,
537 1444 597 1465 noz
617 1433 708 1473 Paiis,
726 1435 760 1465 8(-
788 1435 908 1474 Subgitz
927 1435 1119 1474 Obbeissens,
1138 1446 1226 1466 avons

164 1473 245 1504 Prins
259 1475 292 1505 &
306 1473 395 1504 ferme
411 1474 520 1504 bonnes
536 1474 568 1504 &
585 1473 671 1504 seures
684 1472 811 1511 Treues,
830 1474 864 1505 ὅτ.
876 1473 1046 1505 Souffrance
1069 1475 1103 1505 de
1130 1473 1227 1504 Guer-

164 1523 214 1552 re,
230 1520 367 1553 avecques
383 1511 478 1542 nostre
494 1512 537 1542 dit
558 1511 687 1542 treschier
704 1512 737 1543 ὅ(
761 1513 877 1543 [relame
900 1512 964 1543 Fitz
981 1536 990 1551 ,
1016 1523 1089 1550 pour
1105 1513 1175 1551 Lui,
1193 1514 1226 1544 δε

165 1550 203 1582 ses
220 1551 310 1589 Paiis,
327 1552 361 1582 &
376 1550 497 1590 Subgitz
511 1550 700 1588 Obbeissens,
717 1561 787 1588 pour
801 1561 840 1582 un
856 1551 903 1581 An
919 1552 1024 1589 entier,
1109 1584 1120 1590 ff

204 1590 282 1620 Ainsi
297 1599 368 1627 que,
385 1589 410 1620 le
425 1590 466 1620 dit
481 1598 574 1627 temps
589 1589 687 1619 durant
703 1611 713 1627 ,
740 1590 778 1619 les
800 1590 862 1620 ditz
879 1589 985 1628 Subgiz
1001 1589 1164 1625 ,obbeissens
1190 1589 1225 1619 de

161 1627 256 1658 nostre
271 1626 313 1658 dit
329 1627 411 1665 Fitz,
429 1637 566 1665 avecques
581 1627 651 1658 leurs
668 1627 834 1666 Vesseaulx,
855 1627 1022 1666 Mariniers,
1040 1628 1226 1659 Marchandi-

163 1666 219 1705 ses,
237 1667 270 1698 &
283 1673 373 1697 autres
387 1666 469 1697 Biens
484 1666 709 1704 quelxconques,
729 1676 801 1704 pour
819 1666 905 1699 Nous
918 1668 951 1697 5.-
961 1676 1019 1697 noz
1029 1667 1151 1704 Subgitz
1169 1668 1225 1696 ob-

162 1705 303 1743 beiffens,
320 1713 459 1742 pourront
474 1704 638 1736 Seurement
660 1703 788 1737 Maroier
804 1727 814 1742 ,
840 1705 913 1744 aler,
932 1706 964 1736 &
982 1708 1061 1736 venir
1082 1716 1130 1746 par
1148 1714 1225 1736 toute

163 1742 234 1774 Mer
253 1743 323 1774 celle
335 1752 395 1782 part
414 1754 466 1782 que
479 1743 538 1774 leur
553 1743 641 1781 plarra
676 1742 768 1774 Venit
782 1743 816 1774 &
837 1743 988 1774 descendre
1003 1755 1039 1775 en
1062 1754 1122 1775 noz
1138 1744 1226 1774 Portz

162 1781 198 1814 &
213 1782 339 1821 Havres,
358 1782 542 1822 Deschargier
557 1782 628 1812 leurs
641 1766 723 1811 ssiens
740 1782 773 1813 &
799 1781 1024 1821 Marchandises,
1043 1783 1075 1813 &
1098 1783 1226 1820 chargier

161 1829 265 1859 autres,
284 1830 319 1852 en
335 1822 429 1858 paient
443 1831 496 1851 nos
513 1820 688 1851 Coustumes
704 1821 737 1852 &
754 1819 894 1859 Devoirs,
912 1821 984 1859 aler,
1001 1823 1098 1859 venir,
1117 1830 1174 1852 tant
1189 1820 1225 1851 de

163 1857 201 1890 N
204 1861 251 1890 uiz
267 1870 322 1899 que
336 1859 372 1890 de
383 1860 482 1898 Jours,
501 1858 638 1898 sejourner
654 1860 688 1890 &
713 1858 855 1889 residence
879 1860 947 1891 faire
971 1869 1006 1890 en
1027 1859 1121 1890 nostre
1136 1859 1225 1897 Paiis,

163 1898 199 1968 ἓ(
215 1909 262 1968 lgr
277 1898 361 1929 icelui
376 1897 447 1930 celle
459 1906 518 1936 part
533 1908 589 1937 que
601 1897 762 1936 voudront‚
777 1897 843 1928 senz
855 1897 902 1938 soy
913 1898 1104 1930 Entremettte
1118 1898 1154 1930 de
1163 1898 1224 1929 Fait

188 1946 204 1967 e
252 1947 349 1975 uerre,

199 1974 238 2006 Et
255 1983 301 2006 ces
314 1974 422 2008 Choses
438 1977 472 2008 &
487 1975 626 2007 chescune
648 1974 737 2006 Nous
756 1973 943 2007 Promettons
972 1976 1005 2007 &
1021 1977 1123 2014 Jurons
1136 1975 1223 2006 loiau-

159 2022 244 2044 ment
259 2037 269 2053 ,
293 2025 327 2046 en
341 2014 437 2052 parole
458 2014 495 2045 de
514 2014 582 2055 Roy
597 2037 608 2052 ,
633 2014 666 2045 &
681 2024 730 2052 par
751 2013 776 2043 la
793 2014 849 2053 Fay
863 2015 896 2045 &
912 2014 1060 2045 Serement
1073 2014 1110 2045 de
1129 2013 1224 2046 nostre

159 2052 273 2092 Corps,
290 2053 382 2084 Tenir
396 2054 431 2085 &
448 2052 558 2084 Garder
573 2053 762 2089 fermement,
779 2051 845 2082 senz
864 2053 944 2084 venir
963 2063 998 2083 au
1013 2053 1156 2084 contraire
1166 2075 1177 2091 ‚

200 2091 294 2123 Parmi
309 2101 345 2122 ce
359 2102 414 2130 que
426 2091 452 2122 le
467 2091 553 2122 Nous
569 2090 717 2122 Promette
735 2091 769 2121 &
788 2090 856 2129 Jure
874 2091 1124 2130 semblablement,
1148 2101 1220 2130 pour

157 2129 265 2200 ΙῙῖῙουε,
281 2130 475 2199 nez-'fferres²
492 2131 527 2163 &
540 2129 673 2168 Soubgiz
684 2128 842 2169 obeiffens,
861 2130 895 2162 &
915 2129 1004 2161 Nous
1026 2140 1062 2161 en
1078 2130 1159 2162 baille
1184 2129 1224 2162 ses

188 2177 268 2200 ettres
301 2179 355 2200 arai
376 2179 404 2200 es

195 2207 235 2239 Et
252 2179 324 2246 pci’ur
343 2191 422 2239 Grei'
435 2217 503 2239 neur
517 2206 615 2238 Seurte
629 2206 678 2238 des
696 2206 766 2238 dites
782 2207 919 2247 Trieues,
936 2208 970 2240 &
981 2207 1075 2239 icelles
1088 2205 1222 2240 faireTe-

160 2248 206 2277 nir
220 2247 253 2278 &
268 2246 398 2286 Garder,
443 2255 599 2285 rmement,
619 2245 686 2276 senz
699 2246 876 2285 enFraindre,
891 2246 979 2278 Nous
994 2258 1082 2278 avons
1106 2247 1168 2277 Fait
1186 2247 1220 2278 δε

161 2284 316 2324 Ordenne,
334 2287 368 2317 ὅτ,
382 2295 432 2323 par
447 2295 493 2316 ces
507 2283 668 2322 Presentes,
686 2284 798 2316 Faisons
813 2286 846 2317 &
862 2285 1035 2316 Ordennons
1049 2286 1076 2316 le
1089 2286 1220 2317 tresreve-

156 2331 217 2354 rent
232 2323 316 2360 Pere2
333 2333 369 2354 en
385 2324 463 2354 Dieu
482 2346 492 2362 ,
510 2322 603 2354 nostre
611 2322 742 2354 treschier
760 2323 867 2355 Coufin
905 2324 1018 2354 Thomas
1034 2323 1221 2365 Erchevesqae'

162 2362 195 2391 de
209 2361 368 2392 Canterbris
383 2362 489 2393 Primat
503 2361 540 2391 de
553 2370 631 2393 toute
644 2361 810 2399 Engleterre
825 2373 864 2394 no
891 2373 918 2394 re
941 2362 1111 2394 Chanceller
1120 2386 1130 2400 ,
1154 2369 1222 2394 nos-

162 2408 203 2431 tre
218 2400 346 2432 treschier
358 2399 467 2431 Cousrn
482 2399 587 2439 Esmon
605 2404 688 2430 conte
703 2400 735 2431 de
750 2401 928 2432 Kentnostre
944 2401 1072 2432 Admiral
1082 2425 1091 2440 ,
1110 2401 1220 2432 &1720-

160 2450 221 2469 mas
243 2441 286 2469 Er
297 2439 417 2480 yngham
435 2436 567 2468 chivaler
589 2436 761 2471 conestable
782 2439 818 2471 de
840 2440 956 2472 Dovere
978 2441 1012 2472 &
1028 2438 1155 2470 Gardein
1173 2439 1221 2471 des

159 2477 297 2547 leegynp
316 2477 460 2523 *·Portz,
480 2475 698 2509 Conservateuts
713 2477 748 2510 de
770 2478 858 2510 cestes
878 2479 1015 2518 presentes
1029 2478 1148 2509 Trieues
1168 2488 1220 2517 pur

163 2526 204 2547 no
242 2526 258 2547 e
299 2524 368 2548 artie
696 2524 699 2526 “

196 2554 262 2586 Aux
278 2540 610 2593 quelz,'1’Ercevesque,
632 2552 772 2586 Admirall
786 2579 796 2594 ,
820 2556 854 2587 &
876 2555 1068 2596 Conestable,
1112 2555 1219 2588 eneral-

161 2602 262 2633 ment,
280 2595 314 2625 δί
329 2603 345 2624 a
358 2593 481 2624 chescun
496 2593 595 2630 deulx,
614 2593 700 2624 Nous
717 2594 863 2626 Mandons
881 2596 915 2626 &
932 2594 1078 2626 Comman
1099 2606 1166 2634 ons,
1184 2606 1221 2626 en

162 2639 379 2671 commentam,
393 2632 421 2663 se
438 2631 551 2662 mestier
563 2631 604 2662 est
619 2654 629 2670 ,
653 2632 741 2663 cestes
764 2634 836 2664 dites
854 2634 973 2664 Trieues
997 2634 1066 2664 faire
1092 2633 1220 2665 Aflavoir

161 2671 197 2702 &
214 2671 345 2709 Publier,
365 2680 413 2709 par
428 2670 533 2702 Bannie
552 2670 586 2701 &
601 2678 776 2710 autrement,
792 2671 927 2703 deument
941 2682 978 2703 en
993 2681 1052 2702 noz
1069 2672 1138 2704 dites
1146 2672 1220 2702 Por-

160 2717 204 2741 tez
217 2732 226 2748 ,
242 2711 275 2742 &
288 2709 414 2747 Havres,
432 2708 546 2740 Bonnes
562 2708 649 2739 Villes
669 2710 703 2741 δε
726 2709 815 2741 Lieux
835 2709 1030 2742 accoustumes
1044 2733 1054 2748 ,
1079 2712 1113 2742 &
1127 2711 1220 2742 icelles

160 2748 230 2779 faire
243 2748 337 2779 Tenir
349 2750 383 2780 &
400 2747 511 2778 Garder
525 2747 682 2779 seurement
694 2749 729 2780 δε
740 2748 912 2779 fermement
926 2749 992 2779 lenz
1004 2748 1160 2780 enfraindre
1169 2773 1179 2789 ,

200 2786 256 2825 Et,
274 2786 302 2819 se
316 2796 424 2818 aucune
447 2785 543 2816 Chose
567 2794 678 2817 trovent
700 2788 777 2817 avoir
800 2787 856 2818 este
877 2788 945 2818 faite
962 2798 1000 2818 ou
1024 2795 1159 2826 attempte
1183 2798 1218 2819 au

163 2825 322 2863 contraire,
340 2835 388 2865 pat
398 2834 506 2856 aucune
524 2834 564 2855 ou
581 2833 686 2855 aucuns
705 2825 741 2855 de
761 2835 821 2856 noz
841 2825 949 2866 Subgiz
970 2826 1131 2857 obbeiffens
1165 2827 1218 2858 du-

160 2873 222 2895 rant
232 2864 258 2895 le
276 2863 317 2894 dit
330 2872 441 2901 temps,
457 2863 483 2893 le
501 2862 568 2893 faire
604 2871 764 2894 rontement
776 2865 1060 2904 &vigoreusement'‚
1079 2874 1127 2902 par
1160 2867 1217 2896 rin-

160 2903 188 2934 se
202 2903 237 2933 de
253 2901 344 2942 Corps
358 2902 392 2933 &
407 2901 443 2932 de
459 2900 557 2939 Biens,
575 2872 610 2932 gc
626 2911 674 2939 par
695 2909 786 2932 toutes
807 2903 1002 2934 autresvoies
1026 2903 1158 2941 poffibles
1183 2905 1216 2935 &

161 2939 342 2979 raisonables,
359 2939 505 2978 Reparer,
520 2939 559 2969 les
572 2939 676 2970 Parties
690 2941 891 2981 desdomager‚
907 2942 941 2972 &
954 2952 969 2972 a
982 2941 1068 2972 Nous
1084 2944 1116 2974 ὃς
1134 2954 1149 2974 3
1173 2943 1215 2973 el-

161 2979 201 3010 les
217 2979 380 3018 Amander,
394 2980 428 3011 ὅτ,
443 2978 481 3009 les
500 2977 677 3008 Malfaiteurs
690 2980 724 3010 δε
736 2979 866 3010 Violeurs
882 2980 930 3011 des
947 2979 1016 3011 dites
1032 2980 1142 3011 Treues
1157 2981 1215 3013 Pu-

161 3017 242 3086 glnir,
259 3017 335 3048 selon
355 3017 381 3048 le
403 3017 459 3048 Cas
476 3017 509 3048 &
532 3016 676 3048 tellement
695 3027 749 3057 que
767 3027 802 3048 ce
822 3017 876 3050 soit
889 3029 906 3050 a
919 3027 981 3050 tous
1004 3027 1092 3050 autres
1109 3019 1216 3051 Exam-

191 3064 206 3086 e

160 3066 180 3094 P
199 3079 253 3132 ἐπ,
268 3092 303 3124 de
317 3102 350 3124 ce
364 3092 448 3132 faire,
465 3104 551 3125 avons
565 3092 674 3125 Donne
689 3094 722 3126 δί
737 3094 884 3126 Donnons
897 3104 926 3126 as
946 3095 1007 3126 ditz
1021 3095 1214 3137 Ercevesque,

162 3131 309 3170 Admiral,
326 3132 359 3162 &
374 3131 547 3163 Conestable
563 3133 781 3170 generallement
793 3156 803 3171 ‚
826 3144 912 3165 come
933 3133 975 3164 dit
993 3134 1052 3173 est,
1071 3137 1104 3166 &
1124 3137 1181 3167 aufi
1199 3147 1215 3167 3

163 3171 287 3240 ghescun
300 3169 411 3239 ds’eulirfi
425 3170 499 3209 plain
514 3171 642 3212 Povoir,
662 3172 814 3203 Austorite
836 3172 873 3203 de
892 3182 941 3211 par
955 3172 1061 3212 Nous,
1078 3174 1111 3205 ὃς
1125 3174 1216 3206 Μ311-

186 3217 282 3239 ement
296 3219 312 3239 e
359 3216 385 3238 ci
419 3230 429 3245 ,

202 3218 357 3291 Μ31κ1011ἴεΕ
364 3248 399 3279 &
414 3244 602 3290 Comandons
622 3260 639 3280 a
660 3256 733 3280 touz
750 3258 809 3281 noz
827 3248 951 3288 Subgitz
963 3273 974 3289 ,
999 3260 1036 3282 en
1056 3260 1091 3282 ce
1107 3251 1217 3291 facent,

164 3288 224 3318 leur
241 3285 369 3316 Obbeier
381 3286 415 3317 &
430 3284 631 3322 deligemment
646 3286 806 3327 Entendre,

199 3324 253 3362 Et,
271 3334 287 3354 a
302 3333 337 3354 ce
353 3333 409 3362 que
423 3322 499 3353 ceste
513 3322 608 3354 Chose
624 3324 676 3355 soit
687 3326 787 3358 Ferme
805 3328 839 3360 ὃς
855 3327 974 3360 Estable
987 3351 998 3367 ,

160 3363 212 3395 fait
231 3370 332 3393 mettre
344 3361 439 3392 nostre
453 3360 515 3392 Seal
525 3372 541 3391 a
555 3372 602 3392 ces
615 3361 767 3395 Presentes.
1158 3390 1159 3393 ,

199 3401 386 3432 Nientmeins
398 3399 493 3430 nostre
506 3401 656 3430 entencion
670 3401 740 3432 n’est
758 3412 812 3441 que
825 3403 899 3434 Lisse
913 3403 949 3435 de
963 3403 1163 3444 Brehake„ou
1178 3405 1216 3437 les

162 3440 343 3472 Inhabitantz
355 3438 480 3476 d’icelle,
497 3447 552 3476 que
577 3438 657 3469 sount
683 3439 818 3471 Rebeaux
841 3452 875 3472 au
896 3441 938 3472 dit
954 3442 1041 3482 Duc,
1059 3454 1075 3473 a
1097 3454 1132 3474 ce
1147 3444 1215 3482 q'est

161 3480 221 3518 dit,
238 3479 342 3509 n'eient
355 3488 394 3508 ou
409 3484 553 3521 reportent
566 3475 696 3507 Benefice
712 3478 749 3508 de
761 3478 901 3510 Presentes
918 3479 1055 3521 Trieues,
1073 3492 1109 3513 ne
1123 3482 1215 3514 soient

162 3525 314 3550 contenuz
327 3521 367 3548 ou
381 3525 508 3553 compris
521 3525 556 3545 en
572 3515 682 3556 ycelles.

158 3574 161 3575 ν
204 3555 251 3587 En
265 3555 478 3592 tesmoignance
491 3553 528 3583 de
541 3552 631 3592 quelle
645 3550 756 3586 Choses
768 3554 855 3587 Nous
874 3566 963 3588 avons
983 3557 1032 3589 fait
1045 3558 1113 3590 faire
1127 3559 1217 3591 cestes

163 3602 224 3627 noz
239 3594 349 3625 Lettres
363 3593 510 3631 Parentes,

202 3632 284 3663 Don.
301 3642 317 3663 a
347 3632 444 3663 nostre
475 3629 574 3671 Palays
587 3630 618 3660 de
632 3629 781 3675 Wstm3le
811 3633 837 3671 xj
851 3633 924 3672 Jour
947 3633 984 3664 de
1013 3633 1107 3674 Juillet
1121 3659 1131 3674 ,
1150 3636 1218 3667 I’An

166 3671 205 3741 (ἐξ
225 3670 321 3741 ῗῇιέξε
351 3670 437 3702 Mille
457 3669 632 3709 Qatrecens
645 3670 679 3701 ὅτ.
706 3669 789 3709 huit,
814 3672 848 3703 &
867 3671 904 3703 de
919 3671 1014 3703 nostre
1035 3673 1136 3714 Regne
1151 3674 1218 3707 l'An

205 3719 225 3741 0
293 3718 327 3740 .e.

1024 3327 1111 3360 Nous
1128 3339 1216 3385 ahvons

938 3750 997 3778 Par
1012 3748 1036 3779 le
1049 3752 1116 3791 Roy.

192 3868 241 3902 De
256 3867 425 3915 Judicibus
454 3872 493 3902 in·
512 3871 607 3904 Curia
623 3870 846 3916 Superioritatis
868 3871 900 3902 in
920 3870 1098 3916 Aquitania
1123 3872 1198 3908 Con-

625 3917 753 3962 stitutis.

266 3997 298 4031 X
310 4001 481 4045 Omnibus,
499 4005 534 4036 ad
547 4015 633 4044 quos,
650 4005 713 4036 &c.
729 4003 860 4035 Salutem.

269 4039 370 4069 Sciatis
387 4041 466 4077 quod
481 4042 551 4073 Nos
569 4044 663 4081 (juxta
678 4042 816 4075 Debitum
832 4041 987 4081 susceptiR

172 3999 257 4055 RE

1033 4042 1134 4079 minis)
1154 4053 1222 4074 om·

200 4120 274 4149 Tom.
291 4117 341 4147 IV.
360 4117 392 4146 Ρ.
410 4118 436 4146 1.

1256 168 1288 210 P
1345 173 1390 216 u
1445 174 1478 217 B
1531 173 1564 217 L
1616 175 1636 218 1
1689 176 1727 220 o
1773 177 1820 220 Α,
2246 195 2261 225 1
2270 192 2290 238 ς
2297 194 2320 238 7

1542 262 1711 305 'Aquitaniae
1729 266 1762 296 &
1779 265 1905 296 Partium
1921 265 2107 304 adjacentium
2124 290 2134 306 ‚
2159 267 2316 307 Qierelan-
2333 268 2410 304 Arm,
2425 271 2471 306 DJ

1327 337 1330 341 .
1349 338 1352 341 .
1373 299 1618 338 Provocantibus,
1639 303 1671 332 ὃς
1687 303 1915 341 Appellantibus,
1932 305 2111 336 deiiderantes
2126 306 2185 337 fieri
2199 307 2315 343 plenum
2355 314 2437 350 1408.

1261 334 1380 372 Justitiae
1395 338 1654 376 complementum,
2332 355 2395 382 lien.
2411 361 2439 387 4.

1304 374 1347 404 Ac
1360 375 1396 404 de
1410 375 1552 419 Fidelttite
1568 398 1577 413 ,
1604 377 1752 417 industria,
1771 381 1804 412 ὃς
1826 381 2076 418 circumspeffione
2098 382 2234 420 provida,
2248 383 2318 414 dile-

1266 412 1379 443 <storum
1394 415 1426 445 δε
1441 413 1566 458 fidelium
1582 415 1740 446 nostrorum
1762 420 1897 449 Betrmidi
1912 423 2023 450 Domini
2042 422 2074 449 de
2090 421 2317 460 Montefhraudo,

1265 461 1305 497 ac.
1316 453 1409 481 Poncii
1424 455 1536 481 Domini
1549 453 1581 481 de
1596 451 1754 491 Castelliani,
1763 478 1773 493 ,
1800 468 1911 488 necnon
1925 458 2065 495 Johannis
2079 459 2112 488 de
2128 459 2249 497 Bordelt',
2265 461 2317 489 Pe·
2336 469 2337 472 ’

1265 497 1304 533 ιη
1318 492 1455 534 Ripariae,
1473 491 1572 526 legum
1587 490 1770 530 Doctorum,
1790 497 1865 523 Petri
1874 497 2010 525 Embaudi
2026 498 2055 526 in
2063 497 2194 527 Decretis
2209 498 2317 528 Licen-

1266 536 1342 566 tiati,
1360 528 1508 558 Guillielmi
1526 529 1656 558 Mairalli
1674 531 1756 567 (alias
1772 533 1892 570 Serpilli)
1912 534 2048 565 Bacallarii
2070 537 2100 565 in
2117 536 2264 575 Decretis,
2282 538 2316 568 ὃς

1265 566 1391 596 Arnaldi
1405 569 1523 606 Mayani
1536 568 1567 599 in
1580 567 1706 604 Legibus
1727 568 1882 608 Bacallarii,

1303 604 1379 649 Ipsos
1393 605 1525 649 Septem,
1542 606 1596 636 Sex
1612 629 1621 643 ‚
1642 607 1796 649 Quinque,
1816 609 1948 645 Quatuor
1963 633 1973 648 ,
1996 612 2029 642 &
2046 612 2119 643 Tres
2133 614 2316 652 eorumdem,

1266 642 1487 687 ordinavimus,
1506 643 1729 684 Deputawmus,
1748 647 1780 676 δε
1798 646 2004 678 Constituimus
2015 650 2127 687 judices
2141 653 2169 681 in
2179 652 2319 683 Civilibus

1265 682 1300 712 &
1314 681 1533 720 Cummalibus,
1553 685 1581 712 in
1596 682 1684 713 Curia
1698 687 1792 714 nostra
1810 685 2015 723 Superioritatis
2032 689 2225 729 Aquitannice,

1304 719 1440 764 Volentes
1461 720 1541 759 quod
1562 722 1634 751 Duo
1649 723 1848 758 praeditstorum
1871 723 1988 754 Curiam
2012 726 2134 755 nostram
2158 737 2266 767 tenere,
2285 739 2318 760 ac

1264 757 1422 789 Sententias
1435 758 1658 802 Interlocutorias
1667 785 1675 799 ,
1687 761 1813 799 Tresque
1828 761 2002 792 Distinitivas
2013 763 2084 793 ferre
2101 765 2223 805 valeant,

1303 797 1442 835 Qorum
1456 796 1583 839 Trium,
1597 798 1759 836 johannem
1776 800 1899 839 Bordili,
1920 800 2031 831 Petrum
2048 801 2191 841 Ripariae,
2210 807 2319 837 reuAr-

1263 835 1379 879 naldum
1397 834 1532 879 Meyani,
1549 846 1656 875 unum,
1674 839 1703 868 in
1716 838 1880 869 Diffinitiva
1896 862 1905 877 ,
1931 840 1985 870 sive
2000 839 2134 870 Duorum
2157 843 2187 872 in
2202 844 2319 875 interlo-

1264 881 1373 903 cutoria
1388 872 1531 915 Sententia
1546 873 1690 914 facienda,
1709 876 1765 907 esse
1781 877 1920 908 volumus.
2317 881 2320 883 ’

1298 910 1332 941 In
1349 920 1441 949 quuS,
1456 912 1516 942 &c.

1336 948 1424 981 Teste
1441 949 1524 989 Rege
1537 951 1611 990 apud
1629 951 1903 995 Wstiironasterium,
1919 956 1964 985 xix
1978 954 2022 985 die
2036 955 2113 994 Julii.

1831 1033 1885 1061 Per
1901 1034 1993 1062 Breve
2006 1033 2038 1063 de
2053 1035 2173 1064 Privato
2184 1033 2283 1073 sigillo.

1534 1175 1583 1206 De
1601 1173 1755 1209 Colleffffore
1771 1177 1861 1221 Papae
1881 1173 2049 1218 Constituto.

1266 1265 1322 1320 R
1334 1264 1399 1296 EX
1420 1265 1539 1296 Dile&o
1560 1267 1612 1297 fibi
1625 1267 1756 1306 Johanni
1785 1269 1927 1301 Welbourn
1949 1272 2065 1311 Legum
2081 1273 2225 1314 Do&ori‚
2242 1276 2321 1308 Salu-
2337 1280 2411 1314 Arm,
2425 1281 2466 1313 D,

1344 1313 1412 1334 tem.
1699 1323 1702 1327 ι

1302 1344 1398 1382 Quia,
1408 1343 1499 1386 ‚cer-tis
1513 1343 1546 1374 &
1559 1344 1730 1387 ‚notabilibus
1745 1343 1780 1374 dc
1798 1345 1909 1385 Causis,
1927 1347 1993 1378 Nos
2007 1351 2040 1380 &
2050 1349 2151 1382 statum
2160 1352 2322 1388 Regninoa
2341 1332 2442 1395 alffog.

1264 1381 1310 1413 stti
1326 1382 1441 1418 Angliae
1455 1381 1607 1424 lpecialiter
1621 1385 1875 1422 concernentibus,
1896 1385 2048 1417 Volnimus
2072 1390 2103 1419 &
2120 1383 2324 1423 Ordinavimus
2346 1404 2366 1425 '1
2393 1410 2411 1433 4

1265 1422 1344 1459 qued
1360 1429 1460 1450 omnes
1474 1421 1507 1451 &
1523 1421 1639 1457 lingulae
1654 1421 1842 1452 Pecuniarum
1862 1425 1991 1454 Summa:
2007 1448 2016 1462 ,
2041 1436 2073 1455 ac
2097 1428 2146 1458 alia
2164 1428 2323 1461 Reventio-
2339 1442 2386 1464 Par
2411 1446 2428 1471 9

1264 1470 1312 1490 nes
1326 1461 1357 1491 ὃς
1374 1458 1575 1489 Emolumenta
1590 1469 1795 1502 quaecumque,
1814 1461 1849 1491 ad
1871 1461 2033 1493 Dominum
2054 1468 2186 1495 Smnmum
2208 1468 2322 1511 Pontfi.
2339 1480 2373 1502 H.
2391 1459 2413 1511 '4
2433 1455 2440 1464 ⁶

1265 1510 1317 1530 cem
1334 1498 1443 1534 Regno
1457 1497 1555 1527 nostro
1572 1497 1712 1535 praedreto
1726 1500 1907 1537 pertinentia,
1927 1510 1975 1538 per
1995 1503 2010 1519 *
2031 1512 2133 1533 certam
2157 1504 2306 1537 Permnam
2338 1521 2352 1550 ρ
2373 1524 2398 1540 2.
2415 1498 2454 1540 Jn'

1264 1547 1313 1576 per
1331 1537 1398 1568 Nos
1419 1535 1454 1565 ad
1477 1536 1534 1566 hoc
1550 1535 1703 1574 specialiter
1728 1536 1901 1574 Deputatam
1918 1561 1928 1575 ,
1953 1539 1986 1569 ad
2010 1550 2081 1578 opus
2104 1543 2183 1579 ipliw
2203 1533 2324 1576 Domini
2339 1536 2362 1578 6⁴
2443 1536 2449 1542 -

1265 1577 1378 1607 Summi
1394 1573 1539 1604 Pontificis
1554 1597 1564 1613 ,
1589 1575 1732 1613 quousque
1751 1575 1824 1606 aliud
1845 1576 1911 1606 inde
1933 1576 2095 1609 duxerimus
2119 1582 2304 1614 ordinandum
2337 1575 2462 1618 *evm*

1261 1615 1339 1684 Ωῑὶῖξῖ)
1355 1615 1388 1645 &
1403 1611 1499 1644 secure
1515 1613 1724 1652 custodiantur,
2313 1607 2323 1623 ³
2365 1637 2432 1665 544·
2454 1613 2459 1619 '

1334 1663 1384 1687 os,
2216 1671 2219 1674 ·

1299 1691 1348 1722 De
1364 1692 1507 1723 Fidelitate
1521 1692 1554 1722 &
1568 1690 1836 1728 Circumspetstione
1850 1693 1944 1724 vestris
1959 1694 2065 1732 plenius
2082 1695 2274 1737 confidentes,

1301 1730 1517 1769 Assignavimus
1530 1732 1562 1761 ὃς
1579 1730 1790 1767 Deputavimus
1803 1741 1855 1761 vos
1870 1732 1903 1762 ad
1917 1743 2017 1763 omnes
2040 1735 2072 1764 ὃ(
2091 1735 2204 1773 lingulas
2229 1737 2322 1769 Pecu-

1263 1769 1372 1800 niarum
1388 1770 1539 1806 Summas,
1557 1778 1590 1799 ac
1607 1769 1657 1798 alia
1674 1768 1865 1799 Reventiones
1880 1772 1912 1800 ὃς
1927 1771 2057 1802 Proficua
2077 1783 2114 1810 qu
2122 1777 2323 1815 ecumque‚ad

1263 1806 1374 1838 dictum
1392 1808 1558 1838 Dominum
1572 1807 1726 1837 Summum
1741 1807 1914 1839 Pontificem
1928 1811 1958 1840 in
1980 1810 2088 1847 Regno
2104 1812 2202 1842 nostro
2223 1816 2324 1851 praedi-

1264 1846 1314 1876 Cto
1330 1847 1511 1884 pertinentia,
1531 1845 1700 1876 Levandum
1716 1846 1748 1875 &
1765 1846 1972 1889 (folligendum
1986 1871 1995 1886 ,
2026 1860 2058 1879 ac
2075 1849 2158 1880 levari
2174 1853 2207 1882 ὃς
2224 1853 2323 1891 colligi

1263 1885 1442 1923 faciendum,
1459 1886 1492 1916 ὃ(
1508 1885 1593 1922 inde,
1610 1893 1692 1921 prout
1715 1884 1798 1914 vobis
1812 1895 1845 1915 ex
1869 1895 1945 1923 parte
1964 1886 2058 1917 nostra
2074 1889 2258 1926 imposterum
2279 1893 2324 1923 in-

1259 1924 1392 1961 jungetur
1401 1947 1410 1962 ,
1426 1924 1542 1954 fideliter
1559 1922 1821 1962 Respondendum,

1297 1963 1336 1993 Et
1352 1963 1419 1994 ideo
1434 1962 1524 1992 Vobis
1539 1961 1705 1992 mandamus
1722 1962 1801 2004 quod
1821 1964 1897 1993 circa
1914 1962 2057 1995 Praemissa
2067 1965 2215 2005 diligenter
2223 1967 2339 2001 Inten-2.

1262 2000 1346 2039 datiS,
1364 2012 1397 2033 ac
1412 2012 1444 2032 ea
1462 2001 1567 2031 faciatis
1581 2001 1615 2031 ὃς
1630 2002 1807 2037 exequarmni
1828 2002 1856 2030 in
1871 2002 1965 2032 forma
1980 2004 2122 2040 praedieta.

1300 2039 1412 2071 Damus
1429 2048 1522 2071 autem
1539 2038 1670 2069 univerlis
1689 2039 1722 2068 ὃς
1737 2038 1846 2077 lingulis
1861 2062 1870 2077 ‚
1896 2051 2015 2078 quorum
2041 2042 2154 2073 interest
2171 2066 2180 2081 ,
2205 2044 2321 2078 Tenore

1262 2077 1462 2117 Praesentium,
1480 2077 1594 2107 firmiter
1609 2078 1639 2107 in
1655 2075 1797 2107 Mandatis
1811 2078 1889 2115 quod
1905 2080 2005 2118 vobis,
2024 2081 2053 2109 in
2069 2084 2233 2113 executione
2242 2084 2320 2115 Prae-

1261 2117 1414 2187 ί11111110111111
1429 2140 1438 2157 ,
1461 2115 1639 2147 Intendentes
1658 2115 1710 2146 sint
1724 2138 1734 2154 ,
1762 2115 1945 2149 Consulentes
1960 2141 1969 2157 ,
1996 2120 2029 2150 ὃς
2044 2119 2214 2151 Auxiliantes
2236 2130 2319 2161 prout

1281 2164 1352 2187 ecee

1297 2194 1333 2226 In
1351 2195 1445 2233 cu'us,
1464 2194 1526 2226 &c.

1330 2233 1378 2266 Te
1404 2244 1420 2265 e
1435 2233 1519 2272 Rege
1534 2232 1607 2272 apud
1625 2231 1901 2274 Westmonasterium,
1918 2235 1965 2266 xix
1983 2235 2029 2267 die
2043 2236 2122 2274 Julii.

2010 2313 2064 2343 Per
2077 2313 2160 2353 ipficm
2177 2316 2285 2354 Regem]

2214 2402 2311 2410 Ἢ
2332 2399 2336 2402 ·

1534 2457 1583 2490 De
1606 2454 1789 2499 Restitutione
1801 2455 2031 2501 Temporalium.

1259 2541 1379 2596 REX
1397 2541 1537 2573 Escaetori
1553 2541 1602 2572 suo
1616 2542 1645 2570 in
1661 2539 1809 2570 Comitatu
1824 2539 2012 2572 Gloucestriae
2027 2553 2061 2573 ac
2077 2543 2217 2576 Marchiae
2234 2546 2320 2578 Wal-
2340 2545 2415 2578 Arm.
2428 2547 2469 2579 D·

1331 2581 1377 2611 liae
1392 2581 1485 2610 eidem
1501 2579 1662 2610 Comitatui
1678 2578 1843 2616 adjacentis,
1861 2579 1996 2610 Salutem.
2365 2587 2451 2626 1408.

1297 2619 1381 2650 Cum
1396 2619 1540 2649 Dominus
1555 2621 1674 2647 Sammur
1688 2616 1822 2655 Pontifex
1838 2640 1848 2655 ,
1873 2628 1960 2655 nuper
1979 2629 2096 2651 vacante
2117 2621 2245 2653 Ecclefifi
2260 2622 2318 2654 Ca—
2338 2629 2389 2652 An.
2408 2632 2438 2661 9.

1258 2658 1377 2690 thedmli
1401 2657 1572 2694 Bangorenli
1585 2680 1595 2695 ,
1621 2655 1714 2686 eidem
1739 2655 1872 2686 Ecclefiae
1895 2657 1929 2686 de
1954 2656 2090 2698 Persona,
2107 2661 2203 2690 dileeli
2223 2663 2321 2701 nobis,
2337 2668 2371 2691 H
2390 2674 2418 2698 4.

1256 2697 1399 2728 Benedidli
1416 2695 1505 2725 Elem
1523 2691 1698 2732 Bangorenfis
1722 2693 1876 2731 providerit
1891 2717 1901 2733 ,
1926 2695 2072 2734 ipsumque
2089 2699 2118 2727 in
2142 2699 2319 2737 Episcopum
2376 2702 2442 2730 lbid.

1253 2737 1334 2768 ‘Loci
1350 2735 1420 2765 illius
1436 2733 1592 2772 praefecerit
1609 2735 1642 2764 δε
1659 2731 1824 2769 Pastorem,

1294 2775 1376 2805 Sicut·
1386 2783 1434 2811 per
1452 2772 1557 2803 Literas
1571 2772 1686 2802 Bullitas
1700 2771 1780 2807 ipiius
1794 2770 1920 2805 Domini
1936 2771 2050 2803 Summi
2065 2773 2230 2815 Pontificis,
2248 2776 2320 2814 Νο,Ἰ

1256 2815 1299 2845 bis
1314 2812 1380 2843 inde
1396 2812 1529 2850 diree‘tas,
1547 2811 1629 2841 nobis
1644 2810 1768 2846 constat,

1293 2852 1362 2884 Nos

1274 2891 1279 2893 Α
1293 2891 1352 2922 Pro
1367 2873 1401 2919 eo
1416 2887 1496 2928 quod
1511 2887 1588 2930 idern
1603 2886 1715 2930 Eleqstus
1728 2887 1866 2917 omnibus
1882 2888 1915 2918 &
1925 2887 2038 2925 lingulis
2053 2889 2162 2928 verbis,
2180 2891 2265 2923 nobis
2277 2893 2310 2924 ὃς

1256 2931 1383 2962 Coronae
1399 2927 1502 2958 nostrae
1518 2925 1775 2964 praeJudlcmhbus‚
1794 2926 1821 2955 in
1835 2926 1918 2956 dietis
1940 2926 2042 2957 Literis
2059 2927 2168 2959 Bullatis
2183 2930 2315 2962 Conten.

1254 2972 1302 3008 tis,
1321 2976 1419 2998 coram
1434 2966 1518 2996 nobis
1533 2965 1624 3002 palam
1639 2964 1672 2994 ὅ(
1686 2964 1808 3003 expresse
1826 2964 2015 2995 Renunciavit
2027 2986 2037 3003 ,
2056 2968 2089 2997 ὃς
2105 2969 2199 3006 gratiae
2211 2969 2314 3002 nostrae

1253 3006 1393 3041 humiliter
1408 3003 1435 3034 se
1448 3003 1591 3041 submilit,
1611 3001 1670 3037 &a
1688 3010 1720 3031 ut
1734 3005 1763 3031 in
1771 3001 1902 3042 similibus
1921 3003 1952 3032 de
1966 3003 2138 3043 Restitutione
2154 3008 2268 3037 Literis.

1291 3044 1380 3078 Teste
1394 3042 1479 3081 Rege
1499 3040 1573 3080 apud
1588 3040 1862 3080 Wstmonasterium,
1881 3042 1934 3080 xxij
1952 3041 1997 3072 die
2008 3042 2085 3081 Jtilii.

1813 3120 1867 3148 Per
1885 3120 1978 3149 Breve
1994 3120 2026 3149 de
2041 3118 2162 3150 Privato
2179 3120 2280 3161 Sigillo„

1254 3206 1424 3244 Confimilia
1442 3203 1542 3238 Brevia
1563 3200 1719 3244 diriguntur
1736 3203 1930 3234 Escaetoribus
1952 3204 2125 3244 subscriptis,
2144 3204 2198 3236 sub
2215 3207 2316 3239 eadem

1654 3242 1746 3281 Data,
1764 3242 1914 3281 videlicet,

1291 3326 1432 3367 Efiaetori
1445 3325 1522 3361 Regis
1542 3324 1572 3352 in
1592 3323 1662 3350 Com.
1681 3318 1824 3359 Herefhrd.
1851 3330 1883 3349 ac
1897 3319 2007 3350 March.
2027 3319 2115 3350 Wall.
2134 3318 2217 3350 eidem
2236 3325 2312 3353 Com.'

1293 3366 1529 3448 Essssgffzpitegis
1548 3402 1577 3429 in
1594 3402 1666 3429 Com.
1685 3396 1775 3436 Salop.
1790 3408 1822 3426 ac
1834 3396 1943 3427 March.
1962 3398 2006 3427 W
2006 3395 2054 3427 all.
2072 3396 2155 3427 eidem
2172 3401 2244 3429 Com.
2262 3397 2313 3435 adq

1323 3452 1416 3481 jacen.

1291 3518 1329 3549 Et
1346 3515 1519 3547 Mandatum
1537 3512 1577 3546 est
1596 3509 1755 3551 Militibus,
1775 3512 1840 3545 &c.

1342 3653 1400 3684 Pro
1420 3647 1600 3696 quibusdam
1619 3646 1656 3680 de
1672 3650 1772 3680 Scotia
1789 3650 1820 3679 in
1839 3646 1991 3693 Angliam
2009 3648 2202 3682 venientibus.

1258 3733 1400 3792 REX,
1418 3744 1466 3774 per
1485 3733 1589 3763 Literas
1604 3731 1660 3763 suas
1674 3731 1818 3770 Parentes,
1835 3731 1919 3770 usque
1934 3732 1967 3763 ad
1988 3732 2089 3762 festum
2112 3731 2208 3762 Saneti
2223 3730 2305 3762 Mar-
2323 3723 2400 3759 Arm.
2416 3728 2460 3761 D.

1335 3775 1385 3803 tini
1402 3773 1537 3811 proximo
1553 3771 1680 3802 futurum
1693 3770 2008 3809 duraturas‚suscepitin
2017 3770 2120 3800 salvum
2130 3770 2162 3799 &
2176 3770 2305 3800 securum
2344 3767 2432 3805 1408.

1258 3811 1449 3842 Conduetum
1465 3811 1563 3848 suum,
1581 3819 1615 3840 ac
1629 3811 1659 3839 in
1673 3809 1884 3839 Protetffionem
1899 3832 1910 3847 ,
1934 3810 2120 3845 Tuitionem,
2139 3808 2171 3836 &
2198 3807 2307 3839 Defen-
2324 3809 2374 3834 An.
2390 3816 2418 3840 9-

1259 3851 1366 3881 fionem
1380 3849 1436 3880 suas
1448 3848 1593 3887 speciales,
1611 3848 1715 3878 David
1730 3847 1827 3877 Filium
1851 3846 1889 3882 ὠ·
1907 3847 2048 3876 Haerea'em
2061 3849 2169 3874 Comitis
2192 3846 2224 3875 de
2240 3850 2307 3876 Cat-
2324 3849 2358 3871 H.
2375 3856 2405 3882 4,

1258 3887 1345 3927 neffi’,
1363 3887 1521 3926 Johannem
1533 3888 1667 3924 Stywara'
1678 3886 1820 3923 Fratrem,
1842 3886 1958 3924 Mordyk
1973 3882 2041 3922 Fyf,
2065 3883 2163 3912 Filium
2177 3887 2260 3913 Ducis
2276 3886 2310 3915 de
2326 3886 2432 3916 Scot.9.'

1259 3926 1405 3964 Albania,
1423 3924 1571 3956 Comitem
1583 3924 1617 3955 de
1629 3924 1761 3963 Bughom
1775 3946 1784 3962 ‚
1809 3926 1962 3961 Patrycium
1984 3925 2084 3960 Gaeaym
2102 3921 2254 3953 Comitem
2273 3925 2309 3954 de
2324 3925 2358 3951 H.
2379 3921 2458 3961 4.m‚'

1260 3964 1419 4002 Strathern,
1437 3965 1471 3996 &
1487 3962 1682 3993 Alexandrum
1703 3963 1735 3992 de
1748 3965 1848 4000 Graym
1876 3961 1975 3990 Filium
1991 3962 2024 3991 &
2041 3960 2184 3991 Heredem
2199 3964 2310 3992 Domini
2325 3968 2351 3987 2·

1259 4004 1291 4033 de
1306 4004 1426 4042 Graym,
1441 4002 1477 4032 de
1492 4002 1602 4038 Scotia,
1622 4011 1691 4032 curn
1712 4000 1904 4038 Quadraginta
1918 3998 2043 4028 Personis
2058 4000 2087 4028 in
2096 3996 2309 4040 Comitivasua,

1263 4043 1295 4072 &
1313 4051 1416 4071 eorum
1438 4039 1535 4070 Rebus
1548 4062 1558 4078 ,
1583 4039 1687 4077 Bonis,
1713 4038 1738 4068 E
1760 4039 1799 4068 uis
1815 4039 1847 4067 &
1863 4036 2002 4079 Hernenis
2020 4037 2245 4076 quibuscumque
2279 4041 2310 4069 in

1770 4075 1857 4112 astra,
1876 4074 1959 4106 villas
1976 4074 2111 4109 firmatas,
2131 4075 2166 4107 ὃ(
2178 4076 2228 4107 3113
2267 4087 2314 4106 or-

1742 4113 1762 4144 S
2227 4114 2324 4157 talitia,
