2562 4274
760 154 881 196 ET
962 152 1226 194 ACTA
1311 150 1791 192 PUBLICA.

20 242 146 277 'Anno
164 246 228 277 liers
243 248 252 284 ζ
270 245 303 278 &
325 241 528 275 Chambellans
543 263 552 277 ,
578 239 697 271 Maistre
716 239 817 269 Robert
835 239 868 268 de
888 237 1012 268 Tuilliers
1026 262 1037 276 ,
1054 237 1088 268 &
1106 236 1221 267 Maistre

41 290 122 320 1417·
166 288 268 316 Gouter
281 282 353 320 Coll,
372 290 431 311 11οΖ
447 278 640 315 Conseilliers,
660 279 693 308 &
708 277 827 307 Primier
840 277 1008 313 Secretaire,

2272 158 2322 197 ²7

1266 245 1325 272 quo
1339 237 1432 266 minus
1446 243 1538 266 teneat
1550 236 1583 265 Sc
1599 235 1746 272 possideat,
1763 234 1854 272 quoad
1870 232 1984 270 vixerit,
2001 239 2085 271 prout
2099 240 2176 262 tenet
2189 232 2222 261 &
2238 229 2322 267 possi—
2339 228 2413 258 Ann.
2425 226 2468 257 D.

1265 275 1312 304 det
1326 274 1362 303 de
1377 274 1519 311 praesenti,
1537 272 1685 302 Coronam
1701 275 1732 303 ἅ
1748 273 1924 311 Dignitatem
1948 271 2089 306 Regale-in
2114 270 2213 305 Regni
2236 269 2322 298 Fran-
2359 274 2442 305 1417.

21 327 82 350 Hen-
100 330 128 357 5.

23 1558 41 1579 ⁸⁸
62 1560 115 1590 lx:

24 1606 92 1633 52¹·

205 322 315 354 Yceulx
330 318 486 356 ensemble,
502 319 535 348 &
552 317 589 347 les
603 317 668 353 Six,
687 315 821 353 Cinque,
840 315 965 352 Quatre,
983 314 1115 344 ouTrois
1129 312 1222 343 d'eulx

167 372 204 392 en
219 360 354 391 l'absence
369 357 416 387 des
430 366 535 393 3111163,
554 365 641 385 avons
655 354 825 391 Ordormes,
846 352 997 389 Comisez,
1017 354 1050 384 ὃς
1070 352 1221 389 Deputez,

167 400 360 433 OrdonnonS,
378 395 601 430 Commettons,
620 394 653 424 ὃς
675 391 847 429 DeputonS,
866 401 913 429 par
934 392 959 421 13
980 391 1095 421 Teneur
1116 390 1152 420 de
1175 399 1221 419 ces

166 437 324 472 presentes,
344 444 416 471 pour
429 434 462 464 &
477 443 516 463 ou
533 432 604 462 Lieu
618 431 653 460 de
668 430 771 466 Nous,
790 439 861 467 pour
873 429 1021 460 affembler
1037 438 1106 459 avec
1127 426 1222 457 nostre

165 476 209 506 dit
222 472 394 511 Adversaire
409 470 613 508 d'Engleterre,
629 479 667 499 ou
680 478 725 498 ces
741 467 821 498 Gens
834 468 950 498 comises
965 469 998 498 &
1010 467 1133 504 deputez
1140 467 1222 503 depar

166 514 222 550 lui,
238 514 312 543 aians
332 510 491 541 souffisaunt
511 508 620 538 Pouoir
640 507 676 536 de
698 505 793 536 nostre
814 506 854 536 dit
878 506 1060 543 Adversaire,
1077 515 1113 534 en
1127 504 1221 543 quelx-

169 560 296 589 conques
318 548 421 586 Villes,
441 546 626 581 Chasteaulx,
645 545 750 581 Lieux,
769 546 802 575 ἃ
823 545 913 583 places
936 545 971 574 de
992 543 1088 573 nostre
1113 542 1222 572 Roiau-

167 597 232 628 me,
248 598 321 626 pour
336 596 458 624 vacquer
471 587 504 616 ὃς
515 583 650 614 entendre
663 583 827 621 diligement
839 593 890 613 aux
913 592 992 621 grans
1013 583 1098 612 bienx
1118 580 1223 611 (1611113-

168 628 231 666 diz,
251 628 285 658 &1
299 636 370 664 pour
384 625 531 662 parvenit,
551 630 724 661 moyennant
739 621 763 651 la
778 630 860 659 grace
872 621 908 651 de
923 621 1000 651 Dieu
1020 620 1115 649 nostre
1136 618 1224 648 Crea-

168 674 252 703 tour,
278 676 293 695 a
315 665 412 694 bonne
433 662 502 691 Paix
517 683 526 698 ,
543 660 737 698 Transquillite
752 683 761 697 ,
781 661 894 691 Amour
909 682 918 698 ,
937 661 969 691 &
995 657 1118 688 Alliance
1144 665 1222 688 entre

169 704 259 735 Nous
274 703 308 734 &
322 701 419 732 nostre
433 699 475 730 dit
489 699 649 730 Adversaire
657 721 666 737 ,

209 742 248 773 Et

206 764 285 811 Poiir
297 789 331 809 ce
346 788 416 817 que,
434 787 486 808 eue
501 776 713 808 consideracion
725 786 741 806 a
756 775 781 805 la
794 773 946 805 Grandeur
959 772 1013 803 dez
1025 771 1093 814 dites
1113 771 1223 801 matiers

168 819 203 850 &
215 818 385 856 besongnes,
403 815 696 848 vraisemblablement
713 813 878 845 convendra
891 813 988 843 avoire
1008 810 1119 848 pluiiers
1136 809 1225 847 Jour-

171 866 254 894 11665,
273 855 447 893 Assembles‚
464 855 497 885 δε
514 853 625 891 Delais,
831 889 836 894 .
971 888 975 893 ,
992 888 996 892 ,
1148 885 1153 890 “

205 895 242 926 Et
255 904 270 924 a
285 895 309 925 F
310 895 339 924 in
354 904 410 933 que
424 894 462 924 les
475 892 572 923 choses
587 891 742 922 dessusdites
756 887 910 927 sepuiffent
926 887 1225 918 traitier&cont1nuer

170 933 328 964 seurement
344 933 376 963 &
391 943 425 962 en
440 931 501 969 plus
516 931 634 961 amiable
648 929 784 959 affeffion
794 951 803 966 ,

209 971 381 1003 Deffusdites
403 969 532 1000 Comises
552 969 586 999 δι’
607 967 752 1005 Deputes,
767 977 805 996 ou
824 973 876 995 aux
899 963 947 994 six
983 963 1079 1001 Cinq,
1099 963 1226 1000 Qatre,

172 1021 214 1041 ou
235 1010 321 1040 Trois
342 1009 452 1046 d'eulx,
472 1007 544 1045 plain
567 1005 691 1043 Pouoir,
710 1005 876 1040 Audiorite,
894 1004 927 1033 ὃ(
950 987 1136 1032 Mandemetit
1151 1001 1227 1043 espe-

174 1049 246 1087 cial,
262 1049 297 1079 de
312 1048 433 1085 traitier,
451 1045 589 1084 prendre,
607 1045 641 1075 ὃς
656 1043 790 1074 accorder
805 1052 873 1072 avec
890 1040 985 1083 nostre
1001 1041 1041 1071 dit
1063 1039 1226 1070 Adversaire

173 1087 430 1126 d'Englererre‚ou
444 1085 483 1114 fies
496 1082 719 1120 Comises,aians
732 1082 840 1111 Pouoir
856 1079 975 1110 suflisant
987 1079 1072 1117 depar
1090 1079 1145 1116 lui,
1162 1086 1227 1107 tou-

174 1133 216 1156 tes
228 1126 364 1155 manieres
377 1123 413 1154 de
420 1123 544 1158 Treues,
562 1121 727 1159 generaulx,
746 1130 785 1150 ou
799 1119 985 1158 particuliers,
1004 1128 1039 1147 en
1048 1116 1132 1154 Mer,
1151 1117 1227 1147 &en

173 1163 282 1201 Terre,
301 1164 335 1194 &
349 1172 386 1192 en
401 1161 456 1191 telz
469 1161 539 1190 Paiis
552 1160 585 1190 &
599 1159 781 1190 Limitations
791 1181 800 1195 ,
815 1168 851 1187 en
865 1155 949 1193 Mer,
966 1157 999 1186 &
1020 1166 1056 1186 en
1069 1155 1177 1191 Terre,
1194 1154 1227 1184 &

171 1211 188 1231 a
203 1202 222 1232 si
242 1201 310 1239 long
323 1210 362 1230 ou
384 1199 461 1230 brief
475 1208 584 1236 temps,
601 1207 688 1228 come
707 1197 767 1226 bon
782 1196 842 1226 leur
859 1194 1009 1231 semblera,
1028 1203 1100 1231 pour
1120 1192 1208 1222 Nous
1219 1212 1228 1228 ,

171 1239 249 1270 Noz
261 1239 411 1278 Royame,
428 1237 516 1275 Paiis,
533 1237 663 1275 Subgez,
681 1236 714 1265 δε
733 1234 889 1273 Seignuries
904 1257 914 1270 ,
932 1232 1022 1262 Amiz
1036 1255 1045 1270 ,
1065 1231 1154 1262 Alliez
1167 1253 1177 1268 ,
1195 1232 1228 1261 &

170 1276 373 1314 Bienveillans,
389 1277 459 1307 deca
479 1276 513 1306 &
533 1275 593 1305 dela
614 1275 639 1304 la
660 1273 745 1310 Mer,
761 1272 845 1302 d’une
858 1281 935 1309 part,
954 1270 1039 1314 &les
1048 1269 1230 1313 Royaumes,

171 1314 265 1354 Paris,
285 1315 412 1353 Subgez,
430 1316 463 1346 &
477 1314 652 1351 Seigneuries
675 1312 885 1350 quelxconques
900 1331 910 1347 ,
929 1308 1017 1338 Amiz
1029 1331 1037 1345 ,
1058 1309 1151 1338 Alliez
1167 1331 1176 1344 ,
1195 1309 1228 1338 &

175 1353 377 1391 Bienveillans,
394 1354 464 1383 deca
478 1355 511 1384 &
523 1351 584 1382 dela
600 1351 624 1381 la
640 1350 724 1386 Mer,
741 1349 776 1380 de
794 1347 890 1378 nostre
904 1347 945 1377 dit
959 1346 1118 1377 Adversaire
1137 1346 1230 1376 d'An-

173 1392 312 1430 gleterre,
330 1391 435 1423 d'autre
449 1400 527 1429 part,
544 1399 592 1428 par
603 1397 700 1420 toutez
708 1386 890 1418 honeurables
902 1386 979 1417 voies
993 1385 1026 1415 δε
1041 1394 1166 1416 maneres
1175 1395 1229 1423 que

176 1430 244 1461 faire
258 1430 286 1460 se
301 1440 398 1469 purra,

211 1468 249 1499 Et
265 1469 301 1499 de
313 1468 405 1499 icelles
419 1466 546 1504 Treues,
564 1476 612 1504 par
623 1465 688 1496 eulz
702 1464 783 1502 pristes
799 1465 832 1495 &
848 1461 1002 1500 accordeS,
1019 1462 1085 1492 faire
1099 1461 1181 1492 Crier
1196 1462 1229 1493 &

175 1505 307 1544 Publier,
326 1507 411 1544 depar
425 1505 530 1542 Nous,
547 1503 780 1541 solempnelment
792 1512 840 1539 par
853 1511 915 1532 tout
930 1501 949 1530 il
961 1500 1155 1538 appartendra,

214 1546 234 1565 ’Κ
253 1545 292 1575 Et
304 1545 381 1585 auffy
392 1544 429 1574 de
447 1543 609 1580 ordonner,
629 1541 772 1578 instituet,
791 1542 825 1572 &
844 1547 1033 1576 commettre,
1051 1549 1122 1576 pour
1141 1538 1230 1569 Nous

175 1583 209 1614 δε
223 1593 258 1613 611
272 1583 368 1614 nostre
382 1582 495 1619 Noun,
514 1591 561 1619 par
574 1582 645 1611 leurs
660 1580 784 1618 Lettres,
803 1579 921 1609 certains
938 1577 1095 1615 Gardeins,
1105 1575 1230 1607 Conser-

173 1630 299 1659 vateurS,
314 1622 348 1652 &
358 1621 448 1660 Juges
462 1619 584 1650 d’icelles
596 1619 721 1656 Treucs,
738 1627 787 1654 par
800 1618 864 1647 eulx
877 1615 950 1656 ainsy
973 1616 1068 1654 prises,
1087 1625 1123 1645 en
1146 1616 1230 1653 Mer,

174 1661 209 1692 &
223 1670 259 1690 en
271 1660 382 1697 Terre,
399 1658 554 1698 generales,
573 1667 613 1688 ou
629 1657 831 1694 particulieres,
850 1664 936 1685 come
952 1654 992 1684 dit
1006 1654 1063 1692 est,
1082 1654 1137 1684 telz
1153 1655 1227 1684 &en

174 1698 213 1729 tel
225 1699 346 1728 nombre
359 1707 445 1728 come
458 1697 518 1726 bon
534 1695 593 1726 leur
608 1695 743 1725 semblera
757 1703 828 1732 pour
844 1694 868 1722 la
882 1693 968 1723 seurre
990 1693 1023 1723 &
1043 1702 1230 1730 permanence

171 1737 293 1768 d'icelles
307 1737 435 1774 Treues,
453 1736 486 1765 &
500 1744 572 1771 pour
587 1733 722 1764 duement
736 1732 909 1768 Reformer,
928 1730 1226 1770 Corriger,Reparer,

170 1776 206 1806 δί
224 1774 370 1806 Amender
387 1782 451 1805 tout
468 1783 502 1803 ce
521 1774 568 1810 qui
585 1781 686 1803 contre
703 1772 728 1801 la
744 1770 862 1801 Teneur
879 1769 999 1800 d⁷icelles
1023 1767 1132 1800 Treues
1146 1793 1155 1808 ,
1180 1780 1230 1807 par

172 1813 236 1844 eulx
253 1814 315 1843 ains
343 1813 431 1851 prisez
446 1835 455 1850 ,
473 1812 563 1841 auroit
582 1810 639 1841 este
657 1821 696 1840 ou
715 1810 812 1840 fierroit
828 1808 878 1840 fait
895 1818 934 1838 ou
951 1816 1090 1847 attempt,
1107 1818 1144 1838 en
1161 1808 1230 1838 Mer

171 1862 212 1883 ou
230 1862 265 1882 en
312 1862 390 1888 erre,
412 1860 448 1881 en
466 1859 574 1880 aucune
593 1850 732 1886 maniere,

211 1890 250 1921 Et
264 1913 274 1928 ,
291 1900 360 1920 avec
379 1899 413 1919 ce
427 1911 437 1926 ,
455 1888 514 1918 leur
532 1897 620 1918 avons
636 1887 732 1917 donne
746 1909 755 1925 ,
772 1887 806 1917 &
823 1886 956 1917 donnons
970 1909 979 1923 ,
1005 1895 1053 1923 par
1069 1886 1095 1916 la
1112 1885 1231 1917 Teneur

172 1927 210 1959 de
227 1938 273 1959 ces
292 1928 460 1964 Presentez,
474 1926 545 1963 plain
564 1926 673 1957 Pouoir
684 1948 694 1963 ,
713 1925 878 1962 Aucstorite,
896 1925 930 1955 &
950 1923 1141 1955 Mandement
1156 1925 1232 1962 espe-

175 1966 228 1997 cial
242 1989 252 2004 ,
269 1966 306 1996 de
324 1966 434 1996 donner
454 1966 541 2002 bons,
557 1964 650 2003 seurs,
667 1965 702 1995 &
718 1963 818 1994 loiaulx
836 1962 897 1993 sauf
907 1962 1037 1993 Conduis
1050 1986 1059 2000 ,
1076 1973 1124 2001 par
1144 1962 1231 2001 Mer,

173 2006 208 2036 ὅ(
226 2015 276 2042 pat
293 2005 402 2042 Terre,
420 2012 469 2040 par
485 2003 556 2033 leurs
574 2002 698 2040 Lettres,
718 2012 753 2033 en
775 2002 880 2032 Forme
895 2001 980 2038 deue,
1001 2001 1088 2032 seelles
1106 2001 1142 2031 de
1159 2002 1231 2032 leurs

174 2042 275 2074 Seaulz
288 2065 298 2081 ,
321 2053 338 2073 a
354 2050 451 2073 toutez
477 2040 630 2071 Parsonnes
653 2050 709 2079 que
730 2040 826 2070 nostre
850 2040 891 2070 dit
910 2040 1074 2070 Adversaire
1088 2039 1233 2071 vouldroit

173 2089 347 2112 cominettre
361 2082 395 2112 ὃς
410 2080 555 2110 ordonner
568 2080 647 2109 venir
667 2079 763 2110 devers
784 2088 873 2115 nous,
889 2089 928 2108 ou
946 2078 1053 2108 ailleurs
1077 2087 1113 2107 en
1136 2079 1232 2109 nostre

174 2119 344 2158 Royaume,
362 2119 397 2150 de
413 2118 534 2157 quelque
548 2117 626 2149 Estat
641 2118 727 2157 qu'ilz
741 2117 847 2155 soient,
862 2126 880 2156 y
894 2116 1061 2154 demourer,
1079 2116 1232 2155 sejourner,

175 2159 211 2190 &
231 2166 377 2188 retourner
397 2158 552 2187 seurement
571 2157 604 2187 &
626 2156 802 2195 sauvement‚
821 2165 894 2193 pour
915 2155 1049 2186 occasion
1065 2154 1178 2187 Amour
1199 2157 1232 2187 &

174 2196 303 2227 Alliance
317 2196 352 2228 de
367 2196 392 2226 la
405 2195 473 2226 Paix
488 2195 523 2226 de
539 2194 627 2226 Nous
642 2196 676 2227 ὅτ,
689 2194 725 2225 de
739 2195 793 2233 lui,
809 2193 870 2229 &c.

177 2272 369 2334 HEnricur
383 2296 393 2311 ,
411 2273 471 2303 Dei
488 2272 575 2311 gratia
588 2296 597 2311 ,
617 2275 676 2302 Rex
694 2275 816 2301 Franciae
837 2270 875 2306 (ᾤ’
899 2271 1010 2309 Angliae
1025 2294 1034 2309 ,
1052 2271 1085 2302 &
1104 2274 1233 2301 Dominus

179 2351 200 2383 S
217 2351 225 2381 1
271 2312 431 2350 Hiberniae,
448 2312 600 2350 omnibus,
616 2311 651 2341 ad
667 2321 738 2349 quos
750 2309 899 2348 praesentes
911 2310 1014 2341 Literae
1037 2311 1236 2349 pervenerint,

202 2362 216 2382 a
227 2359 315 2382 utem.

215 2389 300 2420 Licet
323 2388 357 2419 ad
377 2388 582 2426 compescenda
603 2387 700 2426 Mala,
718 2398 783 2426 quae
803 2386 981 2426 praedolenda
995 2386 1136 2418 Bellorum
1153 2385 1236 2416 Cala-

178 2429 278 2467 miras,
296 2429 367 2458 inter
383 2427 475 2457 inclita
490 2428 513 2457 F
515 2429 616 2457 ranciae
631 2429 665 2458 δε
687 2427 799 2465 Angliae
821 2426 943 2463 Regna,
958 2436 973 2455 a
995 2426 1060 2464 diu,
1079 2425 1167 2463 proch
1181 2424 1236 2455 do-

179 2466 237 2496 lor!
258 2466 376 2504 versata,
394 2474 464 2496 totae
481 2464 662 2496 Cristianitati
675 2466 824 2503 produxit,
844 2464 1078 2494 nostrahactenus
1088 2462 1235 2494 solicitudo

177 2514 239 2534 non
254 2503 391 2541 defuerit3
410 2503 456 2534 sed
470 2504 504 2533 ad
518 2504 546 2534 id
567 2503 792 2539 totisdesideriis
813 2513 927 2539 operam
950 2502 1076 2532 adhiberi
1098 2502 1238 2532 curaveri-

177 2552 242 2573 mus
261 2542 425 2572 indefessam
441 2554 451 2579 ς
470 2552 534 2579 quae
558 2551 652 2572 tamen
666 2564 676 2580 ,
695 2542 791 2572 Satore
815 2541 944 2572 Zizaniae
957 2563 966 2578 ,
988 2540 1066 2570 Pacis
1089 2539 1213 2570 AEmulo
1227 2562 1237 2578 ,

177 2589 364 2620 procurante,
384 2579 531 2610 Effedmm
547 2580 690 2618 hucusque
704 2580 801 2610 sortire
816 2586 960 2617 nequeunt
972 2587 1120 2616 optatum,

217 2619 259 2650 Ea
279 2627 373 2650 tamen
394 2618 453 2649 Res
476 2618 582 2649 nostrae
602 2618 711 2649 Mentis
723 2626 840 2648 conatus
854 2616 986 2655 pacificos
1000 2617 1104 2647 ebetari
1117 2626 1176 2646 non
1189 2626 1237 2646 va-

179 2656 234 2695 let,
251 2659 336 2696 quin,
351 2666 386 2687 ex
399 2657 485 2687 causis
497 2658 691 2695 praerecitatis,
712 2657 745 2687 &
761 2657 910 2694 praesertim
931 2656 965 2685 ad
987 2655 1155 2685 effusionem
1174 2654 1240 2684 Cri—

181 2695 264 2726 stiani
277 2696 424 2734 Sanguinis
439 2695 616 2733 evitandam,
637 2705 670 2725 ac
683 2695 762 2725 Pacis
776 2695 882 2733 semper
897 2701 999 2731 optatae
1013 2693 1144 2723 Bravium
1166 2702 1240 2723 con-

179 2734 370 2803 seqsuendum,
387 2733 435 2771 spe
449 2734 587 2773 simulque
600 2733 736 2765 desiderio
749 2734 869 2764 feramur
884 2741 969 2770 atque
982 2741 1127 2763 curramus
1139 2732 1241 2762 incon-

180 2782 218 2803 cu
229 2783 273 2802 se:

221 2811 311 2850 Quia,
331 2819 365 2841 ex
381 2809 500 2841 credulis
512 2810 660 2849 relatibus,
679 2821 732 2849 pro
746 2819 824 2848 parte
839 2808 1013 2841 Sereniffimi
1029 2809 1168 2846 Principis
1176 2811 1240 2839 Ka-

179 2849 232 2880 roli
248 2850 439 2889 Confimguinei
452 2848 533 2888 nostri
545 2852 686 2887 Franciae,
702 2849 890 2879 informamur
913 2848 994 2887 quod
1014 2848 1090 2878 idem
1113 2847 1241 2878 Consan-

181 2889 298 2926 guineus
318 2887 430 2924 noster,
448 2887 532 2918 Pacis
554 2887 653 2917 salubri
675 2887 805 2917 Consilio
826 2897 914 2925 nuper
936 2896 1005 2916 cum
1019 2886 1069 2917 suis
1081 2886 1196 2923 habito,
1214 2886 1242 2916 se

183 2927 248 2956 totis
261 2927 368 2958 viribus
383 2926 505 2963 disponit
517 2924 551 2955 ad
566 2925 731 2963 praedictam
754 2924 860 2956 Pacem
883 2925 1009 2962 finalem,
1030 2925 1083 2955 toti
1097 2923 1243 2954 Cristiani-

184 2965 232 2994 tati
254 2965 271 2995 ὲ
291 2965 385 2997 multis
404 2964 580 3002 expectatam
602 2964 777 3002 temporibus
793 2986 803 3001 ,
819 2963 969 2993 nobiscum
991 2962 1241 3001 componendam,

184 3010 286 3039 optans
298 3012 329 3033 ut
340 3003 373 3033 ea
385 3002 421 3032 de
435 3001 518 3033 causa
531 3001 668 3041 quosdam
681 3002 717 3032 de
730 3001 831 3032 nostris
844 3002 878 3032 ad
891 3001 946 3032 suae
960 3002 1131 3039 praesentiam
1147 3002 1243 3032 mitte-

185 3049 299 3083 remus,
318 3050 365 3077 per
388 3050 458 3078 quos
479 3040 515 3071 de
537 3040 641 3071 nostrae
664 3041 766 3071 mentis
784 3040 940 3070 intentione
958 3039 1046 3077 finali,
1065 3040 1093 3068 in
1110 3039 1242 3078 Negotio

189 3077 269 3108 Paeis
281 3078 439 3115 praedidkae,
456 3078 545 3109 valeat
558 3080 719 3117 certiorari,
739 3080 773 3110 ὃς
788 3088 855 3109 611111
870 3077 972 3108 eisdem
992 3077 1126 3116 11361316,
1144 3088 1245 3115 proce-

186 3115 323 3185 deffip&
338 3117 483 3184 pffsvenioe
495 3116 529 3147 ad
544 3115 770 3148 Conclusionem
785 3116 898 3148 finalem
914 3117 944 3145 in
958 3115 1078 3154 eodem,

259 3164 338 3184 circo
390 3163 439 3192 os,

225 3193 276 3223 De
297 3192 439 3223 Fidelitate
451 3216 460 3229 ,
481 3191 760 3231 Circumspeffione,
778 3195 812 3225 ὃς
831 3193 987 3231 Industria,
1005 3192 1189 3223 Diledtorum
1212 3194 1246 3224 &

192 3231 332 3262 Fidelium
353 3230 518 3261 nostrorum
534 3255 544 3268 ,
566 3231 682 3262 Gilberti
702 3232 884 3271 Umframvile
905 3233 1006 3263 Militis
1021 3252 1035 3268 4
1050 3233 1082 3262 &
1104 3231 1245 3271 Johannis

189 3269 305 3300 Botiller
320 3269 462 3308 Armigeri
476 3268 645 3306 Armigeriae
658 3270 779 3309 nostrae,
798 3272 919 3308 plenarie
934 3270 1106 3301 confidentes
1116 3293 1125 3309 ,

225 3308 356 3346 Eisdem,
375 3317 511 3338 eorumve
522 3306 727 3339 Commiffariis
739 3310 769 3338 in
780 3310 813 3339 ea
834 3318 925 3347 parte,
945 3309 990 3339 seu
1014 3308 1179 3347 Deputatis,
1198 3318 1247 3346 ap-

189 3346 305 3385 parendi
319 3347 352 3377 &
364 3345 539 3384 exponendi,
560 3356 612 3382 pro
625 3346 724 3377 Nobis
740 3348 774 3378 &
795 3346 930 3377 Nomine
950 3347 1063 3385 nostro,
1081 3347 1179 3385 quod,
1196 3357 1247 3384 pro

191 3387 272 3416 bono
283 3384 516 3416 desideratiffimae
533 3383 613 3414 Pacis
627 3385 660 3415 &
676 3384 852 3415 Concordiae
866 3385 1044 3424 supradicit-ae,
1063 3386 1095 3416 ὃς
1116 3385 1248 3416 Cristiani

191 3424 337 3462 Sanguinis
350 3423 543 3460 effusione,ut
556 3422 717 3461 praefertur,
735 3423 881 3461 evitanda,
896 3423 1071 3462 sedandaque
1082 3423 1248 3461 tempestate

192 3462 367 3493 Guerrarum
382 3463 453 3493 inter
470 3462 594 3491 Franciae
610 3462 644 3492 &
657 3461 772 3499 Angliae
780 3461 899 3500 Regna,
915 3471 984 3492 cum
998 3463 1118 3500 ejusdem
1131 3461 1248 3492 infausta

193 3500 328 3540 sequela,
346 3500 462 3530 finaliter
473 3500 646 3530 intendimus
661 3501 694 3531 &
709 3500 794 3537 parati
816 3501 909 3530 sumus
929 3500 1120 3539 concordare,
1139 3501 1248 3539 facere,

194 3539 328 3578 implere,
345 3541 379 3571 &
393 3539 539 3570 observare
555 3548 587 3569 ea
602 3547 665 3576 quae
678 3538 848 3576 sequuntur,

230 3615 276 3646 IN
297 3625 468 3653 PRths,
487 3615 567 3654 quod
590 3616 761 3652 accipiemus
782 3615 815 3646 &
835 3615 1002 3646 habebimus
1021 3616 1049 3646 in
1065 3615 1248 3654 Conjugem,

194 3655 433 3691 praeclariffimam
450 3654 595 3692 Puellam,
612 3653 771 3684 Dominam
793 3655 975 3692 Katerinam,
993 3654 1099 3692 praefati
1120 3654 1250 3685 Consan-

196 3693 292 3728 guinei
305 3692 393 3723 nostri
407 3695 440 3724 &
456 3693 644 3723 illustrissimae
652 3691 876 3730 Consanguineus
892 3692 1183 3723 nostraeConthoralis
1192 3692 1247 3722 suae

196 3728 312 3773 Filiam,
328 3731 434 3769 absque
448 3741 534 3762 onere
547 3732 642 3769 aliquo
655 3731 695 3760 ob
710 3730 738 3760 id
755 3730 873 3768 praefatis
887 3730 1122 3769 suisParentibus,
1140 3731 1250 3761 autaliis

197 3767 249 3797 suis
270 3769 493 3837 quibuscumgue
514 3769 623 3800 Amicis
637 3792 647 3807 ,
665 3777 711 3799 aut
731 3767 853 3799 Subditis
872 3767 969 3837 Regini
989 3769 1114 3799 Franciae
1130 3792 1140 3808 ,
1158 3770 1251 3806 impo-

197 3805 313 3848 nendo,
328 3808 361 3837 &
376 3817 434 3844 quo
461 3830 471 3844 ‚
486 3818 535 3845 per
549 3818 615 3838 eum
630 3807 768 3842 modum,
786 3806 915 3844 praefatos
947 3806 1148 3845 llustriffimos,
1167 3806 1251 3838 Con-

198 3842 378 3881 sanguineum
392 3846 425 3876 &
439 3845 707 3884 Consanguineam,
725 3844 881 3876 efficiemus
896 3845 978 3875 nobis
991 3845 1104 3876 Patrem
1125 3847 1159 3878 &
1184 3844 1252 3875 Ma-

199 3889 274 3912 trem
290 3881 417 3924 nostros,
436 3883 601 3914 habebimus
625 3885 658 3915 &
681 3894 733 3922 pro
752 3884 850 3914 talibus
871 3884 1070 3914 venerabimur
1087 3909 1096 3922 ,
1116 3894 1146 3915 ut
1169 3883 1252 3914 decet

200 3928 324 3962 venerari
338 3927 444 3966 tantos,
461 3922 542 3960 tales,
557 3923 592 3953 &
605 3931 665 3960 tarn
685 3921 882 3953 Illustriffimos
904 3921 1065 3960 Principem
1088 3924 1121 3953 ὃς
1142 3922 1254 3952 Ρ111161-

202 3957 318 3995 piffam,
336 3966 406 3994 ymo
421 3968 479 3994 prae
493 3961 604 3991 cunctis
616 3961 672 3991 aliis
686 3960 909 3998 Temporalibus
922 3959 1050 3990 Personis
1062 3960 1176 3994 Mundi,

240 3994 367 4032 ITEM,
385 3995 466 4033 quod
479 4006 539 4027 non
560 3999 747 4036 turbabimus,
766 4009 820 4029 nec
845 3999 1079 4037 inquietabimus,
1096 3999 1142 4029 seu
1163 4000 1255 4035 impe-

203 4033 310 4106 ⁶³32&
324 4033 698 4104 Ξῖῐεέξξιῑῗιῖετεηίίῑηηυω
707 4037 960 4077 Consanguineum
975 4037 1104 4070 nostrum
1117 4037 1255 4075 Franciae,

1265 313 1335 350 cire,
1355 314 1387 343 ὃς
1405 311 1558 347 Redditus,
1578 311 1710 345 Friictus,
1734 311 1932 342 &proventus
1947 309 2084 347 ejusdem,
2102 308 2135 337 ad
2151 307 2323 337 sustentatio-
2341 311 2393 333 Hes
2419 313 2450 339 5.

1265 360 1332 379 nem
1343 351 1381 379 sui
1398 349 1490 380 Status
1506 350 1538 379 &
1555 348 1684 378 Onerum
1698 349 1809 387 Regni·⁷
1828 349 1860 378 &
1881 347 1993 385 praefata
2010 345 2186 376 Serenissima
2194 345 2322 374 Consan-

1265 389 1365 425 guiiiea
1389 388 1499 424 nostra,
1517 386 1697 416 Conthoralis
1717 389 1773 425 ejus
1786 410 1796 423 ,
1812 388 1896 416 etiam
1917 394 2009 415 teneat
2023 409 2031 421 ,
2051 384 2185 422 quamdiu
2204 383 2322 419 vixerit,

1265 424 1375 455 Statum
1391 427 1422 456 ὃ(
1434 426 1614 462 Dignitatem
1625 424 1762 463 Reginae,
1779 434 1847 454 cum
1863 433 1938 460 parte
1956 423 2134 460 praefatorum
2142 420 2322 451 Reddituum

1265 464 1298 494 δι’
1315 464 1526 500 proventuum,
1545 473 1608 500 que
1626 462 1713 492 Statui
1729 464 1762 493 &
1778 460 1914 500 Dignitari
1933 462 1983 490 suis
1998 460 2126 500 congruit
2142 462 2174 491 ὃς
2188 459 2325 497 debetur,

1266 511 1350 540 prout
1364 502 1424 532 aliae
1440 502 1564 539 Reginae
1580 501 1705 530 Francia:
1721 509 1815 530 tenere
1830 500 2034 530 consueverint.

1305 578 1382 615 Qiae
1397 577 1540 608 Praemissa
1552 587 1605 607 nos
1618 576 1831 612 observaturos,
1850 575 1991 612 fadruros,
2010 574 2043 605 δε
2065 574 2229 612 impleturos
2247 571 2322 604 offe-

1266 617 1372 655 rimus,
1400 616 1561 646 dummodo
1581 615 1700 652 Nobis,
1724 625 1774 651 pro
1797 621 1874 652 parte
1893 612 1961 643 dieti
1984 612 2194 651 Consanguinei
2214 612 2303 643 nostri
2311 633 2322 649 2

1266 655 1479 685 concordentur
1489 679 1498 692 ,
1514 655 1547 684 &
1562 654 1776 691 promittantur,
1794 654 1826 683 ὃς
1840 651 1906 680 siant
1922 660 1953 680 ea
1968 661 2032 688 quae
2045 651 2211 689 sequuntur,

1304 732 1323 750 *Ξ
1344 729 1382 760 IN
1404 730 1545 768 PRIMIS,
1561 730 1658 768 quod,
1677 727 1841 757 immediate
1855 725 1918 763 post
1931 725 2054 756 Obitum
2070 725 2188 763 ejusdem
2197 726 2326 757 Consan-
2340 723 2358 743 ὗ*
2374 723 2427 754 IX,

1267 770 1363 807 guinei
1377 769 1477 804 nostri,
1497 769 1530 799 &
1545 778 1648 798 extunc
1663 767 1815 803 deinceps,
1835 764 1953 794 Corona
1968 767 2001 796 ὃς
2024 764 2159 802 Regnum
2182 765 2322 802 Franciae,
2337 772 2405 800 522.

1268 817 1336 837 cum
1350 817 1449 836 eorum
1462 807 1575 845 Juribus
1590 808 1623 837 &
1638 805 1829 840 Pertinentiis,
1849 803 2003 833 manebunt
2018 803 2051 833 ὃς
2075 811 2156 832 erunt
2180 803 2266 832 nostri
2289 805 2323 834 &

1268 844 1425 875 Haeredum
1440 845 1604 875 nostrorum
1618 845 1833 881 imperpetuum.

1303 883 1374 913 ITE
1385 891 1426 920 M,
1444 893 1497 922 pro
1512 892 1547 913 eo
1564 882 1643 920 quod
1659 881 1789 919 praefatus
1801 879 1994 910 Sereniffimus
2016 877 2248 915 Consanguineus
2270 888 2325 909 no-

1269 921 1323 952 ster
1336 930 1445 952 tenetur
1461 932 1490 952 ut
1507 922 1660 958 plurimum
1677 919 1768 958 (quod
1781 918 1910 948 dolenter
1925 918 2081 953 referimus)
2097 919 2131 948 &
2153 916 2324 954 praepeditur

1268 960 1377 990 adversa
1393 959 1568 997 valetudine,
1584 969 1631 998 per
1647 968 1712 989 eum
1728 957 1849 987 modum
1865 956 1943 994 quod
1959 966 2017 986 non
2034 955 2190 986 commode
2206 957 2325 993 poterit,

1269 1000 1297 1028 in
1312 998 1435 1028 Persona
1452 998 1512 1035 stifft,
1532 997 1677 1027 intendere
1691 997 1735 1026 seu
1752 1005 1849 1025 vacare
1864 995 2046 1032 disponendis
2060 994 2155 1030 Regni
2171 993 2326 1031 Negotiis;

1269 1037 1350 1073 quod
1362 1037 1485 1072 idcirco,
1504 1036 1538 1066 ad
1552 1036 1646 1067 Vitam
1664 1034 1784 1071 ejusdem
1803 1033 2012 1072 Consanguinei
2028 1031 2133 1069 nostri,
2153 1031 2277 1062 Facultas
2292 1034 2327 1063 &

1270 1075 1446 1106 Exercitium
1464 1075 1596 1112 Regendi
1610 1076 1642 1105 &
1658 1073 1834 1111 Disponendi
1849 1071 1928 1102 Rem
1942 1072 2084 1109 publicam
2099 1070 2224 1108 praediCti
2244 1070 2328 1109 Reg-

1270 1115 1299 1143 ni
1314 1113 1456 1150 Franciae,
1475 1124 1542 1143 cum
1555 1112 1683 1143 Confilio
1698 1112 1854 1141 Nobilium
1870 1111 1902 1141 ὃς
1918 1109 2092 1140 Prudentum
2106 1109 2227 1147 ejusdem
2243 1108 2326 1147 Reg-

1271 1153 1316 1189 111,
1335 1152 1427 1181 eidem
1444 1151 1662 1189 Conlanguineo
1675 1149 1772 1179 nostro
1787 1149 2000 1186 obedientium,
2019 1149 2066 1185 qui
2083 1146 2327 1179 Commodum&

1270 1189 1427 1219 Honorem
1442 1189 1540 1226 Regni
1554 1189 1680 1226 praediCti
1701 1189 1819 1225 amplius
1841 1188 2001 1225 dilexerint,
2020 1196 2104 1225 penes
2126 1186 2194 1217 Nos
2216 1185 2268 1216 sint
2291 1188 2327 1218 ὃς

1273 1236 1421 1264 maneant,
1440 1228 1475 1257 ita
1492 1236 1521 1257 ut
1536 1228 1619 1264 ipsam
1635 1226 1774 1263 perNos,
1793 1228 1826 1257 &
1842 1226 1925 1255 etiam
1933 1236 1981 1263 per
1994 1225 2060 1264 alios
2070 1226 2153 1262 (quos
2166 1223 2326 1255 6111110011-

1272 1266 1331 1295 silio
1347 1266 1527 1302 praefatorum
1543 1265 1698 1295 Nobilium
1708 1265 1741 1294 ad
1758 1264 1813 1294 hoc
1829 1264 1989 1294 duxerimus
2007 1261 2326 1331 deputandosgiRegere

1272 1304 1408 1341 pofliinus
1429 1306 1461 1333 ἃ
1484 1303 1672 1333 Gubernare:
1699 1303 1799 1340 quibus
1824 1303 1941 1338 quidem
1962 1301 2103 1332 Facultate
2125 1303 2157 1333 &
2209 1303 2328 1332 xercitio

1271 1352 1356 1379 penes
1378 1352 1428 1371 no-¹
1451 1341 1538 1371 taliter
1561 1341 1756 1378 existentibus,
1775 1338 1942 1377 efficaciter,
1959 1340 2121 1378 diligenter,
2138 1341 2171 1370 &
2193 1339 2329 1378 fideliter,

1272 1389 1334 1411 toto
1348 1379 1434 1410 Posse
1449 1383 1565 1418 nostro,
1585 1379 1789 1410 Laborabimus
1803 1378 1835 1408 δε
1852 1377 2031 1407 Intendemus
2053 1378 2086 1407 ad
2106 1378 2134 1408 id
2146 1405 2153 1416 ‚
2173 1379 2250 1416 quod
2271 1378 2329 1409 esse

1272 1419 1355 1456 poffit
1371 1420 1404 1450 &
1418 1419 1518 1449 debeat
1533 1419 1566 1449 ad
1582 1418 1736 1448 Honorem
1754 1417 1810 1446 Dei
1823 1416 1855 1446 ἃ
1869 1415 2049 1454 praefatorum
2063 1415 2273 1453 Consanguinei
2291 1418 2328 1448 δε

1272 1457 1499 1494 Consanguineae
1518 1457 1680 1488 nostrorum
1697 1480 1706 1494 ,
1733 1464 1848 1486 necnon
1869 1454 1902 1483 ad
1927 1453 2039 1483 Bonum
2062 1454 2211 1484 Publicum
2228 1455 2328 1494 Regni

1272 1497 1414 1534 praedit'ti,
1433 1497 1465 1527 &
1481 1495 1514 1525 ad
1530 1496 1619 1533 ipsum
1635 1495 1773 1531 Regnum
1798 1492 2037 1529 Defendendum,
2055 1491 2324 1533 Transquilandum,

1271 1536 1304 1565 &
1319 1535 1402 1572 plene
1419 1533 1649 1571 pacificandum,
1666 1543 1699 1563 ac
1713 1532 1747 1562 ad
1768 1530 2019 1562 Exrerminandum
2040 1530 2072 1560 &
2097 1530 2327 1568 Expugnandum

1272 1572 1396 1609 Hostes,
1414 1572 1567 1611 inimicos,
1587 1572 1778 1609 Adversarios,
1796 1571 1830 1602 ὃς
1845 1569 1975 1599 Rebelles
1988 1568 2095 1611 praefati
2113 1567 2327 1605 Consanguinei

1272 1611 1360 1642 nostri
1377 1613 1410 1642 &
1425 1611 1544 1647 Nostri,
1563 1621 1596 1641 ac
1610 1610 1794 1641 Subditorum
1803 1609 1899 1646 Regni
1914 1607 2043 1645 praediffi
2058 1607 2107 1636 libi
2121 1607 2327 1645 obedientium,

1273 1651 1306 1681 &
1321 1661 1369 1680 eos
1382 1660 1481 1679 ornnes
1495 1651 1542 1686 qui
1558 1649 1662 1680 Pacem
1678 1650 1710 1679 &
1724 1647 1968 1685 Tranquillitatem
1981 1645 2102 1684 ejusdem
2119 1645 2215 1685 Regni
2236 1647 2328 1684 impe-

1272 1689 1331 1719 dire
1347 1690 1525 1719 conabuntur
1541 1688 1586 1718 seu
1604 1689 1772 1725 perturbare.

1310 1727 1356 1757 Ιτ·
1365 1737 1383 1758 E
1392 1735 1419 1757 M
1428 1749 1437 1764 ,
1457 1726 1537 1764 quod
1552 1726 1702 1763 Proceres,
1719 1725 1882 1762 Magnates,
1901 1724 1934 1754 &
1947 1723 2068 1754 Nobiles
2077 1746 2086 1760 ,
2103 1732 2136 1752 ac
2150 1721 2241 1753 Status
2250 1723 2330 1763 Reg-

1272 1766 1301 1795 ni
1315 1766 1457 1804 praediffl,
1473 1774 1530 1795 tam
1546 1765 1717 1803 Spirituales,
1758 1764 1821 1793 uam
1836 1763 2040 1800 Temporales‚
2057 1771 2172 1791 necnon
2194 1761 2331 1792 Civitates

1274 1804 1307 1834 &
1332 1804 1468 1834 notabiles
1491 1802 1720 1833 Communitates
1775 1803 1882 1832 illarum
1910 1800 2033 1838 ejusdem
2064 1799 2160 1836 Regni
2175 1822 2186 1834 ,
2211 1801 2330 1838 praefato

1274 1842 1497 1880 Consanguineo
1518 1841 1616 1873 nostro
1635 1841 1813 1879 obedientes,
1833 1839 2001 1878 praestabunt
2019 1837 2183 1877 Juramenta
2205 1849 2269 1877 quae
2288 1839 2331 1876 fef

1274 1890 1415 1920 quuntur,

1311 1957 1357 1988 IN
1378 1959 1553 1996 Parius,
1572 1958 1651 1997 quod
1665 1959 1765 1995 nobis,
1784 1957 1955 1987 Facultatem
1974 1955 2006 1986 &
2023 1954 2196 1985 Exercitium
2220 1953 2330 1993 Dispon·

1274 1997 1360 2027 nendi
1374 1999 1407 2028 ὃς
1421 1997 1552 2037 Regendi
1567 1997 1675 2027 dietam
1689 1997 1766 2026 Rem
1785 1996 1928 2033 publicam
1951 1995 2127 2030 gerentibus,
2145 2003 2177 2023 ac
2193 1992 2328 2031 1111110111-

1274 2036 1443 2104 busdnostris
1455 2036 1597 2066 humiliter
1613 2037 1646 2066 &
1660 2035 1823 2066 obedienter
1836 2035 1866 2063 in
1882 2034 2015 2063 omnibus
2031 2033 2064 2062 &
2078 2031 2219 2061 Parebunt
2233 2033 2266 2063 δε
2280 2031 2329 2062 111-

1276 2082 1322 2105 ten
1343 2083 1400 2105 ent.

1313 2112 1358 2144 IT
1370 2123 1387 2144 E
1399 2121 1424 2143 M
1434 2138 1443 2151 ,
1462 2113 1541 2152 quod
1556 2123 1604 2150 ea,
1623 2122 1686 2150 quae
1699 2113 1770 2142 inter
1778 2111 1925 2149 praefatum
1932 2108 2185 2146 consanguineum
2199 2108 2330 2140 nostrum

1275 2152 1309 2182 &
1323 2151 1571 2189 Consanguineam
1587 2151 1712 2182 nostram
1728 2152 1761 2182 &
1783 2151 1850 2181 Nos
1876 2151 1955 2186 (curn
1978 2147 2105 2178 Coniilio
2124 2157 2240 2185 eorum,
2259 2158 2332 2185 quos

1277 2189 1365 2220 iidem
1380 2190 1611 2227 Consanguineus
1627 2190 1722 2220 noster
1736 2192 1769 2220 ὃς
1785 2188 1897 2219 Consan
1920 2189 1998 2217 uinea
2011 2197 2043 2217 ac
2050 2185 2118 2216 Nos
2130 2185 2164 2215 ad
2179 2186 2206 2216 id
2218 2187 2331 2217 duxeri-

1278 2238 1341 2258 mus
1361 2229 1547 2264 adhibendos)
1569 2229 1755 2266 appune'tuata
1776 2228 1877 2257 fuerint
1946 2226 2131 2261 concordata,
2150 2225 2215 2262 ipli,
2234 2234 2330 2262 quite-

1278 2276 1329 2297 nus
1343 2277 1390 2296 eos
1406 2268 1439 2298 86
1455 2267 1575 2305 singulos
1589 2276 1687 2297 eorum
1704 2275 1876 2296 concernere
1891 2265 2009 2302 poterit,
2029 2264 2058 2293 in
2073 2263 2206 2293 omnibus
2230 2264 2263 2293 δε
2282 2271 2332 2300 per

1278 2306 1392 2344 omnia,
1411 2307 1485 2336 bene
1499 2306 1532 2336 &
1548 2305 1662 2335 fideliter
1675 2305 1880 2341 observabunt,
1897 2304 1930 2333 &
1945 2311 1997 2338 pro
2014 2301 2098 2331 Posse
2111 2301 2160 2330 suo
2177 2301 2214 2331 116
2229 2302 2334 2332 facient

1279 2344 1315 2374 ab
1330 2344 1386 2374 aliis
1400 2344 1626 2381 quibuscumque
1639 2342 1798 2379 observari,
1816 2342 1852 2371 ita
1869 2340 1948 2379 quod
1961 2340 2115 2377 continue,
2135 2340 2170 2369 ab
2191 2338 2281 2369 Obitu
2298 2341 2333 2370 &

1278 2382 1343 2420 post
1357 2382 1480 2413 Obitum
1494 2382 1564 2413 dieti
1577 2381 1785 2419 consanguinei
1799 2379 1888 2409 nostri
1902 2379 2044 2416 Franciae,
2061 2386 2143 2408 erunt
2159 2377 2207 2415 ipsi
2227 2378 2336 2409 Fideles

1278 2422 1423 2452 Homines
1435 2421 1515 2459 Ligei
1531 2420 1618 2451 nostri
1635 2421 1668 2451 &
1684 2419 1840 2450 Haeredum
1856 2417 2030 2453 nostrorum,
2050 2426 2083 2446 ac
2104 2416 2174 2457 Nos
2192 2427 2244 2453 pro
2268 2416 2335 2447 Do-

1282 2461 1363 2490 mino
1379 2460 1428 2490 suo
1442 2460 1531 2498 Ligeo
1546 2461 1579 2490 δε
1593 2458 1724 2495 supremo
1736 2468 1769 2489 ac
1783 2467 1852 2486 vero
1867 2456 1948 2494 Rege
1963 2455 1986 2485 F
1988 2455 2106 2491 ranciae,
2123 2454 2336 2492 31110116ορρο-

1280 2499 1397 2536 sitione,
1417 2497 1670 2534 Coiirradiistione,
1688 2497 1733 2527 seu
1754 2494 1932 2526 Difficultate
1946 2517 1955 2531 ,
1976 2492 2145 2530 Recipieut,
2166 2493 2198 2523 &
2220 2493 2336 2524 Admit-

1281 2545 1340 2568 tent
1353 2561 1362 2574 ,
1378 2539 1412 2568 ὃς
1432 2536 1579 2566 Obedient
1595 2548 1604 2573 3
1630 2535 1662 2565 &
1685 2535 1763 2573 quod
1775 2558 1784 2571 ,
1811 2541 1995 2571 praeterquam
2015 2532 2094 2561 dicto
2117 2530 2338 2570 Consanguineo

1284 2575 1384 2606 nostro
1399 2599 1408 2613 ,
1425 2575 1494 2605 nulli
1519 2583 1655 2611 umquam
1669 2596 1678 2611 ,
1696 2572 1760 2613 post
1782 2573 1843 2602 haec
1858 2596 1867 2608 ,
1884 2579 2027 2608 tamquam
2049 2569 2124 2607 Regi
2144 2579 2189 2599 aut
2215 2569 2338 2608 Regenti

1282 2614 1378 2651 Regni
1393 2614 1536 2651 Franciae,
1554 2612 1715 2648 Obedient,
1734 2611 1783 2641 nisi
1797 2610 1894 2641 Nobis
1907 2611 1941 2641 &
1956 2608 2124 2639 Haeredibus
2137 2606 2247 2638 nostris.

1319 2652 1433 2683 ITEM
1447 2677 1456 2690 ,
1477 2650 1557 2689 quod
1577 2661 1637 2681 non
1658 2659 1738 2680 erunt
1759 2651 1787 2679 in
1809 2648 1939 2678 Consilio
1959 2671 1968 2685 ,
1992 2647 2106 2677 Auxilio
2121 2670 2129 2684 ,
2155 2647 2200 2676 vel
2219 2647 2338 2678 Affensu

1284 2691 1364 2731 quud
1384 2690 1452 2721 Nos
1472 2691 1619 2728 perdamus
1642 2688 1737 2718 Vitam
1753 2696 1800 2718 aut
1821 2687 2011 2723 Membrum,
2026 2685 2071 2715 seu
2093 2684 2244 2722 Capiamur
2264 2686 2337 2717 maia

1284 2731 1437 2768 captione,
1459 2738 1504 2759 aut
1525 2728 1605 2767 quod
1626 2726 1768 2757 Patiamur
1790 2725 1957 2763 Dampnum
1977 2724 2022 2754 seu
2044 2723 2278 2754 Diminutionem
2307 2726 2338 2754 in

1284 2767 1420 2805 Persona,
1440 2766 1533 2806 Statu,
1552 2767 1691 2802 Honore,
1710 2764 1754 2795 seu
1766 2763 1883 2801 Rebus,
1900 2763 2019 2799 verum,
2038 2762 2057 2791 si
2075 2762 2142 2798 quid
2167 2762 2219 2792 talc
2239 2773 2338 2793 contra

1284 2807 1353 2838 Nos
1368 2806 1462 2837 moliri
1478 2806 1522 2836 seu
1537 2804 1687 2836 machinari
1702 2804 1851 2841 noverint,
1869 2801 1935 2832 illud
1949 2799 2100 2843 pro-Posse
2112 2800 2161 2830 suo
2176 2801 2341 2839 impedient,

1284 2846 1317 2876 δε
1332 2845 1449 2881 Nobis,
1465 2845 1553 2882 quarn
1567 2843 1682 2874 celerius
1695 2842 1833 2880 poterint,
1854 2850 1902 2878 per
1925 2839 2049 2877 8619105,
2067 2838 2112 2869 seu
2134 2837 2273 2878 Nuncio,
2293 2842 2339 2871 vel

1285 2884 1404 2921 Literis,
1422 2884 1600 2914 intimabunt.

1323 2960 1368 2991 IT
1379 2954 1433 2991 E'M
1442 2984 1452 2999 ‚
1469 2959 1549 2997 quod
1562 2959 1689 2997 praefatus
1703 2956 1895 2989 Sereniffimus
1912 2953 2147 2992 Consanguineus
2167 2953 2277 2992 noster,
2296 2956 2339 2986 su-

1306 3010 1335 3030 er
1356 2998 1505 3029 Praemiffis
1529 2998 1662 3028 omnibus
1681 2998 1713 3028 &
1737 2996 1862 3034 fingulis,
1880 3004 1913 3024 ac
1932 2994 1989 3023 aliis
2009 2993 2248 3030 quibuscumque,
2266 2995 2337 3024 inter

1302 3039 1380 3076 psum
1394 3039 1428 3069 &
1442 3037 1511 3068 Nos
1524 3038 1551 3066 in
1565 3037 1616 3066 hac
1633 3045 1710 3074 parte
1721 3033 1943 3069 concordandis,
1960 3031 2057 3062 Nobis
2073 3031 2162 3061 Dabit
2178 3032 2211 3062 &
2227 3032 2338 3071 Faciet,

1287 3087 1321 3107 ac
1337 3076 1454 3106 Dari&
1468 3075 1527 3105 fieri
1543 3074 1651 3111 Faciet,
1670 3074 1726 3104 suas
1740 3073 1847 3103 Literas
1867 3071 2011 3108 Patentes,
2030 3070 2079 3100 suo
2101 3069 2214 3106 Magno
2237 3070 2338 3108 Sigillo

1288 3115 1423 3154 sigillatas,
1444 3123 1559 3144 necnon
1572 3113 1677 3142 Literas
1690 3111 1819 3141 Parentes
1841 3109 2062 3147 Approbatorias
2081 3108 2114 3138 ὃς
2138 3107 2341 3150 ᾼ1111111310113ς

1289 3153 1413 3193 praefatae
1424 3150 1611 3182 Sereniffimae
1626 3150 1852 3188 Consanguineae
1865 3146 2121 3178 nostraeConsortis
2132 3149 2203 3183 lure,
2223 3147 2256 3176 &
2271 3147 2342 3176 alio—-

1287 3201 1350 3222 rum
1373 3191 1530 3221 Procerum
1551 3190 1584 3220 &
1604 3189 1773 3228 Magnatum
1794 3188 1863 3217 dicti
1877 3186 1994 3223 Regni,
2014 3185 2108 3215 eidem
2123 3183 2344 3223 consanguineo

1289 3229 1389 3260 nostro
1406 3229 1531 3260 Franciae
1544 3238 1621 3258 nunc
1634 3228 1680 3259 vel
1693 3228 1724 3257 in
1738 3226 1862 3257 futurum
1879 3225 2083 3255 Obedientium
2106 3223 2241 3260 (quorum
2263 3223 2345 3254 Lite-

1290 3279 1348 3306 ras,
1366 3270 1395 3298 in
1410 3278 1442 3298 ea
1454 3276 1547 3306 parte,
1565 3267 1600 3296 ab
1612 3266 1716 3296 eodem
1731 3264 1951 3303 Consanguineo
1965 3262 2063 3304 nostro
2085 3261 2209 3291 Francia:
2232 3263 2344 3299 exigere

1290 3307 1473 3343 voluerimus)
1488 3307 1518 3335 in
1535 3304 1645 3336 meliori
1661 3303 1771 3341 forma,
1792 3313 1856 3341 quae
1878 3312 1926 3339 per
1944 3299 2068 3331 Conlilia
2091 3298 2218 3330 Partium
2239 3302 2343 3337 poterit

1290 3346 1420 3383 advisari,
1437 3354 1552 3376 necnon
1567 3343 1746 3373 omnimodas
1760 3342 1926 3372 Securitates
1939 3337 2132 3376 rationabiles,
2152 3347 2218 3376 quas
2237 3340 2269 3368 in
2290 3339 2344 3369 hac

1290 3394 1366 3424 parte
1382 3383 1501 3414 velimus
1513 3383 1632 3420 exigere.

1327 3460 1372 3491 Ac
1385 3461 1468 3491 etiam
1484 3459 1642 3496 Praemisfii,
1663 3468 1714 3496 pro
1729 3455 1828 3487 Nobis
1845 3456 1878 3487 &
1891 3453 2027 3485 Nomine
2041 3452 2156 3489 nostro,
2174 3451 2346 3483 (116100011-

1288 3499 1440 3538 sanguineo
1454 3497 1552 3528 nostro
1570 3498 1696 3527 Francise
1710 3494 1869 3532 offerendi,
1886 3495 1915 3522 in
1926 3492 2009 3523 Toto
2022 3492 2067 3522 vel
2088 3493 2117 3522 in
2140 3491 2239 3534 Parte,
2257 3499 2343 3527 quan-

1291 3538 1330 3568 do
1343 3538 1376 3568 &
1391 3545 1474 3575 prout
1487 3538 1525 3566 eis
1539 3537 1627 3574 magis
1641 3535 1779 3566 videbitur
1793 3532 1939 3571 expedire,
1957 3540 1990 3561 ac
2014 3540 2082 3561 curn
2103 3537 2206 3561 eonem
2226 3528 2344 3558 conclu-

1291 3576 1376 3606 dendi
1391 3577 1424 3606 &
1436 3574 1648 3611 concordandi,
2256 3605 2260 3609 ¹
2322 3603 2327 3610 ι

1330 3614 1493 3651 Omniaque
1512 3612 1561 3642 alia
1581 3613 1615 3642 ὃς
1635 3611 1740 3648 singula
1758 3608 1879 3640 faciendi
1895 3632 1904 3646 ,
1922 3607 2093 3650 exercendi,
2111 3607 2143 3637 ὃς
2166 3603 2348 3647 expediendi,

1293 3663 1357 3691 quae
1370 3653 1398 3682 in
1414 3650 1564 3682 Praemissis
1577 3651 1611 3682 &
1631 3651 1706 3681 circa
1727 3659 1758 3679 ea
1778 3648 1929 3680 necessaria
1949 3647 2050 3677 fuerint
2070 3645 2114 3675 seu
2128 3642 2347 3681 quomodolibet

1292 3700 1450 3729 oportuna,
2051 3722 2056 3727 .
2305 3719 2310 3723 ¹

1330 3729 1368 3760 Et
1380 3728 1591 3766 promittimus,
1608 3726 1685 3757 bona
1699 3725 1770 3763 fide,
1786 3725 1819 3756 &
1833 3725 1863 3754 in
1878 3723 1968 3753 verbo
1982 3721 2096 3764 Regio,
2113 3720 2145 3749 &
2161 3718 2214 3762 1111)
2237 3727 2346 3748 cautio-

1293 3778 1330 3798 ne
1341 3769 1472 3798 omnium
1488 3766 1635 3796 Bonorum
1656 3774 1805 3801 meorum,
1824 3762 1975 3792 mobilium
1995 3762 2027 3790 &
2047 3757 2257 3801 immobilium,
2275 3766 2347 3802 prae-

1293 3806 1413 3836 sentium
1427 3806 1460 3836 &
1477 3804 1652 3841 futurorum,
1671 3803 1738 3833 Nos
1758 3803 1884 3837 Rarum,
1904 3799 2044 3833 Gratum,
2065 3796 2212 3832 Firmum,
2231 3796 2265 3825 &
2285 3795 2349 3825 Sta-

1294 3844 1351 3874 bile
1372 3844 1390 3863 ²*
1412 3845 1548 3881 perpetuo
1567 3843 1708 3873 habituros
1727 3849 1821 3871 totum
1838 3839 1871 3868 &
1890 3836 2021 3877 quicquid
2039 3844 2086 3871 per
2113 3831 2240 3870 praefaros
2256 3855 2266 3871 ,
2283 3831 2350 3877 .G¹:l‘
2367 3849 2381 3865 ,ss
2393 3847 2448 3875 IX-

1295 3883 1400 3912 bertum
1419 3882 1450 3912 &
1470 3880 1628 3919 Johanmm
1641 3905 1650 3918 ,
1673 3880 1780 3909 Adrum
1798 3901 1807 3914 ,
1832 3875 1954 3906 Fadium
1968 3898 1977 3910 ,
2002 3878 2058 3902 live
2074 3870 2197 3901 Gestum
2217 3871 2302 3902 fuerit
2320 3881 2348 3901 in
2366 3895 2433 3922 5233

1295 3919 1460 3957 Praemiffis‚
1480 3921 1513 3951 &
1532 3919 1642 3958 singulis
1661 3915 1873 3948 Praemifforum
1924 3951 1928 3955 Ι
2009 3949 2013 3955 Ι
2143 3949 2147 3953 .
2310 3946 2323 3953 ⁸

1333 3958 1370 3989 Et
1388 3957 1468 3996 quod
1492 3957 1561 3989 Nos
1586 3956 1788 3987 Concedemus
1814 3952 1848 3982 &
1872 3935 1930 3980 fieri
1949 3949 2094 3991 Faciemus
2113 3948 2219 3978 Literas
2236 3947 2353 3978 Coniir-

1296 3998 1428 4027 matorias
1443 4019 1453 4034 ,
1480 3996 1529 4026 sub
1552 3995 1666 4033 Magno
1691 3992 1786 4031 Sigillo
1806 3988 1906 4019 nostro
1924 3987 1959 4018 dc
1977 3989 2010 4018 &
2031 3991 2108 4030 super
2123 3988 2256 4017 omnibus
2276 3987 2353 4016 Arti-

1297 4036 1365 4068 culis
1391 4035 1424 4072 ὅς
1450 4034 1587 4072 punctis,
1613 4033 1649 4065 de
1671 4029 1869 4097 quibuslgnter
1894 4036 1942 4058 eos
1968 4025 2050 4057 fuerit
2076 4024 2281 4063 concordatum
2306 4023 2352 4053 seu

1829 4075 1848 4096 2
2283 4070 2356 4092 con-
