2562 4274
164 167 235 204 152

597 140 1241 191 CONVENTION

18 237 94 268 Anii.
111 234 299 269 D.K2irolum
317 238 406 276 ipsum
424 237 576 277 Peagiurn,
593 235 628 266 de
647 235 745 265 Rebus
759 232 915 272 praedietis,
935 243 982 272 per
1005 232 1032 263 se
1045 231 1090 262 vel
1104 230 1215 274 Procu'-
1352 271 1356 275 ⁵
1381 269 1389 273 Ὦ
1905 270 1910 274 ,
1947 269 1952 274 ,
2363 265 2368 268 .

39 284 126 313 1409-
160 280 261 307 ratores
274 277 318 307 seu
335 277 492 314 Deputatos
504 276 582 313 suos,
601 275 707 311 levare,
723 275 883 311 percipere,
900 275 932 304 &
952 273 1078 309 recipere
1097 277 1214 307 permit·
1256 271 1404 307 praemiflis
1417 271 1451 300 &
1467 279 1567 300 eorum
1582 271 1709 308 quolibet
1724 268 1792 300 esset
1807 270 1930 307 plenarie
1945 268 2124 307 informatus,
2141 269 2314 300 diffitumno-
2360 273 2444 303 1409-
2459 281 2463 283 *

18 315 83 343 Hert-
97 324 126 349 4·
162 324 267 353 terent,
286 317 359 351 iuxta
380 324 507 345 tenorem
524 311 707 350 quarumdam
730 312 844 342 aliarum
869 311 1029 341 Parentium
1044 309 1218 344 Literarum,
1258 317 1330 337 vum
1346 306 1502 344 Pedagium
1517 309 1666 346 'inposuisse
1682 310 1711 339 in
1726 317 1785 338 tam
1800 317 1887 345 grave
1900 307 2150 343 detrimentum&
2162 315 2317 345 gravamen
2335 306 2436 337 Heu-4*

163 355 213 392 per
229 351 350 384 eundem
373 352 482 383 dietum
502 352 664 381 Dominum
688 349 817 380 nostrum
841 349 957 387 Regem
979 348 1060 389 dieto
1083 346 1218 377 Domino
1258 346 1299 375 sui
1314 353 1499 383 meorumque
1512 345 1772 385 constituentium,
1789 356 1823 376 ac
1843 344 2004 376 Civitatum
2024 346 2058 375 &
2073 344 2225 376 Locorum
2237 344 2319 376 Prae-

167 391 274 423 Karolo
289 392 404 422 aliarum
421 390 636 427 concelsarum,
653 388 767 418 cessasse
783 388 901 419 totaliter
916 387 1055 423 omifisse,

72 2386 89 2404 ⁸
99 2385 189 2415 v111.

72 2423 139 2460 582.

207 432 231 460 A
247 431 345 468 quibus
360 429 471 466 quidem
489 428 602 463 Literis,
620 426 811 464 contentisque
823 427 850 456 in
860 426 1006 467 eisdem,a
1015 424 1149 461 dictoque
1156 420 1222 451 Do-

171 469 252 499 mino
267 467 362 498 nostro
379 468 479 505 Rege,
496 469 529 498 δε
546 477 561 496 a
580 466 660 497 dic'to
674 466 808 496 Domino
833 464 939 495 Karolo
957 486 967 501 ,
991 464 1044 493 fuit
1067 471 1156 498 nuper
1173 468 1223 497 per

170 516 237 545 rne,
254 506 388 544 Qiorum
405 505 481 543 supra
497 505 674 535 Nominibus
688 526 697 542 ,
724 504 853 540 legitime
875 502 1058 540 appellatum,
1079 506 1163 537 prout
1176 507 1224 536 per

171 544 391 575 Instrumentum
406 543 559 575 Publicum
573 543 680 581 plenius
695 541 823 573 constare
845 542 945 579 poterit
968 540 1034 570 loco
1048 539 1081 570 &
1096 545 1226 575 ternpore

173 591 194 613 o
216 590 320 613 ortunis

195 589 241 651 pA
264 631 316 660 qua
328 605 451 658 ’quidem
475 619 668 658 Appellatione
690 618 735 649 seu
756 619 968 649 Provocatione
989 625 1038 659 per
1060 613 1228 658 praesentem

177 660 298 689 minime
312 657 452 689 discedere
466 659 597 696 intendo,
617 656 661 688 sed
676 657 752 687 illam
771 667 819 694 per
835 655 936 694 istam,
954 657 986 686 &
1003 654 1083 697 istam
1116 651 1230 696 erillarn

179 698 363 728 corroborare
378 696 534 736 protestor,
552 697 570 727 si
586 696 620 727 de
631 696 832 735 graviniinibus
846 692 1071 724 inferiusinsertis
1078 697 1106 722 el
1119 689 1230 734 etidem

179 735 326 766 Dominus
341 736 436 766 noster
450 735 514 765 Rex
529 735 649 772 plenarie
665 733 832 764 informatus
867 734 900 763 &
922 742 953 762 ea
973 732 1066 762 dietus
1084 730 1232 761 Dominus

177 773 300 804 Karolus
312 775 341 804 in
359 774 403 805 sua
421 773 497 804 dieta
514 773 721 811 Supplicatione
729 756 914 809 expressiffet,
933 771 1011 801 sicuti
1019 770 1107 800 tacuit
1119 768 1232 798 dietum

178 812 346 843 Dominum
364 812 492 842 nostrum
508 812 623 848 Regem
639 809 910 846 circumveniendo,
1145 841 1150 844 ,

217 850 240 881 Ρ
250 861 273 882 R
283 860 293 880 1
304 860 375 889 MO,
396 852 459 889 quia
475 852 502 879 in
516 847 700 888 Impositione
715 844 802 880 Novi
817 848 934 884 Pedagii
949 847 1028 890 causa
1039 845 1111 889 justa
1124 843 1235 888 &Ra‘

181 890 338 927 tionabilis,
357 898 423 926 pura
440 888 556 919 Utilitas
572 887 686 926 publica
700 910 709 925 ,
734 887 818 918 debet
839 886 1026 922 Intervenire·,
1046 891 1235 927 cum-igitur,

180 937 237 966 pro
251 929 391 966 praesenti,
409 929 438 957 in
451 926 527 957 diera
541 925 712 964 inpositione
729 926 800 955 dieti
820 926 889 955 novi
905 923 1020 960 Pedagii
1041 920 1236 965 praedictoque

180 967 251 997 loco
266 967 302 996 de
317 965 439 996 Guiisen
454 964 600 995 ceisaverit
623 965 657 995 &
679 964 766 994 cesset
790 963 868 993 causa
892 961 1097 1003 Rationabilis,
1119 967 1234 996 propter

208 1015 273 1035 uam
289 1013 398 1035 novum
420 1002 579 1040 Pedagium
601 1003 690 1032 valeat
711 1002 823 1039 imponi
845 1001 877 1031 &
893 1001 979 1030 levari
995 1021 1006 1037 ,
1031 997 1172 1043 liquidum
1190 994 1236 1041 'est-

182 1015 276 1073 3i<stos
294 1052 374 1072 meos
391 1040 601 1072 Constituentes
618 1041 648 1070 in
664 1040 747 1070 dicus
769 1040 801 1070 In
844 1039 941 1070 sitione
961 1038 995 1068 &
1010 1036 1151 1067 levatione
1167 1033 1239 1066 dieb

185 1083 255 1112 novi
271 1080 390 1117 Pedagii
406 1079 486 1110 fuisse
501 1081 534 1111 ὃς
550 1079 607 1110 effe
621 1088 669 1116 per
677 1078 788 1108 dic'tum
830 1078 965 1108 ominum
982 1074 1120 1106 Karolum
1139 1083 1238 1111 quarn-

185 1120 337 1158 plurimum
353 1127 514 1156 agravatos,
531 1118 740 1155 enormiterque
755 1118 783 1146 in
796 1125 898 1146 eorum
917 1112 1201 1145 Libertatibuslaesos.

221 1157 240 1187 S
251 1166 292 1188 Ec
302 1164 324 1187 υ
335 1165 356 1186 N
367 1165 417 1187 Do
434 1179 444 1195 ,
487 1158 549 1194 uia,
566 1156 586 1186 si
600 1155 674 1186 dieta
692 1165 769 1185 nova
788 1153 922 1192 Inpolitio
937 1153 1059 1190 valeret,
1078 1152 1111 1182 &
1126 1151 1240 1181 dictum

182 1195 294 1226 'novum
309 1166 630 1234 Pedagiumclevaretur‚
655 1193 724 1223 nulli
743 1193 864 1224 dubium
885 1191 965 1230 quod
986 1191 1105 1221 extranei
1126 1188 1239 1233 Merca-

186 1243 260 1265 tores
275 1256 284 1271 ,
310 1234 381 1264 soliti
404 1243 472 1264 cum
495 1233 545 1263 suis
566 1232 734 1263 Mercioniis
755 1232 789 1262 ad
814 1231 920 1261 dictam
946 1229 1102 1260 Civitatem
1128 1227 1242 1259 Baionae

187 1272 437 1303 mercimoniando
453 1273 565 1309 venire,
582 1272 615 1302 &
630 1271 667 1301 de
685 1270 815 1308 Repertis
830 1271 858 1299 in
876 1268 977 1299 eadem
996 1267 1122 1298 Civitate
1130 1276 1244 1304 emere,

186 1319 301 1352 propter
321 1319 455 1349 magnum
473 1310 575 1340 Honus
592 1309 663 1340 dieti
681 1310 751 1339 novi
768 1308 902 1346 Pedagii,
919 1307 976 1337 suas
994 1305 1202 1347 Mercimonias
1210 1305 1244 1335 ad

186 1349 295 1420 gift-am
311 1348 466 1417 Cia-itatem
484 1357 611 1387 portare,
629 1348 658 1378 in
673 1347 771 1378 eadem
790 1356 884 1378 emere
903 1355 985 1376 more
1004 1345 1083 1375 solito
1102 1344 1245 1374 cessabunt

250 1397 295 1417 am
312 1397 346 1417 ce
370 1396 446 1417 arunt

226 1396 269 1456 lix
287 1436 344 1464 quo
357 1426 416 1464 jam
432 1410 509 1461 di’c‘ta
527 1423 635 1455 Civitas
651 1423 764 1455 Baionae
778 1424 811 1455 &
831 1422 999 1453 Habitantes
1017 1421 1046 1464 in
1066 1419 1166 1463 eadem
1184 1419 1246 1463 fue-

189 1473 256 1495 runt
274 1465 307 1495 δε
325 1464 386 1495 sunt
402 1464 479 1494 vidtu
495 1462 527 1495 ὃ(
544 1462 675 1502 profiquo
695 1461 873 1492 Cothidianis
890 1459 1062 1497 defraudati,
1078 1460 1112 1490 δε
1132 1458 1246 1501 μαι-ἀι-

190 1503 237 1534 ἂα
252 1502 379 1542 Civitas,
396 1503 477 1533 dieto
493 1502 627 1532 Domino
648 1501 745 1531 nostro
767 1500 884 1530 Subdita
900 1521 909 1536 ,
933 1498 1039 1541 incepit
1062 1496 1197 1528 devastari
1212 1497 1245 1528 &

192 1541 371 1578 adnichilari,
389 1542 422 1573 ὃ(
441 1542 470 1571 in
486 1549 577 1571 totum
592 1539 775 1570 devastaretur
788 1539 820 1568 &
841 1536 1051 1568 adnichilaretui·
1074 1535 1172 1579 (tquod
1197 1535 1244 1564 ab·

192 1580 242 1616 sit)
260 1580 279 1611 si
292 1580 426 1618 praelibati
442 1581 511 1609 novi
527 1577 639 1618 Pedagii
654 1577 793 1616 Inpositio
810 1576 989 1614 ejusdemque
1006 1575 1109 1605 levatio
1122 1573 1166 1616 seu
1185 1582 1248 1611 per-

194 1619 291 1656 ceptio
306 1627 411 1649 teneret
425 1618 457 1648 ὃ(
473 1618 588 1654 valeret,
608 1616 686 1654 quod
707 1615 764 1646 fieri
783 1625 842 1646 non
856 1614 941 1644 debet
991 1622 1061 1642 cum
1077 1611 1249 1643 omnimoda

194 1656 362 1724 Revegenria
387 1658 419 1689 &
445 1657 554 1686 honore
580 1655 651 1686 dieti
680 1654 804 1685 Domini
836 1652 924 1684 nostri
949 1636 1042 1689 Regis
1071 1651 1178 1689 semper
1206 1651 1250 1681 lo-

216 1705 269 1726 uen
290 1705 318 1725 o.

194 1706 214 1734 q
231 1733 275 1764 Ιτ
288 1743 305 1763 i:
316 1742 342 1764 iu
353 1756 362 1772 ,
379 1742 412 1764 ex
430 1732 505 1763 dicta
526 1731 706 1764 concessione
724 1730 793 1762 dieti
810 1730 880 1760 novi
908 1728 1026 1765 Pedagii
1042 1727 1176 1772 praelibati
1195 1727 1253 1771 mei

199 1771 410 1802 Constitueiites
430 1772 669 1810 quamplurimum
685 1771 823 1801 laeduntur
841 1771 874 1801 &
893 1776 1057 1806 gravantur,
1075 1768 1145 1810 curn
1164 1776 1195 1796 in
1210 1766 1253 1796 dr-

200 1811 249 1842 &a
263 1811 357 1841 Litera
375 1809 574 1840 Concessionis
591 1809 635 1840 seu
649 1809 828 1847 inpositionis
840 1808 912 1838 dieti
931 1808 999 1836 novi
1022 1805 1136 1844 Pedagii
1155 1804 1254 1848 insera-

196 1857 241 1879 tur
258 1850 290 1879 ὃς
309 1848 359 1879 fuit
373 1850 507 1878 insertum
525 1848 606 1885 quod
624 1848 768 1878 Dominus
786 1845 879 1877 noster
898 1845 959 1875 Rex
973 1846 1049 1883 vult,
1066 1854 1094 1874 ut
1113 1843 1254 1881 inpraedi-

194 1887 246 1918 ἃο
264 1887 332 1917 loco
350 1888 385 1917 de
394 1886 515 1917 Guiffen
523 1886 633 1916 dictum
653 1885 808 1925 Pedagium
821 1885 982 1921 levetur,ut
991 1883 1141 1926 praedictus
1148 1883 1255 1912 Domi-

194 1935 245 1955 nus
264 1924 382 1956 Karolus
401 1924 801 1963 praehonoretur,dic‘turnque
819 1922 952 1954 Castrum
971 1922 1005 1952 de
1018 1922 1141 1954 Guissen
1157 1929 1256 1952 contra

193 1963 371 1994 Invaiionem
385 1963 572 1994 Inimicorum
595 1963 694 1993 melius
713 1970 894 1992 manutenere
912 1962 945 1992 &
964 1959 1126 1991 deffendere
1134 1959 1241 1997 valeat,

235 2001 310 2032 Non
325 2001 468 2033 attendens
487 2011 541 2032 nec
562 2001 737 2032 considerans
753 2000 909 2038 praelibatus
928 1999 1076 2029 Dominus
1089 1998 1182 2028 noster
1192 1997 1258 2027 Rex

226 2040 302 2078 uod,
320 2041 340 2071 fi
357 2040 467 2071 dietum
486 2039 642 2078 Pedagium
666 2039 802 2070 levaretur
821 2061 831 2077 ,
852 2037 1017 2069 redundaret
1047 2039 1077 2067 in
1100 2037 1258 2067 maximum

200 2049 359 2119 dampnum
374 2079 407 2109 ὃς
425 2079 629 2109 detrimentum
652 2077 811 2108 Civitatum
834 2076 868 2107 &
886 2076 1005 2107 aliorum
1024 2075 1155 2106 locorum
1174 2075 1260 2106 totius

201 2115 334 2148 Ducatsis
352 2117 512 2155 Aquitaniae
524 2139 534 2155 ,
559 2116 592 2148 &
607 2116 760 2154 specialiter
779 2115 829 2146 sub
852 2113 992 2146 Potestate
1007 2137 1017 2152 ‚
1042 2113 1207 2151 Dominio,
1224 2114 1258 2144 &

199 2155 362 2186 obedientia
380 2155 461 2193 ipsius
480 2154 603 2185 Domini
621 2153 710 2185 nostri
722 2153 811 2191 Regis
833 2152 1062 2191 consistentium,
1087 2152 1120 2184 &
1137 2161 1260 2183 conver-

200 2201 303 2224 teretur
320 2195 350 2224 in
368 2193 439 2224 dieti
455 2193 580 2223 Domini
599 2191 696 2224 Karoli
711 2193 857 2223 utilitatem
874 2192 907 2223 &
923 2190 1086 2222 comodum
1109 2191 1258 2228 proprium

199 2232 235 2264 &
251 2233 411 2270 privatum,
428 2232 461 2263 δὲ
475 2231 512 2262 fic
527 2241 561 2262 ex
575 2231 632 2262 hoc
649 2231 709 2262 Res
733 2231 847 2269 publica
862 2230 976 2261 notorie
994 2231 1028 2261 &
1043 2229 1192 2260 manifeste
1209 2229 1260 2260 de-

199 2271 375 2302 terioraretur
393 2273 426 2302 &
441 2268 687 2308 dampnificaretur
705 2279 754 2306 per
775 2268 872 2301 astum
917 2268 1046 2305 roprium
1064 2291 1073 2306 ,
1099 2268 1261 2306 privatum,

197 2309 346 2380 εᾴιὲςὲμω
363 2309 398 2341 &
415 2308 591 2340 contrarium
608 2307 814 2347 Reipublicae,
831 2316 869 2346 qu
923 2306 992 2339 effet
1009 2305 1160 2338 absurdum
1174 2308 1260 2345 &iu-

199 2358 224 2379 ri
258 2359 268 2378 1
294 2357 394 2380 onum.

237 2387 258 2407 *¹
267 2386 281 2418 I
289 2396 312 2418 ’r
323 2397 341 2418 iz
351 2395 379 2418 M
388 2411 398 2427 ,
414 2396 447 2418 ex
463 2388 604 2420 contentis
616 2388 646 2418 in
662 2386 758 2419 Litera
772 2383 974 2418 Conceffionis
987 2384 1058 2417 dieti
1073 2384 1192 2423 Pedagii
1204 2385 1264 2416 mei

199 2424 400 2470 constituentes
413 2426 551 2458 laeduntur
565 2426 599 2458 &
613 2434 762 2466 gravantur
774 2423 917 2464 potissime
938 2426 968 2455 in
989 2433 1022 2455 ea
1037 2433 1132 2464 parte,
1150 2424 1200 2468 ubi
1219 2425 1263 2455 in-

198 2472 291 2495 nuitur
307 2463 387 2502 quod
404 2464 516 2496 dietum
530 2463 665 2495 Castrum
680 2464 717 2495 de
732 2462 853 2495 Guissen
865 2463 908 2494 est
921 2463 956 2494 ad
970 2464 1144 2495 invasionem
1152 2461 1257 2493 Inimi-

199 2503 342 2545 micorum
357 2502 485 2533 situatum
500 2514 510 2540 ·‚
533 2503 599 2540 quia
621 2504 718 2533 revera
732 2524 743 2541 ,
761 2504 795 2534 ὅ(
811 2502 848 2532 fic
862 2500 954 2539 potest
968 2500 1119 2533 clarissime
1145 2502 1260 2541 doceri,

198 2539 312 2571 dietum
324 2539 460 2571 Castrum
476 2540 512 2571 de
525 2539 646 2572 Guiffen
653 2550 714 2571 nori
727 2539 767 2571 est
783 2539 984 2571 constructum
999 2549 1052 2571 nec
1061 2539 1263 2579 aedifficatum,

201 2578 249 2609 sed
264 2579 347 2609 totius
367 2579 512 2616 amoveri,
533 2588 619 2617 prope
643 2578 779 2609 Inimicos
801 2578 872 2609 diffl
905 2577 1028 2608 Domini
1049 2578 1137 2609 nostri
1157 2578 1265 2617 Regis,

204 2626 260 2647 nec
275 2616 378 2647 abinde
394 2616 509 2648 Inimici
524 2617 606 2657 ipsius
622 2617 745 2647 Domini
761 2616 849 2648 nostri
869 2615 958 2653 Regis
976 2615 1086 2647 fuerunt
1112 2617 1195 2647 invasi
1211 2617 1267 2647 ullo

204 2665 329 2693 unquam
344 2664 474 2693 tempore
488 2665 542 2686 nec
563 2655 784 2693 dampnifficari,
801 2664 856 2686 nec
878 2655 971 2685 Scitus
987 2654 1111 2691 ejusdem
1125 2655 1210 2686 castri
1226 2654 1266 2685 est

203 2693 240 2724 ad
262 2693 329 2724 illud
350 2692 513 2724 faciendum
534 2704 549 2724 a
571 2702 629 2731 tus,
645 2703 748 2734 ymmo
760 2694 913 2724 habitantes
937 2693 966 2722 in
982 2691 1062 2722 dieto
1076 2692 1178 2724 Castro
1192 2693 1270 2731 plura

204 2731 329 2769 dampna
345 2731 464 2762 Civibus
478 2731 510 2762 &
528 2703 728 2762 f-ssbitantibus
741 2731 825 2763 dictae
839 2730 968 2761 Civitatis
985 2730 1082 2761 Baion.
1101 2732 1269 2771 intulerunt,

201 2771 237 2802 &
253 2769 354 2800 inferre
374 2770 433 2801 sunt
451 2771 534 2807 parati
549 2793 558 2809 ,
584 2770 683 2801 melius
708 2781 793 2809 quarn
811 2769 939 2801 Initnicis
957 2769 989 2800 &
1012 2768 1179 2802 Rebellibus
1197 2770 1268 2803 dicti

204 2808 331 2839 Domini
346 2808 433 2839 nostri
450 2808 549 2845 Regis.

224 2886 229 2890 ι
239 2846 252 2876 Ι
262 2855 284 2877 τ
295 2856 314 2877 E
325 2855 351 2877 ixi
361 2870 370 2885 ,
388 2845 550 2878 Gravamen
565 2847 788 2879 Gravamiiiibus
800 2846 992 2879 aeumulando
1000 2869 1011 2886 ,
1027 2847 1060 2879 ὃ(
1070 2848 1265 2887 multipliciter

200 2884 295 2916 dmitos
314 2895 393 2915 meos
416 2884 625 2916 Constituentes
643 2887 804 2923 agravando
825 2888 858 2917 ὃ(
877 2885 1125 2924 dampnifficando
1138 2909 1147 2925 ,
1173 2888 1266 2918 didius

203 2922 352 2954 Dominus
368 2923 461 2953 noster
482 2922 544 2954 Rex
560 2924 671 2954 derum
686 2935 794 2956 novum
815 2924 970 2964 Pedagium
993 2925 1145 2969 imposuit,
1171 2926 1263 2957 levare

201 2962 394 3006 &percipere
411 2962 549 3006 concessit
600 2964 741 3001 gravando
764 2964 844 2994 suum
866 2962 998 2994 Castrum
1015 2962 1142 3000 Regium
1165 2963 1263 2995 Baion.

205 3009 253 3030 cui
269 3008 408 3038 competit
422 3010 545 3044 recipere
560 2985 714 3038 f'edagiuni
724 3002 803 3032 suum
818 3001 890 3032 infra
905 3001 1007 3032 limites
1015 3003 1262 3041 comprehenssos,

205 3047 256 3076 per
271 3038 383 3076 Aquam
393 3062 401 3074 ,
421 3038 491 3069 infra
505 3038 613 3069 dietam
628 3039 783 3071 Civitatem
801 3039 897 3072 Baion.
914 3049 948 3071 ex
962 3048 1038 3077 parte
1053 3050 1125 3078 una,
1143 3040 1264 3072 Portum

207 3078 363 3113 (vocatum
379 3077 517 3118 Forsgave
529 3085 536 3111 >
554 3087 587 3108 ex
603 3078 702 3116 altera,
722 3079 792 3108 infra
810 3088 879 3116 quos
899 3078 1001 3109 limites
1016 3079 1158 3115 praelibata
1174 3079 1209 3110 N
1211 3080 1266 3112 affa

211 3113 384 3158 de'Quissen
400 3115 511 3153 ejulque
523 3114 623 3159 limites
638 3118 671 3147 &
693 3117 765 3147 infra
783 3116 941 3147 Terminos
955 3116 1155 3155 Juredietionis
1175 3117 1264 3150 211&ae

216 3151 349 3183 CiVitatis
363 3154 611 3190 comprehenditur
619 3177 629 3191 ,

233 3190 368 3235 uEtesset
384 3190 519 3229 difficile,
540 3202 642 3230 grave,
660 3193 694 3224 &
709 3192 856 3223 absurdum
871 3191 948 3232 quod
962 3192 1035 3223 infra
1055 3192 1157 3225 limites
1180 3193 1270 3226 Peda-

211 3237 250 3272 gii
265 3229 336 3260 dieti
350 3228 445 3273 Castri'
459 3231 491 3260 &
506 3229 662 3261 Terminos
676 3230 876 3268 Juredititionis
899 3232 969 3262 dieti
992 3230 1122 3263 Civitatis
1144 3232 1180 3263 de
1193 3244 1271 3265 novo

215 3266 324 3310 dictum
342 3267 497 3304 pedagium
512 3268 592 3299 dicto
609 3268 742 3299 Domino
767 3268 876 3300 Karolo
890 3293 900 3309 ‚
927 3269 1018 3300 modo
1039 3270 1072 3300 &
1088 3270 1180 3302 forma
1197 3282 1273 3310 prae-

217 3304 319 3342 missis,
339 3306 538 3337 concederetur
553 3309 587 3338 &
611 3307 763 3346 levaretur,

255 3341 291 3386 Et
305 3343 410 3373 nedum
426 3344 494 3374 esset
511 3346 623 3376 tantum
638 3345 823 3384 praejudiciale
837 3346 871 3377 &
885 3345 1075 3382 dampnosum
1090 3346 1173 3378 dietis
1189 3346 1275 3378 Civi—

223 3388 274 3411 tati
289 3382 322 3412 &
340 3381 443 3412 Cast'io
458 3382 589 3421 Baionae,
607 3393 708 3422 ymmo
727 3384 856 3421 Pedagiis
880 3384 982 3421 Regiis
1004 3384 1144 3416 Villarum
1159 3385 1276 3417 Sorduae

219 3419 254 3450 &
266 3418 302 3448 de
316 3418 493 3463 Fastingues,
512 3431 624 3451 necnon
643 3421 769 3458 Pedagio
785 3422 821 3452 de
837 3422 918 3453 Petra
930 3423 1017 3453 forata
1024 3422 1107 3453 levari
1120 3424 1275 3463 consueto,

219 3467 238 3526 Ξ
251 3458 721 3537 &affissifindfflstissgflsaepffi‘
730 3460 1206 3531 Fnssssa‘ffleffffimiss'cffca‘issmssss?
1215 3464 1275 3531 ’mg‘

1207 3512 1224 3531 u

221 3534 258 3564 &
271 3544 287 3564 a
302 3534 383 3564 dieto
396 3533 466 3565 loco
483 3534 518 3565 de
535 3535 703 3567 Petraforata
723 3544 773 3574 per
795 3540 918 3575 quinque
939 3537 1019 3568 milas
1031 3537 1108 3569 dieta
1128 3538 1215 3570 Naffii
1239 3524 1276 3572 de

224 3571 365 3610 Guissen,
383 3574 519 3604 continue
535 3584 619 3604 unam
637 3575 701 3612 post
717 3575 816 3613 aliam,
835 3575 937 3614 distat,

269 3612 385 3654 Qibus
401 3612 487 3642 etiam
511 3611 592 3642 Villis
611 3612 710 3649 Regiis
729 3614 762 3644 &
785 3613 865 3644 dieto
888 3613 954 3645 loco
976 3613 1011 3644 de
1026 3613 1195 3646 Petraforata
1208 3638 1217 3654 ,
1244 3626 1278 3647 ex

227 3650 402 3693 Inpositione
419 3649 489 3679 dieti
505 3648 591 3680 Novi
616 3650 731 3690 Pedagii
746 3674 756 3689 ,
780 3661 930 3690 gravamen
958 3651 1009 3682 fuit
1031 3653 1065 3683 &
1088 3653 1128 3684 est
1144 3654 1248 3685 illatum
1263 3666 1279 3686 e

229 3688 357 3726 Pedagio
375 3687 470 3726 Regio
481 3709 491 3725 ,
507 3688 582 3725 quod
598 3687 653 3726 ipse
669 3689 814 3720 Dominus
828 3689 920 3720 noster
941 3689 1004 3720 Rex
1019 3689 1101 3721 habet
1115 3693 1145 3722 in
1159 3693 1207 3724 sua
1225 3693 1278 3723 Ci-

231 3728 314 3758 vitate
330 3726 444 3764 Aquen.
465 3725 558 3756 situata
571 3726 650 3764 super
667 3727 786 3765 Adurri,

269 3765 307 3795 Et
322 3774 380 3794 non
396 3764 506 3795 tantum
522 3764 670 3802 praelibatis
683 3764 854 3795 Civitatibus
868 3765 901 3795 ὃ(
927 3764 1006 3795 Villis
1029 3765 1144 3806 Regiis,
1160 3769 1195 3799 ὃς
1210 3769 1279 3800 loco

253 3802 371 3832 raediim
387 3802 422 3832 de
435 3802 602 3833 Petraforata
614 3804 648 3835 &
663 3802 812 3840 Pedagiis,
830 3804 911 3838 ineis
919 3805 1061 3840 percipere
1073 3807 1228 3845 consuetis,
1245 3816 1280 3838 ex

251 3841 405 3876 npositione
417 3842 450 3872 &
465 3840 657 3872 Concessione
672 3840 742 3871 dieti
761 3842 830 3870 novi
852 3836 983 3880 Pedagii,
1001 3842 1055 3872 fuit
1075 3845 1109 3874 &
1123 3845 1164 3875 est
1182 3848 1283 3882 gravass

235 3886 304 3907 men
317 3877 421 3908 illatum
430 3902 438 3916 ,
458 3887 559 3918 ymmo
573 3880 708 3910 omnibus
721 3879 780 3910 aliis
793 3878 889 3915 Ligeis
901 3880 935 3910 &
949 3878 1074 3910 Subditis
1088 3891 1184 3913 contra
1199 3883 1282 3915 Mare

234 3915 269 3947 &
285 3914 449 3957 ultrahMare
463 3917 532 3947 dicti
546 3917 671 3948 Domini
686 3917 775 3948 nostri
798 3916 886 3954 Regis
901 3939 912 3955 ,
936 3918 984 3955 qui
999 3918 1064 3949 alias
1088 3931 1102 3950 a
1117 3929 1194 3951 tanto
1209 3931 1283 3953 tem-

234 3961 322 3990 pore,
339 3960 406 3983 citra
442 3954 496 3984 uod
509 3965 566 3985 non
583 3957 623 3988 est
647 3957 784 3986 memoria
803 3955 954 3985 hominum
976 3956 1004 3985 in
1023 3960 1215 3998 contrarium,
1234 3970 1282 3998 per

224 3990 349 4061 &gili-113
353 3989 408 4066 ΠῘῙῘῘ
433 4001 478 4022 am
485 4014 495 4031 ‚
511 3993 566 4025 sine
583 3996 719 4026 ioiurione
729 3994 842 4032 alicujus
854 3992 971 4033 Pedagii
979 4016 990 4033 ,
1002 3994 1121 4027 liberum
1128 3996 1283 4031 habuerunt

1272 137 1837 192 E83L1TERAE‚

1292 229 1331 261 Et
1346 229 1412 261 nonv
1421 230 1463 261 est
1479 231 1625 262 verisimile
1639 231 1752 262 diCtum
1768 230 1933 261 Dominum
1951 215 2077 261 nostrum
2091 228 2203 269 Regem
2213 252 2223 268 ‚
2239 227 2260 261 fi
2277 227 2314 260 de
2334 221 2411 256 Ann-
2425 210 2467 256 D.

1261 383 1425 421 missorum,
1442 384 1679 424 Subditorumque
1693 384 1774 422 ipsius
1788 383 1910 414 Domini
1921 382 2007 412 nostri
2026 382 2131 422 Regis,
2148 385 2182 415 δε
2198 384 2226 414 in
2239 383 2321 415 favo-

1262 431 1323 451 rem
1339 422 1372 452 &
1387 422 1533 459 utilitatem
1549 423 1629 452 unius
1645 422 1788 459 singularis
1803 422 1934 452 Personae
1949 420 2118 458 (videlicet)
2136 422 2207 453 dieti
2217 421 2322 453 Domi·

1263 460 1294 489 ni
1311 457 1427 498 Karoli,
1445 460 1595 498 eidem‘qu'e
1609 459 1743 491 Domino
1761 459 1869 491 Karolo
1883 459 1992 491 distam
2014 458 2138 489 Literam
2153 459 2324 499 Patentem‚

1264 496 1437 528 Mandatum
1457 499 1488 528 in
1502 498 1530 528 vse
1545 500 1758 537 continentem,
1775 497 1953 535 concedisse,
1971 497 2110 535 difflsque
2123 499 2192 528 meis
2205 497 2325 529 Consti-

1264 536 1405 566 tuentibus
1420 560 1430 573 .,
1448 545 1476 566 ut
1489 537 1518 565 in
1533 536 1615 566 dietis
1634 536 1745 567 Patenti
1766 535 1861 568 Lirera
1879 538 1913 568 &
1935 535 2077 566 Mandato
2092 537 2269 574 continetur,
2280 538 2325 575 ip-

1265 574 1326 605 sum
1341 573 1481 604 Karolum
1493 574 1596 612 levare,
1613 576 1756 612 percipere
1770 597 1780 613 ,
1798 576 1964 613 &recipere
1971 574 2081 605 dictum
2096 574 2254 613 Pedagium
2264 575 2328 612 per-

1269 614 1428 682 mittegenfft,
1444 614 1540 651 prouti
1554 612 1590 643 de
1603 613 1683 644 facito
1697 612 1774 643 idem
1795 613 1941 644 Dominus
1964 612 2059 644 noster
2085 612 2152 644 Rex
2165 612 2330 653 mandavit,

1272 661 1341 682 man
1363 662 1378 682 a
1403 661 1426 681 e.

1308 689 1353 720 Ex
1366 691 1469 729 quibus
1480 689 1595 730 quidem
1611 689 1743 720 omnibus
1756 690 1789 720 &
1804 689 1916 728 fingulis
1932 689 2099 729 Praemiffis,
2109 691 2249 722 &eorum
2257 696 2330 730 quo-

1271 727 1356 766 libet,
1375 738 1432 766 ego
1447 729 1595 767 praedkstus
1611 727 1781 766 Bernardus,
1797 737 1918 768 quorum
1932 728 2011 766 supra
2034 730 2216 767 nominibus,
2232 729 2329 761 adhae-

1272 767 1451 806 rentiumque
1474 768 1508 798 &
1529 767 1669 798 adh-serere
1692 766 1850 796 volentium
1873 766 1943 797 huic
1975 766 2100 804 praesenti
2117 768 2309 806 Appellationi
2318 791 2330 807 ,

1273 804 1407 836 scentiens
1420 806 1512 837 diffisos
1527 816 1606 837 meos
1621 804 1826 835 constituentes
1834 826 1844 842 ,
1864 805 2072 843 praelibatosque
2086 805 2278 846 adhaerentes,
2294 808 2328 839 &

1272 842 1414 875 adhaerere
1427 845 1570 882 volentes,
1589 844 1650 874 fore
1663 844 1696 875 &
1714 842 1770 873 effe
1783 850 1910 885 gravatos
1925 844 2076 873 enormiter
2092 853 2174 884 atque
2191 845 2284 885 laesos,

1276 914 1279 917 ,
1311 882 1470 921 Dubitans,
1485 892 1519 913 ex
1535 881 1727 914 verisimilibus
1740 880 1912 919 comesturis
1924 903 1935 919 ,
1966 881 2101 919 deinceps
2120 891 2154 913 ex
2178 882 2333 916 Praemiffis

1275 922 1383 957 gravari
1398 929 1483 959 atque
1498 920 1705 958 dampnifficari
1721 921 1753 952 ὅ(
1769 919 1850 957 laedi,

1291 983 1293 986 Α
1316 959 1466 997 Quoniam
1481 959 1664 990 benefficium
1685 958 1732 996 Ap
1752 957 1902 996 ellationis,
1921 967 1936 988 a
1952 956 2051 988 finctis
2068 954 2199 989 Patribus
2213 982 2223 997 ,
2240 959 2332 998 &Ju-

1276 998 1352 1027 rium
1367 996 1593 1036 Conditoribus,
1611 1007 1627 1027 a
1642 997 1708 1027 Deo
1738 998 1777 1027 uit
1792 996 1932 1027 indultum
1955 997 1988 1027 &
2003 998 2150 1027 inventum
2168 1006 2199 1028 ut
2213 999 2335 1037 agravati

1277 1039 1311 1069 &
1325 1035 1426 1072 opreffi
1439 1046 1454 1066 a
1468 1035 1520 1066 suis
1534 1036 1739 1074 gravaminibus
1759 1037 1792 1067 &
1807 1034 2102 1074 oppreffionibus,sibi
2118 1035 2195 1066 illatis
2209 1046 2258 1075 per
2267 1036 2333 1067 Do-

1278 1075 1371 1106 minos
1386 1075 1420 1106 &
1436 1073 1613 1113 Superiores,
1631 1073 1806 1111 releventur,
1831 1074 1958 1111 maleque
1987 1073 2100 1112 pera&a
2122 1075 2155 1105 &
2175 1076 2337 1114 gravamina

1276 1116 1435 1151 reparentur
1449 1112 1572 1142 totaliter
1579 1134 1589 1150 ,
1596 1113 1764 1149 extirpentur
1776 1111 1810 1142 &
1824 1119 1990 1142 enerventur
1996 1134 2006 1150 ,

1314 1152 1342 1181 A
1355 1149 1501 1189 praemiffis
1512 1151 1736 1187 gravaminibus,
1754 1158 1910 1189 eorumque
1924 1150 2054 1187 quolibet
2063 1173 2073 1189 ,
2092 1160 2108 1181 a
2123 1150 2336 1190 distoqueDo-

1280 1192 1362 1222 mino
1377 1189 1476 1220 nostro
1495 1189 1597 1226 Rege,
1616 1188 1689 1219 male
1710 1190 1744 1220 ὃ(
1766 1187 1859 1218 minus
1877 1187 1950 1217 bene
1971 1187 2136 1220 irifformato
2150 1199 2184 1221 ac
2207 1191 2336 1221 circum-

1280 1237 1384 1267 vent0‚
1401 1239 1416 1258 a
1430 1227 1566 1265 dicitoque
1583 1227 1716 1257 Domino
1731 1225 1858 1264 Karolo,
1875 1235 1989 1256 necnon
2004 1236 2020 1256 a
2035 1225 2109 1265 diota
2126 1227 2219 1259 Litera
2232 1229 2336 1260 Paten-

1281 1276 1309 1298 te
1322 1266 1490 1297 mandatum
1506 1267 1535 1296 in
1548 1266 1574 1297 se
1586 1266 1768 1303 continente,
1786 1263 1930 1295 contentis
1944 1273 1979 1295 ue
2003 1265 2033 1293 in
2047 1264 2167 1302 eadem,
2185 1267 2219 1296 ὃς
2233 1277 2248 1298 a
2266 1277 2338 1307 quo-

1281 1315 1406 1344 cumque
1421 1305 1475 1335 alio
1493 1306 1675 1342 gravamine,
1689 1303 1773 1334 dietis
1788 1305 1857 1334 meis
1872 1306 1940 1334 conl
1956 1303 2104 1333 ituentibus
2126 1303 2159 1333 &
2175 1303 2341 1336 adhaerenti-

1283 1345 1351 1382 bus,
1369 1345 1402 1376 δε
1417 1343 1555 1374 adhaerere
1570 1343 1745 1380 volentibus,
1762 1342 1829 1373 huic
1845 1341 1972 1380 praesenti
1988 1341 2021 1372 &
2047 1340 2171 1379 pristinae
2188 1342 2341 1380 praelibatae

1283 1382 1489 1421 Appellationi,
1507 1381 1583 1412 illato
1597 1383 1630 1413 ὃ(
1647 1380 1812 1418 inferendo,
1831 1380 1864 1411 &
1879 1390 1895 1410 a
1918 1380 2066 1411 cominatis
2089 1380 2123 1410 &
2142 1382 2340 1421 cominandis‚

1284 1420 1697 1490 fflss'c‘iffisupssvffi‘g‘inssksss
1716 1415 2339 1488 ³21i³3³⁵afffil³3t³32n³⁶iissfflirffss¹ss⁵ffgffiffiumss

1284 1498 1398 1535 Regem
1407 1469 1509 1535 ‚'bpene
1524 1498 1557 1529 ὅ(
1574 1467 1733 1527 cismodigg
1741 1495 1944 1526 consulendum
1957 1495 1991 1526 &
2005 1495 2220 1526 informandum
2237 1469 2339 1529 &1210-

1285 1546 1324 1567 co
1340 1537 1373 1567 &
1389 1544 1518 1573 ternpore
1535 1537 1685 1573 congruis,
1703 1545 1750 1573 per
1766 1543 1832 1572 me,
1845 1543 1967 1574 quorum
1975 1533 2052 1572 supra
2064 1534 2244 1573 nominibus,
2262 1535 2340 1567 &ad

1284 1575 1359 1606 suam
1374 1573 1493 1604 Curiam
1508 1574 1648 1610 Regalem
1662 1574 1706 1604 seu
1727 1572 1937 1603 Consistoi-ium
1950 1596 1960 1611 ,
1978 1571 2185 1611 Apostolosque
2204 1582 2272 1613 peto
2300 1575 2343 1605 se-

1286 1613 1361 1650 mel,
1379 1612 1470 1651 saepe,
1485 1612 1599 1650 saepius,
1613 1612 1646 1643 &
1661 1611 1812 1648 instanter,
1829 1613 1863 1643 ὅ(
1876 1620 1946 1642 cum
1960 1621 1991 1641 ω
2014 1610 2200 1650 Reverentia,
2217 1622 2272 1651 qua
2293 1612 2344 1644 de-

1289 1660 1333 1721 get
1342 1652 1535 1720 &geconvengt
1558 1651 1629 1681 mihi
1645 1673 1655 1690 ,
1688 1649 1779 1681 modo
1792 1649 1826 1681 δε
1847 1649 1942 1680 forma
1956 1649 2117 1688 praemiffis,
2134 1660 2183 1688 per
2199 1661 2250 1682 vos
2272 1651 2345 1683 mihi

1310 1700 1349 1721 ari
1413 1700 1505 1720 conce
1526 1700 1535 1719 i

1327 1729 1364 1759 Su
1367 1737 1493 1766 pponens
1507 1712 1707 1759 oo’nstituentes
1715 1736 1793 1758 meos
1800 1749 1810 1765 ‚
1829 1725 2041 1767 civitatemque
2049 1725 2161 1758 Baionae
2170 1728 2346 1765 praemissam

1290 1765 1430 1803 Regalem
1441 1790 1450 1805 ,
1459 1767 1491 1797 &
1501 1776 1547 1797 me
1556 1789 1566 1804 ,
1584 1767 1660 1797 bona
1668 1765 1824 1796 mobilia&
1832 1766 1979 1796 inmobilia
1985 1775 2084 1796 eorum
2091 1788 2102 1803 ,
2111 1766 2284 1806 ubicumque
2291 1768 2345 1798 fint

1291 1807 1324 1837 &
1333 1805 1434 1836 fuerint
1442 1828 1452 1843 ,
1467 1804 1727 1843 adhaerentesque&
1741 1803 1882 1835 adhaerere
1892 1804 2017 1835 volentes
2029 1804 2096 1834 huic
2106 1804 2230 1841 praesenti
2238 1805 2348 1844 Appel-

1291 1844 1388 1875 lationi
1398 1844 1610 1883 (cujuscumque
1623 1841 1741 1882 gradfis,
1749 1840 2070 1878 statiis,&conditionis
2081 1842 2208 1880 existant)
2217 1844 2293 1875 bona
2301 1845 2350 1876 ad-

1295 1883 1519 1923 haerentiumque
1534 1882 1692 1914 mobilia&
1708 1880 1855 1912 inmobilia
1861 1880 1930 1919 ,sub
1944 1881 2142 1918 protectione,
2158 1881 2294 1922 tuitione,
2313 1883 2350 1915 ὅς

1293 1922 1365 1967 salva
1396 1921 1468 1953 ardia
1484 1921 1592 1966 speciali
1609 1920 1805 1965 praenominati
1819 1918 1943 1950 Domini
1955 1918 2044 1950 nostri
2064 1917 2151 1960 Regis
2172 1919 2206 1951 ὃς
2220 1919 2274 1952 suae
2297 1920 2351 1959 Se}

1295 1959 1848 2044 reiihssffisffiffffifffflargffisstffimlq'
1867 1998 1902 2030 ὅ(
1918 1998 2034 2029 cuilibet
2056 1998 2116 2036 ejus
2137 1997 2355 2031 locumteneni

1296 2046 1336 2079 ti,
1350 2038 1465 2078 ,disstum
1478 2046 1588 2068 novum
1603 2036 1757 2077 Pedagium
1772 2046 1897 2075 recipere
1913 2038 2045 2075 conanti,
2063 2046 2097 2067 ex
2113 2046 2190 2076 parte
2203 2037 2274 2069 dieti
2284 2038 2352 2069 Do-

1297 2077 1370 2107 mini
1386 2075 1476 2106 nostri
1492 2075 1595 2115 Regis,
1614 2076 1644 2105 in
1659 2084 1794 2114 quantum
1815 2076 1886 2106 mihi
1902 2075 1942 2105 fas
1956 2074 1997 2106 est
2013 2098 2023 2114 ,
2045 2075 2080 2106 &
2093 2086 2109 2106 a
2124 2076 2195 2115 Jure
2210 2074 2353 2114 permitti-³

1296 2122 1357 2153 tur,
1374 2124 1497 2153 quorum
1511 2114 1590 2152 supra
1603 2115 1783 2152 nominibus,
1799 2115 1854 2152 ne,
1873 2113 2012 2152 pendente
2027 2113 2189 2152 hujusmodi
2197 2114 2353 2147 Reclama-

1297 2155 1373 2184 tione
1387 2155 1421 2185 &
1437 2154 1465 2184 A
1520 2153 1649 2192 natione,
1665 2153 1767 2191 aliquid
1782 2155 1921 2194 innovent
1935 2152 1981 2183 seu
2001 2160 2167 2190 attemptent
2177 2175 2187 2191 ,
2206 2154 2236 2183 in
2251 2154 2353 2191 praeju-

1297 2192 1402 2223 ditium
1416 2192 1450 2223 ὃς
1483 2201 1622 2229 ampnum
1637 2191 1781 2222 mistorum
1794 2200 1926 2222 meorum
1941 2189 2188 2222 Constituentium
2206 2192 2354 2223 adhaeren-

1297 2232 1443 2269 tiumque,
1457 2229 1597 2261 adhaerere
1611 2230 1772 2261 volentium
1786 2229 1854 2260 huic
1868 2229 1995 2267 praesenti
2015 2229 2204 2267 Appellationi
2213 2253 2223 2269 ,
2236 2231 2357 2269 vilipen-

1297 2269 1378 2301 dium
1400 2266 1434 2300 &
1457 2276 1661 2306 contemptum
1683 2268 1754 2299 dicti
1774 2267 1900 2298 Domini
1922 2268 2011 2299 nostri
2027 2268 2118 2306 Regis
2131 2291 2142 2307 ,
2164 2268 2359 2309 praesentisque

1298 2318 1372 2340 meae
1390 2308 1610 2346 Appenationis,
1625 2308 1754 2339 innovari
1777 2306 1823 2338 seu
1845 2308 2004 2345 attemptari
2017 2317 2033 2337 a
2054 2316 2091 2345 qu
2132 2316 2198 2338 uam
2211 2309 2362 2345 permina,

1298 2355 1385 2386 tatur,
1403 2347 1474 2385 quin
1489 2348 1583 2377 immo
1597 2346 1731 2384 innovata
1745 2345 1791 2377 seu
1805 2353 1967 2384 attemptata
2010 2345 2030 2376 fi
2045 2355 2108 2385 quae
2134 2354 2193 2384 int,
2206 2345 2242 2377 ad
2255 2345 2358 2378 statum

1299 2386 1428 2417 debitum
1442 2386 1477 2417 &
1508 2384 1636 2416 ristinum
1648 2384 1802 2422 reducant,
1820 2384 1954 2415 reducive
1969 2368 2072 2415 saciant
2086 2383 2220 2423 indilate,

1337 2422 1482 2455 Protestan
1503 2433 1523 2454 o
1535 2425 1572 2455 ab
1583 2423 1710 2462 expreffo
1724 2422 1760 2453 de
1776 2423 1898 2462 injuriis,
1925 2421 2051 2454 offenffis
2063 2444 2081 2461 ,‹
2098 2422 2131 2453 &
2146 2422 2293 2461 dampnis,
2307 2432 2359 2461 pei·

1300 2462 1374 2502 ipsos
1388 2462 1474 2494 dictis
1490 2462 1560 2493 meis
1573 2461 1826 2500 constituentibus,
1850 2462 1934 2493 etiarn
1956 2461 2160 2492 adhaerentibus
2206 2461 2360 2493 adhaerere-

1302 2512 1358 2542 que
1372 2501 1548 2540 volentibus,
1566 2500 1646 2532 illatis
1657 2499 1703 2531 seu
1717 2501 1838 2540 agitatis,
1856 2499 2006 2530 inferendis
2023 2499 2057 2529 &
2071 2499 2116 2537 agi
2185 2499 2191 2504 '
2212 2521 2222 2536 ,

1341 2540 1376 2571 Et
1392 2539 1598 2580 prossequendo
1611 2540 1644 2571 &
1660 2539 1785 2577 petendo
1802 2548 1834 2569 ea
1847 2562 1857 2576 ,
1881 2538 1950 2568 loco
1966 2538 2000 2568 &
2015 2540 2165 2575 tempore,
2182 2546 2282 2568 coram
2305 2537 2356 2570 illo

1302 2577 1348 2609 seu
1362 2578 1430 2617 illis,
1447 2578 1482 2622 ad
1497 2588 1583 2622 quem
1598 2578 1644 2608 seu
1661 2587 1732 2616 quos
1745 2577 1874 2616 cognitio
1888 2573 2100 2614 praemifforuiii
2113 2575 2247 2614 expeeaz
2259 2577 2294 2608 &
2309 2586 2359 2608 ex-

1306 2616 1741 2697 peggeergliggsgicngrboestandq
1764 2663 1812 2684 me
1834 2652 1998 2698 praesentem
2013 2651 2281 2697 Reclamationem,
2299 2653 2362 2692 Ap-

1304 2693 1504 2731 pellationem,
1522 2692 1568 2723 seu
1584 2691 1823 2723 Provocationem
1844 2691 1979 2721 insinuare
1998 2691 2032 2722 &
2054 2697 2186 2721 Intimare
2209 2694 2364 2729 praenomi-

1305 2740 1371 2762 nato
1386 2731 1520 2762 Domino
1535 2729 1632 2760 nofflo
1647 2729 1745 2767 Regi,
1760 2731 1794 2761 &
1809 2730 1838 2759 in
1853 2729 1903 2760 suo
1927 2728 2113 2759 Concistorio
2128 2728 2226 2767 Regio
2241 2740 2304 2761 eam
2317 2732 2362 2761 in·

1303 2769 1452 2801 troducere
1467 2779 1551 2808 quam
1570 2769 1653 2799 citius
1672 2768 1706 2799 &
1721 2767 1869 2806 quomode
1892 2776 2008 2805 potere,
2025 2768 2095 2798 cum
2112 2790 2121 2806 ‚
2146 2777 2200 2806 pro
2216 2769 2362 2807 praesenti,

1304 2817 1417 2847 propter
1429 2809 1539 2839 viarum
1553 2806 1755 2850 discrimina&
1767 2805 2360 2875 pericula,distantiamqueffitinerum,no-

1304 2848 1377 2877 torie
1391 2847 1421 2877 in
1440 2846 1562 2884 partibus
1575 2844 1724 2876 Vascomae
1737 2847 1771 2878 &
1786 2854 1818 2875 in
1834 2854 1906 2876 mari
1920 2845 2115 2883 occurrentia,
2135 2845 2140 2850 '
2163 2843 2202 2875 ud
2215 2844 2308 2876 facere
2327 2845 2362 2877 &

1303 2885 1457 2923 adimplere
1472 2894 1532 2915 non
1546 2883 1674 2922 valeam,

1340 2923 1435 2954 Etiam
1450 2921 1588 2961 protestor
1605 2922 1769 2960 praesentem
1786 2921 2015 2960 Appellationem
2033 2921 2069 2952 &
2082 2920 2252 2960 praemissam
2266 2920 2361 2959 pristi-

1303 2972 1371 2993 nam
1386 2962 1573 2993 corroborare
1587 2961 1621 2992 &
1634 2960 1804 2991 confirmare
1819 2970 1868 2998 per
1881 2970 1931 2998 ea,
1950 2968 2014 2997 quae
2027 2958 2099 2990 mihi
2110 2959 2278 2991 incumbent
2281 2960 2362 2998 juxta

1303 3002 1337 3034 &
1350 2999 1507 3033 secundum
1523 2999 1684 3040 qualitatem
1698 2998 1835 3039 praesentis
1848 2997 1979 3038 Negotii.

1342 3078 1411 3118 Qua
1425 3077 1540 3116 quidem
1554 3077 1756 3117 Appellationis
1771 3075 1899 3115 Credula,
1917 3074 1956 3120 src
1965 3098 1975 3114 ,
1992 3083 2024 3107 ut
2039 3076 2236 3120 praemittitur,
2254 3086 2362 3115 perme

1305 3116 1379 3148 lecta
1387 3139 1397 3156 ,
1413 3116 1504 3147 dietus
1517 3117 1665 3154 Sindicus,
1682 3124 1713 3147 ut
1725 3115 1896 3146 Procurator
1908 3113 2055 3145 dictorum
2063 3113 2277 3153 Dominorum,
2297 3115 2365 3146 Ma-

1303 3155 1616 3231 ssiuae
1630 3152 2365 3230 {esstmessanenses&

1602 3215 1613 3231 ‚
2353 3209 2367 3216 -

1310 3232 1372 3263 sivit
1385 3241 1416 3263 ut
1429 3232 1497 3268 sibi,
1514 3230 1691 3261 Nominibus
1705 3230 1805 3268 quibus
1819 3229 1899 3268 supra
1908 3252 1917 3268 ,
1935 3239 1966 3260 ut
1980 3238 2122 3267 appareret
2136 3230 2172 3260 de
2185 3229 2232 3260 sua
2245 3229 2274 3260 d·
2289 3231 2294 3236 '
2315 3240 2367 3260 en-

1310 3271 1365 3308 tia,
1382 3269 1458 3313 daret
1471 3270 1504 3300 &
1519 3269 1677 3312 concedere
1697 3269 1797 3312 vellet,
1816 3267 1894 3312 super
1914 3267 2066 3299 Praemissis
2081 3291 2091 3306 ,
2117 3267 2179 3299 suos
2199 3267 2307 3305 Aposto
2316 3277 2367 3306 os,

1313 3318 1383 3346 quos
1398 3307 1505 3337 ibidem
1519 3306 1612 3338 dictus
1633 3306 1783 3338 Dominus
1806 3306 1962 3344 Episcopus
1977 3330 1987 3346 ,
2011 3315 2145 3344 tanquam
2167 3304 2256 3335 Causa
2269 3314 2369 3336 coram

1314 3345 1373 3384 ipso
1386 3345 1460 3376 faeta
1476 3346 1509 3377 &
1526 3345 1620 3384 gesta,
1637 3345 1698 3376 suos
1714 3345 1869 3383 Apostolos
1884 3345 2103 3376 Testimoniales
2115 3343 2209 3375 eidem
2227 3341 2367 3374 Procura-

1316 3385 1390 3414 torio
1403 3384 1436 3414 &
1451 3383 1570 3414 Sindico
1586 3383 1724 3415 conceffit
1739 3392 1820 3421 atque
1834 3383 1919 3413 dedit.

1353 3422 1402 3452 De
1415 3422 1514 3459 quibus
1525 3423 1660 3453 omnibus
1681 3423 1714 3453 &
1736 3422 1845 3461 singulis
1860 3422 1952 3453 dietus
1972 3420 2104 3452 Sindicus
2123 3419 2158 3450 &
2179 3417 2368 3459 Procurator,

1315 3462 1432 3491 nomine
1447 3470 1504 3497 quo
1516 3459 1611 3499 supra,
1629 3471 1657 3491 re
1679 3460 1767 3491 uisivit
1783 3470 1829 3490 me
1852 3460 2007 3491 Notarium
2021 3466 2050 3488 ut
2063 3457 2100 3501 de
2114 3455 2263 3495 praemiffis
2284 3456 2369 3489 Reti-

1315 3508 1410 3529 nerem
1424 3498 1514 3540 adque
1531 3498 1647 3537 darem,
1677 3500 1715 3529 ub
1733 3499 1801 3529 meis
1816 3498 1967 3538 Singno&
1981 3495 2128 3539 Nomine,
2147 3493 2368 3535 Unum,Duo‚

1315 3537 1360 3568 vel
1376 3545 1476 3575 quanta
1489 3537 1557 3574 iibi,
1575 3538 1694 3567 nomine
1709 3536 1867 3574 quosupra,
1883 3544 1962 3566 erunt
1975 3531 2369 3570 neceffana,1nstrumentum

1315 3575 1361 3605 seu
1377 3575 1562 3605 Instrumenta
1571 3598 1580 3613 ‚
1596 3574 1673 3614 quod
1686 3575 1718 3606 &
1732 3585 1796 3615 quae
1809 3575 1860 3606 sibi
1874 3571 1999 3605 conceffi
2015 3580 2048 3602 ex
2063 3580 2132 3603 meo
2153 3569 2266 3602 Officio
2279 3581 2367 3611 agen-

1320 3614 1392 3645 dum
1409 3614 1441 3644 &
1455 3612 1568 3652 agenda.

1357 3690 1430 3721 Aeta
1445 3690 1554 3721 fuerunt
1569 3690 1631 3721 haec
1646 3690 1761 3722 Baionae
1776 3690 1878 3727 Loco,
1895 3684 2069 3724 Anno,Die
2096 3685 2176 3716 uibus
2189 3683 2282 3724 supra,
2308 3685 2371 3718 Re-

1319 3736 1420 3767 gnante
1429 3750 1439 3766 ,
1457 3729 1639 3759 Sereniffimo
1653 3729 1785 3768 Principe
1800 3727 1936 3757 Domino
1951 3723 2068 3762 nostro,
2110 3725 2213 3768 omino
2226 3724 2372 3765 Hemico,

1320 3768 1379 3798 Dei
1395 3766 1514 3804 Gratia,
1532 3770 1654 3797 Franciae
1669 3767 1708 3802 &
1727 3765 1834 3804 Angliae
1848 3767 1934 3801 Rege,
1950 3763 2036 3793 Duce
2049 3763 2225 3805 Aquitaniae,

1355 3804 1527 3835 Honorabili
1542 3806 1630 3843 Viro,
1647 3804 1738 3835 Wtale
1751 3804 1784 3834 de
1796 3803 1894 3833 Sanan
1906 3800 2038 3840 Johanne
2051 3798 2180 3839 Majore,

1356 3842 1544 3874 Praesentibus
1565 3866 1575 3881 ,
1601 3843 1735 3874 Discreto
1756 3841 1842 3879 Viro,
1862 3838 2164 3882 Domino-Bertraemdo
2178 3839 2209 3869 de
2224 3839 2371 3880 Doacolupn'

1319 3881 1478 3914 Presbitero
1493 3882 1527 3912 &
1543 3881 1740 3912 Praebendario
1753 3881 1782 3910 in
1799 3877 1922 3909 Ecclesia
1937 3876 2043 3915 Maiori
2057 3876 2156 3907 Baion.

1356 3922 1436 3949 Petro
1451 3920 1527 3949 Ard.
1545 3920 1577 3949 de
1592 3922 1753 3950 Lavarren.
1771 3917 1906 3954 Clerico,
1922 3914 2034 3945 Baionae
2048 3924 2265 3956 commorante,

1354 3955 1490 3988 Testibus
1506 3957 1541 3988 ad
1560 3957 1700 3996 praemissa
1713 3956 1820 3988 voeatis
1832 3955 1866 3986 &
1879 3954 2000 3992 rogatis,

1362 4034 1405 4065 Et
1417 4044 1458 4065 me
1475 4032 1562 4066 Petro
1574 4033 1611 4065 de
1626 4031 1800 4071 Lescathioe,
1817 4029 1915 4062 clerico
1936 4029 2098 4072 Baionenfi,
2115 4030 2220 4065 Publica
2238 4030 2371 4099 Aulizrtif

2352 4080 2379 4099 0.

2358 1467 2472 1498 *vrit

2378 1509 2446 1548 583·
