2562 4274
109 290 186 321 Ann.
195 287 242 320 D.

126 336 211 367 1423.

109 371 174 396 Hm.
192 369 220 395 6.

107 455 160 479 An.
178 462 204 482 2.

108 494 144 518 H.
163 491 191 518 6.

109 532 202 557 Pam.

110 570 144 594 H.
161 567 188 595 6.

106 611 132 642 p.
155 614 181 640 3.

110 653 145 670 m.
156 651 202 678 ²5·

88 2236 168 2272 ᾺΠΠ.
184 2238 225 2271 ΒΔ

113 2287 198 2318 1423.

86 2321 140 2345 An.
162 2328 186 2347 2.

87 2360 123 2384 H.
139 2357 167 2384 6.

126 2395 191 2422 Ibid.

86 2441 123 2461 m.
142 2442 186 2469 33.

87 2536 219 2577 *Xgim

805 194 916 239 ET
996 201 1265 244 ACTA
1347 205 1819 257 PUBLICA.

411 369 470 400 Pro
484 365 606 413 Duciffiz
623 365 808 410 sialandia,
836 367 918 413 quod
925 368 987 414 fiat
1002 371 1157 418 Indigenae.

265 451 569 521 RE)550mnibu*sd
581 452 616 483 ad
631 462 718 492 quos,
738 453 800 484 &c.
815 452 950 486 Salutem.

399 500 475 522 ciatis
490 501 549 528 quo
578 515 587 529 ,

297 526 347 559 De
361 530 465 560 affensu
483 530 516 560 &
531 530 700 560 avisamento
714 528 913 561 Dominorum
929 531 1120 570 spiritualium
1138 533 1172 564 &
1185 533 1320 572 Tempo-

260 566 358 598 ralium
374 579 407 600 ac
422 569 644 611 Communitatis
658 566 754 606 Regni
774 568 862 599 nostri
876 570 1004 609 Angliae,
1019 573 1048 601 iri
1068 572 1197 610 praesenti
1217 573 1320 603 Parlia-

260 615 360 637 mento
375 607 471 638 nostro
485 605 663 637 existentium
672 630 680 643 ,

295 645 464 686 Concefflmus
477 668 486 682 ,
503 644 651 674 cariffimae
673 644 901 683 Consanguineae
924 647 1026 678 nostrae
1041 671 1052 687 ‚
1068 648 1185 688 Jacobae
1203 649 1318 689 Duciffae

257 684 425 726 Glaucestriae
435 682 512 722 quod
528 682 580 721 ipsa
585 681 646 724 fiat
660 684 794 722 indigena,

293 724 332 754 Et
350 723 428 762 quod
442 722 496 761 ipsa
512 722 581 753 sicut
597 722 727 761 [ndigena
742 723 775 753 &
791 723 876 761 Ligea
891 724 1017 756 Faetnina
1030 726 1124 756 nostra
1134 749 1144 765 ,
1168 728 1230 756 tam
1246 726 1318 757 infra

256 759 396 802 Regnum
410 761 540 791 nostrum
554 760 685 799 Angliae,
704 761 789 799 quam
801 762 865 791 alibi
882 763 953 793 infra
970 763 1144 796 Potestatem
1158 767 1192 797 &
1209 765 1318 796 Domi—

255 802 337 831 nium
353 798 463 838 nostra,
481 799 630 837 habeatur,
648 800 780 831 tradimur
796 800 830 830 &t
843 810 995 840 reputetur,

296 837 445 877 Qodque
459 838 514 878 ipsa
530 837 697 869 omnimoda
711 837 874 878 Privilegia,
893 839 1065 878 LibertateS,
1083 841 1273 880 Franchefias,
1284 843 1317 872 &

255 874 409 908 Custumas
422 877 491 908 sicut
502 876 590 915 aliqua
604 875 725 906 Persona
750 876 786 907 Li
807 886 838 906 ea
852 899 862 915 ,
883 878 954 908 infra
973 879 1083 909 dietum
1102 879 1241 917 Regnum
1265 890 1317 910 no-

256 915 347 946 strum
363 916 500 954 oriunda,
517 916 586 945 infra
600 914 737 953 Regnum
753 937 762 952 ,
788 885 923 945 &Domini-a
938 938 948 953 ,
971 917 1005 947 &
1031 916 1200 949 Potestatem
1224 918 1318 950 nostra

256 955 358 986 habere
367 977 376 992 ,
393 964 426 985 ac
444 955 481 985 eis
495 955 534 984 uti
548 953 582 984 &
595 953 712 991 gaudere
726 953 810 990 poffit
824 953 911 984 libere
921 955 954 984 ὃς
967 956 1060 993 quiete
1075 957 1286 995 imperpetuum

293 992 332 1023 Et
346 993 460 1024 ulterius
477 990 557 1030 quod
573 990 649 1035 1.P.s²²²>
665 991 736 1021 infra
748 991 888 1029 Regnum
903 994 1090 1032 praedititum,
1109 997 1142 1027 ὃς
1159 997 1223 1026 alibi
1246 981 1318 1026 infia

254 1031 427 1062 Potestatem
443 1032 476 1062 &
492 1030 668 1061 Dominiutn
685 1028 796 1067 nostra,
816 1030 937 1069 Terras,
952 1032 1148 1071 Tenementa,
1167 1033 1317 1071 Redditus,

254 1070 390 1110 Servitia,
408 1069 520 1106 Feoda‚
539 1067 767 1107 Advocationes,
785 1068 860 1107 Res,
874 1069 959 1109 Jura,
975 1072 1009 1103 &
1030 1070 1218 1103 Posseffiones
1239 1083 1317 1112 qute-

253 1117 381 1177 cunsique
393 1108 470 1139 licite
484 1108 641 1148 perquirere
655 1106 756 1146 p'offit,
773 1109 830 1138 tarn
843 1109 873 1138 in
896 1108 1074 1149 Dominico,
1096 1112 1181 1151 quam
1204 1113 1233 1143 in
1257 1112 1318 1142 Re—

254 1157 303 1179 ver
316 1157 400 1185 10ne,

290 1185 431 1216 Habenda
447 1185 497 1216 sibi
511 1184 544 1216 &
558 1183 728 1216 Haeredibus
741 1184 806 1223 suis,
824 1185 869 1216 vel
885 1185 933 1216 sibi
948 1187 981 1217 ὃ(
995 1186 1165 1219 Haeredibus
1180 1189 1215 1218 de
1240 1187 1316 1218 Cor-

252 1233 322 1264 pore
336 1224 384 1254 suo
397 1225 561 1255 exeuntibus
597 1223 641 1254 seu
660 1224 737 1254 aliter
751 1246 760 1262 ,
785 1224 814 1254 in
839 1234 1023 1262 quocumque
1044 1226 1143 1256 Feodo
1165 1227 1288 1257 Talliato
1305 1250 1315 1265 ,

252 1262 298 1294 vel
314 1262 347 1293 ad
362 1263 536 1293 Terminum
553 1245 629 1292 ffitae
643 1262 716 1300 suae,
735 1271 782 1293 aut
797 1263 923 1301 alterius,
941 1262 987 1293 seu
1002 1264 1037 1294 ad
1054 1265 1231 1300 Terminum
1254 1266 1313 1295 An-

251 1311 373 1338 norum,
391 1302 425 1332 &
439 1311 469 1331 ea
485 1304 599 1338 Tenere,
617 1302 646 1331 iri
660 1301 753 1331 forma
766 1301 933 1339 sumadiffl,
951 1302 1051 1342 absque
1067 1302 1252 1345 Impetitione
1268 1304 1313 1335 vel

250 1338 461 1376 impedimento
475 1339 561 1369 nostri
579 1339 613 1369 &
629 1338 786 1370 Haeredum
801 1340 975 1377 nostrorum,

287 1377 325 1408 Et
341 1378 439 1409 eadem
454 1378 556 1408 Terras
589 1377 787 1415 Tenementa,
806 1377 958 1414 Redditus,
977 1378 1111 1417 Servitia,
1131 1380 1237 1418 Feoda,
1252 1381 1311 1411 Ad-

249 1417 433 1455 vocationes,
457 1415 537 1455 Res,
551 1400 636 1459 jura,
656 1418 690 1448 Sc
709 1416 894 1449 Poffeffiones
918 1417 998 1456 aliis,
1022 1418 1179 1449 secundum
1202 1420 1312 1459 Legem

249 1455 361 1494 Angliae
371 1478 380 1494 ,
399 1455 476 1485 Dare
489 1456 522 1487 &
539 1453 667 1486 Alienare
679 1454 781 1494 possit,

292 1495 440 1532 Qiodque
455 1494 526 1533 ipsa,
542 1495 571 1523 in
586 1494 717 1524 omnibus
731 1493 825 1524 Curiis
841 1493 958 1532 nostris,
977 1495 1010 1525 ὃς
1021 1495 1080 1526 aliis
1102 1495 1195 1526 Curiis
1205 1518 1214 1534 ,
1241 1496 1312 1528 infra

249 1531 360 1562 'dietum
379 1532 520 1569 Regnum
536 1531 681 1570 nostrum,
710 1532 754 1563 vel
776 1532 840 1562 alibi
865 1533 934 1563 infra
954 1532 1126 1564 Potestatem
1148 1535 1180 1565 ὃς
1206 1535 1311 1565 Domi-

249 1572 330 1601 nium
346 1571 439 1601 nostra
454 1571 587 1611 praedksta
597 1593 607 1609 ,
623 1570 803 1600 omnimodas
816 1569 968 1610 Afriones,
986 1571 1087 1602 Reales
1098 1596 1107 1608 ‚
1124 1573 1157 1603 &
1177 1572 1310 1604 Persona-

247 1609 301 1647 les,
319 1611 352 1640 &
369 1608 492 1645 Mixtas,
510 1608 620 1639 Habere
633 1609 666 1639 &
681 1609 820 1648 Prosequi,
845 1609 879 1639 &
899 1609 936 1638 de
955 1609 1057 1639 eisdem
1088 1609 1259 1648 Implacitare
1277 1613 1310 1643 ὃς

246 1646 435 1686 Implacitari,
452 1658 485 1679 ac
500 1649 529 1678 in
544 1647 646 1678 eisdem
660 1646 823 1686 Respondere
841 1649 875 1678 δε
896 1646 1058 1685 Responderi
1077 1648 1161 1686 possit
1176 1672 1186 1687 ,
1208 1651 1310 1681 eodem

246 1688 338 1717 modo
353 1688 386 1717 ἃ
400 1687 470 1717 adeo
484 1686 571 1716 libere
584 1685 653 1715 ficut
667 1685 766 1723 aliquis
791 1685 949 1724 Ligeorum
968 1685 1131 1718 nostrorum
1143 1710 1153 1726 ,
1172 1689 1244 1719 inira
1266 1689 1309 1719 di-

243 1725 327 1755 &um
344 1724 481 1772 Regnum
497 1723 624 1754 nostrum
639 1723 789 1761 oriundus,

281 1762 336 1801 Et,
356 1763 437 1801 quod
451 1763 528 1794 dieta
543 1761 759 1799 Consanguinea
771 1761 864 1791 nostra
880 1761 952 1792 infra
962 1761 1098 1802 Regnum
1112 1764 1241 1795 nostrum
1251 1765 1308 1796 An—

242 1801 307 1840 gliae
321 1802 440 1832 oriunda
455 1811 515 1831 non
530 1799 600 1838 fuit,
616 1809 663 1830 aut
674 1800 767 1838 aliquo
779 1800 833 1830 alio
845 1800 976 1840 statuto,
1000 1802 1047 1834 vel
1070 1802 1260 1835 Ordinatione
1279 1806 1308 1835 in

243 1841 420 1871 contrarium
435 1840 526 1877 faeta,
549 1848 609 1869 non
623 1838 807 1869 obstantibus.

276 1878 310 1908 In
326 1878 420 1914 cujus,
438 1879 498 1908 &c.

239 1939 243 1945 ,
278 1916 368 1947 Teste
384 1916 466 1956 Rege
479 1916 553 1956 apud
570 1913 844 1956 Westmonastert‘um,
860 1916 996 1948 vicefimo
1009 1917 1055 1949 die
1069 1917 1217 1950 Ostobris.

523 1996 578 2024 Per
592 1991 675 2033 ipfiem
691 1995 787 2032 Regem
806 1993 845 2030 ᾤ’
864 1992 1007 2024 Concilium
1022 1998 1052 2026 in
1072 1994 1266 2026 parliamenta.

573 2142 632 2173 Pro
656 2138 777 2185 Ductffie
796 2137 969 2184 Bedfordiaea

241 2233 362 2291 REX
380 2228 543 2273 Omnibus,
562 2233 598 2266 ad
611 2240 700 2273 quos,
717 2234 778 2265 &c.
798 2232 936 2265 Salutem.

347 2274 444 2303 Sciatis
458 2274 536 2312 quOd
546 2296 556 2311 ,
1162 2304 1164 2306 ,

275 2310 325 2341 De
341 2310 440 2341 Gratia
457 2311 550 2342 nostra
564 2310 693 2349 speciali,
709 2320 742 2341 ac
755 2310 792 2342 de
806 2311 982 2342 avisamento
994 2312 1028 2343 &
1042 2310 1303 2343 assensuDomino-

239 2359 303 2380 rum
318 2349 505 2388 Spiritualium
520 2351 552 2380 ὃ(
566 2350 783 2386 Temporalium
793 2360 841 2387 ‚ac
857 2349 1083 2380 Communitatis
1097 2349 1196 2388 Regni
1212 2351 1301 2383 nostri

238 2387 367 2428 Angliae,
385 2389 413 2418 in
427 2388 553 2428 praesenti
566 2387 751 2419 parliamento
764 2388 862 2418 nostro
874 2389 1050 2420 existentium
1059 2413 1068 2427 ,

277 2426 462 2466 Conceffimus,
480 2427 592 2458 dileffle
608 2426 831 2466 Consanguineae
846 2427 966 2465 nostrae,
983 2430 1079 2457 Annae
1092 2431 1178 2459 Uxori
1199 2428 1301 2460 cariffi-

239 2466 280 2495 mi
298 2465 440 2496 Avunculi
454 2465 543 2496 nostri
559 2464 699 2505 Johannis
712 2469 795 2496 Ducis
811 2464 966 2505 Beafirdiae
983 2469 993 2501 (
1002 2467 1078 2503 cujus
1100 2468 1214 2505 quidem
1234 2472 1302 2498 An-

236 2515 280 2534 nae
296 2503 478 2542 Homagium
504 2505 587 2542 usque
612 2504 776 2535 Adventum
798 2504 878 2534 suum
900 2505 929 2534 in
959 2502 1090 2573 Αηῗὲίεω
1118 2506 1302 2545 respeetuavi-

238 2544 321 2580 mus)
344 2545 359 2560 ²*
379 2542 454 2580 quod
469 2544 522 2581 ipsa
535 2546 656 2573 Faemina
672 2545 758 2579 Ligea
782 2542 888 2583 nostra,
916 2542 987 2572 infra
1044 2552 1148 2582 egnum
1170 2544 1299 2577 nostrum

237 2580 366 2620 Angliae,
382 2583 415 2612 &
439 2581 505 2612 alibi
526 2582 595 2613 infra
616 2580 757 2612 Dominia
780 2582 813 2613 &
836 2580 1009 2612 Potestatem
1032 2581 1126 2612 nostra
1136 2590 1151 2620 ·,
1177 2583 1299 2615 Persona

234 2618 379 2650 Dotabilis
386 2621 512 2659 ,ipsaque
527 2621 560 2651 &
579 2619 713 2651 Haeredes
725 2620 763 2650 sui
776 2619 992 2650 Haereditabiles
1009 2619 1139 2660 existant,

271 2657 307 2688 Et
322 2659 431 2689 ulterius
446 2658 527 2696 quod
543 2658 614 2697 ipsa,
630 2660 687 2688 tarn
698 2659 767 2688 infra
784 2657 919 2696 Regnum
937 2657 1065 2689 nostrum
1083 2660 1298 2699 :ingliequam

234 2697 300 2728 alibi
317 2698 389 2727 infra
404 2697 500 2726 eadem
520 2697 659 2727 Dominia
675 2697 708 2727 &
723 2696 892 2727 Potestatetn
917 2696 1028 2735 nostra,
1054 2697 1083 2727 in
1108 2700 1240 2729 omnibus
1265 2701 1298 2730 &

234 2736 344 2773 singulis
361 2734 477 2772 Caulis,
501 2732 642 2773 Marenis,
663 2734 796 2773 Casibus,
817 2737 850 2767 &
867 2735 997 2774 Qierelis
1010 2758 1018 2772 ,
1039 2737 1099 2766 tam
1123 2737 1298 2768 Ecclesiasti-

237 2774 293 2810 cis,
308 2775 395 2812 qu‘am
408 2775 645 2812 Temporalibus,
663 2783 725 2804 eam
741 2773 982 2813 qualitercumque
995 2777 1246 2813 concernentibus,
1263 2778 1296 2807 δε

237 2819 302 2851 quae
314 2822 376 2842 earn
393 2819 568 2843 concernere
582 2813 695 2851 possiint
714 2813 742 2842 in
767 2813 892 2842 futurum
907 2835 916 2850 ,
943 2821 1074 2851 tanquam
1095 2824 1157 2844 vera
1179 2815 1298 2846 Persona

236 2849 332 2880 nostra
347 2850 446 2888 Ligea,
466 2850 621 2881 Haeredurn
635 2875 644 2890 ,
663 2851 696 2881 &
709 2850 909 2882 Successorum
932 2850 1094 2882 nostrorum
1110 2875 1120 2890 ,
1146 2854 1217 2884 infra
1239 2853 1298 2884 Re-

256 2898 327 2918 num
340 2888 470 2919 nostrum
490 2888 601 2927 Angliae
613 2889 745 2927 oriunda,
763 2891 797 2921 &
813 2900 872 2920 non
888 2890 983 2928 aliter,
1002 2900 1055 2920 nec
1069 2891 1123 2920 alio
1140 2892 1240 2931 modo,
1248 2892 1297 2923 ha-

235 2896 349 2964 fleatur,
365 2926 562 2966 perimeretur,
581 2927 613 2957 &
628 2927 807 2966 gubernetur,
1230 2962 1233 2963 ⁷

273 2965 312 2996 Et
327 2965 448 2996 similiter
464 2965 543 3003 quod
560 2965 616 3002 ipsa
628 2965 796 2996 omnimoda
812 2965 959 3004 Privilegia
972 2989 982 3004 ,
1001 2966 1156 2998 Libertates
1176 2990 1186 3006 2
1209 2967 1296 2997 Fran-

237 3004 357 3042 chessas,
372 3005 406 3035 &
420 3003 661 3041 Consuetudines,
677 3004 747 3033 infra
765 3003 880 3042 Regna,
898 3003 1087 3043 Potestatem,
1105 3006 1138 3036 &
1157 3005 1295 3037 Dominia

234 3042 329 3073 nostra
342 3043 495 3081 praedie'ta,
514 3042 631 3080 habere,
649 3042 707 3079 uti,
727 3043 759 3073 &
773 3042 892 3080 gaudere
915 3042 996 3079 possit
1012 3064 1022 3081 ,
1048 3044 1080 3075 &
1103 3044 1204 3074 eisdem
1228 3054 1294 3083 gau-

234 3081 297 3111 deat
313 3082 345 3111 &
361 3090 469 3119 utatur,
486 3078 573 3112 libere
589 3081 622 3111 &
638 3081 732 3119 quiete
745 3080 954 3120 imperpetuum
968 3080 1040 3112 ficut
1055 3083 1114 3112 veri
1141 3081 1219 3121 Ligei
1242 3094 1293 3113 no-

237 3118 303 3156 stri,
321 3118 392 3149 infra
405 3119 539 3158 Regnum
560 3119 688 3150 nostrum
712 3119 822 3157 Angliae
843 3118 1012 3156 praedictum
1033 3120 1164 3158 oriundi,
1188 3121 1293 3151 ratione

233 3156 446 3226 ἓὲεἰηῇεέἑωε,
464 3158 555 3225 ᾞοᾲο
570 3158 682 3188 fortiori
695 3157 810 3197 habent,
827 3157 960 3198 gaudent,
977 3157 1010 3189 ὅ(
1024 3166 1154 3196 utuntur,
1169 3167 1215 3190 aut
1232 3161 1292 3191 sunt

255 3207 269 3226 a
293 3203 355 3225 ituri
436 3206 532 3225 aViuri

272 3205 435 3272 Etinsupei
445 3234 522 3273 quod
539 3218 652 3270 {araefara
665 3236 772 3272 Anna,
793 3235 850 3266 tam
864 3234 933 3265 infra
947 3233 1056 3264 dielum
1077 3233 1123 3264 Re
1144 3245 1213 3265 num
1239 3243 1293 3266 no·

235 3271 326 3304 strum
341 3271 470 3310 Angli-x,
485 3271 569 3307 quam
590 3271 681 3309 alibi,
708 3273 779 3303 infra
801 3273 876 3304 dista
900 3273 1039 3303 Dominia
1063 3273 1095 3303 ὃς
1142 3273 1290 3305 otestatem

233 3310 344 3349 nostra,
361 3311 479 3346 TerraS,
495 3310 690 3347 Tcnernenta,
708 3310 866 3350 Redditus,
883 3311 1016 3350 Servitia,
1035 3311 1138 3351 Feoda,
1160 3312 1291 3343 Advoca-

231 3351 338 3388 tiones,
357 3349 434 3387 Res,
449 3348 534 3417 ΕΜ,
552 3349 584 3379 &
600 3348 786 3381 Poffeffiones
798 3356 1000 3388 quaecumque,
1020 3350 1074 3381 tam
1096 3351 1124 3380 in
1153 3350 1290 3381 Domini-

231 3398 286 3426 cO,
305 3389 390 3425 quam
404 3387 434 3417 iii
481 3386 641 3423 eversione,
658 3387 702 3417 seu
717 3387 751 3417 ad
765 3389 936 3418 Terminutn
958 3389 1032 3419 Vitae
1053 3389 1101 3419 vel
1123 3389 1289 3429 Annorum,

231 3427 278 3458 vel
289 3427 350 3456 alias
363 3426 412 3456 sibi
425 3427 458 3456 ὃ(
473 3425 643 3455 Haeredibus
658 3425 726 3462 suiS,
742 3427 769 3455 in
786 3426 884 3456 Feodo
898 3427 1025 3466 simplici,
1044 3437 1090 3456 aut
1106 3428 1154 3458 sibi
1170 3429 1202 3458 &
1219 3429 1289 3459 Hae-

230 3466 341 3496 redibus
356 3464 391 3494 de
405 3463 540 3502 Corpore
553 3463 602 3493 suo
618 3464 796 3500 exeuntibus,
815 3464 860 3494 seu
887 3465 950 3494 alias
977 3466 1005 3495 in
1029 3466 1128 3496 Feodo
1148 3466 1288 3505 Talliato,

231 3506 286 3535 five
298 3504 353 3534 alio
365 3503 456 3534 modo
469 3512 667 3541 quocumque,
684 3502 761 3533 licite
776 3503 930 3543 Adquirere
944 3503 977 3534 &
991 3513 1022 3534 ea
1036 3506 1134 3534 Tenere
1146 3506 1175 3535 in
1195 3505 1288 3537 forma

249 3542 363 3574 raedietfi

227 3553 247 3584 p
268 3564 397 3612 Necnc’m
412 3578 511 3610 eadem
530 3578 649 3618 Terras,
675 3578 856 3611 Tenementa
897 3578 1061 3620 Redditus,-
1087 3581 1120 3612 &
1141 3580 1258 3613 Servitia
1276 3607 1285 3621 ‚

231 3619 339 3657 Feoda,
357 3618 566 3650 Advocationes
598 3618 673 3655 Res,
689 3618 773 3657 jura,
798 3620 830 3650 &
854 3603 1039 3650 fioffeffiones
1060 3621 1229 3661 cuicumque
1249 3622 1285 3653 de

228 3657 324 3698 Ligeis
336 3657 454 3696 nostris,
478 3656 548 3686 infra
570 3640 706 3693 Regnum
727 3656 856 3687 nostrum
879 3658 991 3694 Angliae
1014 3658 1158 3697 oriundis,
1188 3663 1284 3698 Dare,

226 3698 372 3727 concedere
387 3697 420 3727 ὃς
437 3695 582 3734 Affignare
609 3694 692 3732 possit
705 3718 714 3733 ,
739 3696 893 3727 secundum
917 3697 1023 3736 Legem
1044 3699 1077 3728 &
1097 3696 1284 3729 Consuetudi-

229 3744 295 3764 nem
309 3732 405 3775 Regni
420 3735 505 3765 nostri
520 3734 647 3772 Angliae,
662 3734 763 3772 absque
778 3733 957 3773 Imperitione
967 3758 976 3773 ,
995 3735 1197 3766 Molestarione
1211 3761 1220 3774 ,
1237 3737 1283 3767 vel

228 3771 439 3810 Impedimento
454 3772 556 3812 nostri,
574 3773 618 3804 vel
633 3772 788 3804 l-laeredum
812 3773 987 3812 nostrorum,
1012 3774 1057 3805 seu
1078 3774 1282 3806 Ministrorum

228 3811 391 3842 nostrorum
406 3822 670 3850 quorumcumque,

268 3849 305 3879 Et
320 3849 432 3880 ulterius
448 3851 528 3889 quod
543 3850 640 3881 eadem
654 3854 745 3879 Anna
757 3850 937 3880 omn³modas
949 3850 1102 3889 Actiones,
1122 3851 1230 3889 Renes,
1248 3852 1281 3882 &

230 3887 407 3925 Personales,
430 3890 463 3920 &
478 3889 601 3928 Mixtas,
620 3889 731 3919 Habere
748 3911 758 3927 ,
776 3892 892 3918 Movere
910 3912 920 3926 ,
946 3889 976 3918 &
1002 3891 1148 3919 Excercere
1161 3913 1170 3928 ,
1194 3900 1226 3920 ac
1246 3891 1285 3920 eis

227 3930 276 3957 Uti
290 3927 322 3957 &
336 3926 476 3964 Gaudere,
493 3938 607 3958 necnon
622 3926 794 3965 Implaciture
807 3929 837 3958 &
853 3927 1020 3966 Implaritari
1031 3951 1041 3966 ,
1069 3938 1100 3958 ac
1122 3929 1283 3968 Responderi?

227 3966 261 3995 &
276 3963 436 4003 Responderi
474 3965 537 3995 offit
553 3968 581 3996 in
601 3966 824 4005 quibuscumque
838 3966 931 3995 Curiis
945 3967 977 3996 &
997 3966 1078 3996 Locis
1091 3989 1100 4005 ,
1125 3968 1194 3997 licut
1217 3978 1281 3997 vera

228 4001 314 4040 Ligea
329 4002 436 4038 nostra,
486 4004 629 4042 aeredum,
646 4005 678 4035 &
695 4004 893 4034 Succeilorutn
916 4004 1079 4035 nostrorum
1090 4028 1099 4043 ,
1127 4006 1197 4036 infra
1220 4005 1280 4035 Re-

224 4049 313 4080 gnum
328 4040 436 4079 Angliae
445 4041 576 4080 oriunda,

264 4078 326 4118 Eo,
345 4078 423 4118 quod
445 4080 558 4118 praefata
574 4083 666 4112 Anna
688 4081 718 4112 in
741 4079 848 4119 Regno
867 4079 966 4112 nostro
989 4078 1102 4119 Angiiae
1121 4081 1198 4114 Nata
1217 4091 1278 4114 non

2341 243 2417 284 103

1362 289 1415 321 fuit
1432 301 1478 322 aut
1491 291 1634 333 Oriunda,
1650 296 1695 327 seu
1711 299 1765 329 alio
1778 300 1878 332 Statuo
1892 304 1938 334 vel
1960 303 2149 339 Ordinatione
2163 331 2173 348 ,
2197 310 2227 340 in
2250 316 2422 346 contrarium
2444 298 2520 329 Am·
2536 299 2562 331 D

1363 328 1460 367 fae'tis,
1480 341 1538 374 non
1555 333 1737 367 obstantibus.
2470 346 2554 379 ¹4²3·

1402 366 1434 397 In
1449 378 1526 404 culus
1555 372 1614 402 &c-
2441 380 2504 405 Hm·
2529 378 2560 413 6·

1415 405 1505 437 Teste
1519 392 1602 448 Rege
1616 412 1689 448 apud
1704 414 1977 459 Wstmonasterium,
1995 422 2130 453 vicesimo
2145 423 2190 455 die
2204 424 2351 458 Ostobris.

1629 489 1682 518 Per
1697 488 1780 528 ipficm
1794 494 1890 530 Regem
1905 494 1943 530 ὠ
1958 498 2103 529 Concilium
2117 503 2146 531 in
2161 501 2356 534 Parliamento.

1371 575 2237 604 -ῄ--ᾺᾺ

1563 636 1612 668 De
1632 634 1780 683 Johanne
1801 638 1950 686 Robeffizrt
1969 645 2113 693 Indigena
2123 649 2219 693 fabio.

1360 721 1482 784 REX
1504 728 1650 762 Omnibus
1667 733 1700 763 ad
1719 744 1807 773 quOS,
1827 736 1887 767 ἃς.
1907 737 2041 771 Salutem.
2440 737 2519 772 Am·
2532 741 2562 773 D

1474 767 1573 799 Sciatis
1584 770 1663 808 quod
1678 771 1745 801 Nos
1754 795 1764 811 ,
2465 787 2554 818 1423.

1396 802 1608 848 Considerantes
1621 809 1760 839 diutinum
1779 811 1812 841 ὃς
1827 811 1907 843 fidele
1923 814 2089 855 Servitium,
2117 820 2195 857 quod
2213 844 2222 859 ,
2246 822 2364 855 dilecstus
2387 826 2421 857 &
2444 820 2497 845 An.
2513 830 2540 848 ²·

1360 839 1447 872 fidelis
1461 844 1571 891 noster,
1590 846 1734 884 Johannes
1748 849 1887 889 Robeffart
1903 852 2053 892 Chivaler,
2071 858 2131 887 tlim
2156 861 2296 891 cai‘iffirno
2317 862 2423 893 Domi·
2445 859 2480 882 H.
2505 857 2533 885 ⁶·

1360 888 1401 909 no
1414 882 1447 925 ὃς
1463 884 1545 912 Patre
1566 886 1652 923 nostro
1665 908 1674 923 ,
1698 888 1784 926 quam
1809 890 1948 920 carissimo
1965 892 2097 924 Domino
2118 897 2151 926 ὃς
2171 901 2242 928 Avo
2259 900 2345 938 nostro
2367 903 2423 931 irn-
2444 896 2463 919 P
2464 900 2494 921 ‘²'
2501 917 2505 922 ·
2529 906 2557 926 ²·

1359 919 1482 967 pendit,
1505 922 1539 952 &
1561 924 1643 953 nobis
1664 925 1810 964 impendet
1830 927 1858 956 in
1878 928 2022 969 futurum,
2440 935 2469 959 H
2492 934 2520 962 ⁶-

1359 956 1490 1027 Lissgprd
1498 960 1581 1029 fiede'rn
1595 961 1740 1000 Johannes
1754 964 1853 995 Nobis
1867 976 1900 997 ac
1916 969 2034 1005 praefato
2049 972 2131 1001 Patri
2143 972 2229 1011 nostro
2240 974 2417 1016 Homagium
2439 975 2465 1006 P·
2484 983 2513 1007 4-

1524 1009 1550 1029 C1
1571 1021 1580 1037 3
2441 1020 2478 1039 m.
2496 1019 2521 1038 Ι.

1402 1074 1406 1078 .
1431 1045 1448 1067 e
1460 1036 1630 1068 avrsamento
1643 1039 1683 1084 ὃς,
1694 1039 1799 1085 assensu
1816 1041 2011 1075 Dominorum
2027 1046 2216 1084 Spiritualium
2232 1051 2265 1081 δε
2290 1053 2422 1093 Tempo-

1358 1072 1473 1116 ralium,
1490 1084 1530 1120 ac,
1542 1075 1574 1107 ad
1590 1077 1816 1121 Requisitionein
1832 1081 2055 1114 Communitatis
2072 1085 2167 1125 Regni
2187 1089 2276 1119 nostri
2295 1092 2406 1130 Angli-ae

1360 1120 1389 1140 in
1404 1112 1533 1159 praesenti
1554 1114 1744 1148 Parliamento
1767 1119 1945 1152 existentium
1960 1147 1968 1160 ,
1996 1126 2077 1153 Conse
2096 1134 2164 1155 xmus
2182 1127 2273 1158 eidem
2293 1115 2423 1168 Johamz}

1360 1149 1440 1187 quod
1454 1152 1510 1189 ipse
1515 1151 1576 1221 {at
1589 1155 1726 1192 indigena,

1362 1227 1367 1232 .
1398 1187 1451 1226 Et,
1469 1199 1500 1220 ut
1546 1193 1621 1229 igeus
1634 1193 1739 1224 Homo
1756 1194 1869 1238 noster,
1886 1198 1942 1228 tarn
1964 1198 2034 1229 infra
2058 1200 2193 1241 Regnum
2210 1227 2219 1243 ,
2243 1206 2330 1243 quarn
2356 1208 2424 1238 alibi

1359 1226 1429 1256 infra
1445 1227 1613 1260 Potestatem
1626 1232 1660 1262 ὃς
1672 1232 1847 1263 Dominium
1864 1235 1957 1266 nostra
1974 1237 2120 1277 habeatur,
2137 1249 2265 1274 teneatur
2279 1267 2290 1283 ,
2317 1247 2419 1277 traete-

1351 1273 1418 1302 ·tur,
1433 1267 1467 1297 ὃς
1481 1276 1637 1309 reputetur,
1657 1271 1792 1312 quodque
1807 1273 1861 1310 ipse
1875 1276 2043 1306 omnimoda
2056 1278 2200 1310 Privileoia
2211 1303 2220 1319 ,
2248 1282 2404 1315 Libertates

1358 1302 1551 1348 Franehelias,
1569 1308 1603 1338 &
1624 1307 1864 1349 Conluetudines,
1887 1314 1957 1344 sicut
1979 1314 2069 1352 aliqua
2092 1305 2216 1350 Perigna
2249 1320 2336 1360 Ligea
2350 1345 2359 1361 ,
2380 1307 2421 1353 in3

1356 1340 1395 1372 fra
1409 1342 1521 1373 distum
1536 1344 1673 1385 Regnum
1688 1347 1815 1378 nostrum
1827 1352 1963 1389 oriunda,
1980 1352 2049 1384 infra
2063 1354 2200 1393 Regnum
2210 1381 2219 1395 ,
2239 1357 2411 1391 Dominium

1356 1380 1389 1424 ὄρ
1405 1379 1578 1427 potestatem
1596 1384 1688 1414 nostra
1704 1386 1835 1423 praedicta
1852 1390 1979 1428 Habere,
1999 1401 2031 1422 ac
2048 1394 2084 1423 eis
2094 1398 2143 1425 Uti
2154 1396 2186 1426 δε
2204 1397 2330 1428 Gaudere
2337 1386 2422 1437 poffi}

1355 1418 1442 1451 libere
1457 1421 1490 1451 &
1504 1424 1599 1465 quiete
1616 1424 1839 1463 imperpetuum,

1390 1457 1429 1488 Et
1445 1459 1554 1490 ulterius
1569 1462 1648 1499 quod
1663 1462 1736 1507 ipse,
1755 1464 1824 1494 infra
1840 1462 1976 1504 Regnum
1989 1468 2155 1507 prsedfflum
2171 1494 2180 1510 ,
2206 1474 2241 1504 δε
2260 1474 2325 1504 alibi
2348 1475 2420 1508 infra

1354 1494 1527 1541 Pote-[tatem
1543 1499 1575 1530 ὃ(
1597 1499 1772 1532 Dominium
1791 1502 1901 1540 nostra,
1922 1505 2038 1544 Terras,
2059 1507 2251 1548 Tenementa,
2270 1513 2409 1545 Redditus

1353 1534 1487 1573 SerVitia,
1504 1536 1614 1581 feoda,
1634 1538 1860 1581 Advocationes,
1879 1541 1952 1579 Res,
1967 1543 2053 1583 Jura,
2071 1547 2103 1576 &
2134 1548 2320 1581 Poffeffiones
2339 1539 2419 1591 quae-'-

1354 1583 1478 1639 cunsique
1491 1575 1568 1606 licite
1586 1579 1743 1617 Perquirere
1751 1577 1846 1618 poffit,
1865 1583 1923 1611 tam
1937 1582 1968 1612 in
1989 1582 2169 1624 Dominico,
2194 1589 2280 1625 quam
2300 1592 2329 1620 in
2353 1590 2417 1622 Re-

1354 1621 1403 1642 ver
1415 1622 1498 1651 ione,

1388 1651 1527 1695 Habenda
1542 1652 1592 1683 fibi
1609 1654 1641 1684 ὅτ
1656 1653 1830 1686 Haeredibus
1843 1656 1878 1688 de
1892 1656 2025 1697 Corpore
2041 1660 2090 1691 suo
2108 1666 2275 1703 procreatis,
2301 1667 2346 1698 seu
2370 1668 2419 1699 ali-

1353 1695 1414 1727 ter,
1433 1699 1462 1719 1n
1477 1699 1660 1729 quocumque
1675 1692 1774 1724 Feodo
1787 1694 1929 1734 Talliato,
1946 1699 1990 1728 vel
2005 1699 2039 1728 ad
2062 1700 2235 1732 Terminum
2259 1706 2407 1738 Annorum

1392 1730 1416 1771 '¹‘-
1427 1727 1465 1758 Et
1480 1739 1512 1759 ea
1526 1732 1640 1774 Tenere,
1659 1731 1687 1760 in
1702 1732 1794 1762 forma
1809 1734 1961 1771 supradicta
1971 1759 1980 1774 ,
1999 1737 2100 1776 absque
2113 1738 2296 1778 Iinpetitione
2305 1745 2347 1774 vel
2357 1731 2420 1776 Im-²

1350 1765 1519 1802 pedimento
1533 1769 1640 1807 nostri,
1660 1770 1692 1799 ὃς
1710 1769 1867 1801 Haeredum
1884 1774 2056 1814 nostrorum,

1391 1803 1429 1835 Et
1442 1806 1542 1849 eadem
1556 1808 1672 1845 Terras,
1692 1808 1888 1848 Tenerrenta,
1910 1812 2062 1852 Redditus,
2082 1815 2214 1856 Servitia,
2235 1819 2419 1860 Feoda,Ad-

1353 1849 1533 1883 vocationes,
1552 1843 1626 1890 Res,
1642 1846 1727 1885 Jura,
1744 1849 1777 1878 &
1791 1848 1994 1890 Poss'effiones,
2012 1854 2070 1883 aliis
2098 1857 2176 1884 Dare
2199 1858 2231 1887 &
2255 1858 2392 1891 Alienare

1353 1889 1436 1919 prout
1453 1882 1514 1914 Lex
1529 1882 1643 1922 Angliae
1655 1887 1787 1924 requirit,
2405 1886 2416 1901 ³

1372 1919 1536 1963 ‘Quodque
1558 1922 1613 1961 ipse
1625 1946 1635 1962 ,
1653 1925 1681 1953 in
1695 1926 1830 1956 omnibus
1849 1925 1942 1958 Curiis
1958 1928 2073 1967 nostris,
2091 1931 2125 1961 &
2146 1931 2204 1963 aliis
2227 1932 2323 1966 Curiis
2347 1937 2419 1970 infra

1349 1957 1460 1988 dietum
1477 1959 1612 2005 Regnum
1629 1962 1777 2001 nostrum,
1796 1964 1839 1995 vel
1854 1966 1920 1996 alibi
1936 1968 2005 1997 infra
2029 1967 2200 2000 Potestatem
2224 1973 2256 2003 &
2280 1974 2418 2007 Domini-

1349 2006 1398 2042 utn
1415 1997 1507 2028 nostra
1521 2000 1669 2039 praedicta,
1685 2003 1866 2034 omnimodas
1881 2005 2032 2044 Aetiona,
2052 2006 2170 2047 Renes,
2189 2010 2344 2043 personales
2379 2016 2415 2047 &

1349 2033 1473 2080 Mixtas,
1491 2037 1601 2080 Habere
1616 2039 1647 2069 &
1663 2039 1790 2081 Prosequi
1805 2064 1814 2078 ,
1831 2042 1863 2073 ὃς
1877 2043 1912 2073 de
1926 2044 2027 2074 elsdetn
2043 2045 2215 2088 Implaritare
2230 2051 2262 2080 &
2289 2037 2416 2090 Impiacffi

1347 2083 1392 2111 rt,
1411 2085 1488 2118 actm
1503 2076 1606 2118 eisdem
1620 2078 1782 2121 Respqndere
1797 2081 1829 2110 δε
1848 2081 2009 2121 Responderi*
2028 2088 2128 2123 poliit,
2147 2087 2251 2118 eodem
2277 2092 2364 2121 modo
2381 2093 2416 2124 &

1348 2112 1423 2142 adeo
1437 2113 1522 2143 libere
1534 2117 1600 2145 licut
1618 2117 1713 2154 aliquis
1738 2117 1892 2156 Ligeorum
1922 2121 2102 2161 nostrorum,
2127 2124 2197 2155 infra
2218 2126 2328 2158 dietum
2351 2130 2414 2162 Re-

1349 2155 1442 2188 'gnum
1461 2152 1588 2183 nostrum
1605 2153 1769 2193 Oriundus,

1350 2231 1353 2234 ἱ
1384 2188 1446 2226 Eo,
1465 2192 1545 2229 quod
1557 2192 1648 2236 dietus
1661 2193 1806 2232 Johannes
1821 2195 1891 2227 infra
1913 2196 2050 2236 Regnum
2065 2198 2195 2232 nostrum
2210 2202 2320 2243 Angliae
2342 2206 2412 2237 Ori*

1347 2228 1452 2272 rundus
1466 2238 1525 2259 non
1540 2230 1611 2274 suit,
1629 2241 1676 2262 aut
1691 2233 1783 2270 aliquo
1799 2234 1854 2264 alio
1869 2235 1981 2267 Statuto
1996 2237 2040 2268 vel
2056 2238 2243 2273 Ordinatione
2258 2265 2268 2282 ,
2293 2244 2324 2275 in
2344 2255 2413 2278 con-

1347 2273 1462 2297 tranum
1478 2268 1575 2306 faCns,
1594 2279 1653 2300 non
1666 2270 1852 2303 obstantibus.

1385 2303 1417 2336 In
1438 2307 1531 2345 cujus,
1547 2309 1608 2339 &0

1424 2344 1516 2376 Teste
1538 2344 1621 2386 Rege
1628 2346 1701 2387 apud
1718 2348 1990 2391 westmonasterium,
2007 2354 2145 2385 vicefimo
2162 2354 2206 2386 die
2221 2356 2371 2391 Oecobn's.

2438 1753 2557 1794 *X.313

1608 2424 1662 2453 Per
1678 2423 1761 2463 ipst'tm
1778 2428 1875 2464 Regem
1893 2425 1931 2462 &⁶
1949 2428 2093 2460 Concilium
2107 2435 2137 2461 in
2160 2433 2354 2468 Parliamento.

1499 2555 1548 2588 De
1573 2557 1701 2588 Moneta
1715 2583 1725 2599 ‚
1752 2560 1784 2590 in
1804 2560 1938 2593 civitate
1955 2562 2080 2605 Baionae,
2106 2563 2252 2600 cudenda.

1344 2637 1532 2691 HEnricur,
1554 2639 1610 2670 Dei
1626 2641 1729 2680 gratia,
1743 2645 1804 2672 Rex
1818 2643 1932 2682 Angliae
1944 2644 1984 2681 ό·
1998 2648 2138 2687 Franciae,
2156 2648 2194 2684 ό
2209 2654 2340 2684 Dominus
2353 2657 2407 2686 Ηί-
2427 2660 2495 2693 Αῃῃ
2514 2662 2547 2694 D'

1416 2676 1514 2722 bernr‘ae
1524 2700 1535 2714 ,
1553 2679 1708 2723 Senelcallo
1722 2682 1821 2712 nostro
1838 2682 2006 2722 Vasconiae,
2022 2687 2055 2716 ὃς
2072 2686 2291 2722 Constabulario
2309 2695 2405 2725 nostro
2455 2710 2467 2731 1
2491 2711 2509 2731 2
2547 2686 2556 2696 ⁶

1344 2711 1532 2759 Burdegaliae,
1551 2727 1598 2755 qui
1614 2729 1689 2749 nunc
1702 2719 1778 2757 sunt,
1802 2721 1846 2751 vel
1863 2723 1912 2759 qui
1923 2732 1975 2762 pio
1988 2732 2118 2761 tempore
2134 2736 2231 2765 erunt,
2251 2731 2384 2763 Salutem.
2424 2710 2539 2768 &1423¹

1380 2752 1556 2797 Quibusdam
1571 2758 1654 2799 eertis
1668 2758 1704 2787 de
1722 2757 1834 2797 Causis,
1853 2760 1923 2790 Nos
1938 2762 1971 2792 δε
1995 2760 2165 2794 Concilium
2188 2768 2315 2799 nostrum
2340 2782 2404 2802 rno-
2424 2782 2452 2804 H
2473 2780 2489 2806 6
2513 2763 2520 2770 ’

1343 2793 1490 2835 ventibus,
1509 2795 1590 2824 vobis
1611 2795 1785 2827 Mandamus
1802 2798 1898 2837 qnod,
1922 2801 2004 2830 omni
2025 2801 2155 2834 dilatione
2179 2806 2330 2844 postposita
2375 2813 2403 2841 in
2425 2801 2526 2854 tta-sc}

1344 2827 1467 2873 Ciyitate
1479 2832 1570 2862 nostra
1586 2833 1695 2864 Baionae
1711 2834 1814 2866 Talem
1829 2836 1980 2868 Monetam
1997 2839 2029 2868 &
2045 2839 2131 2870 Tanti
2147 2841 2281 2874 Ponderis
2295 2847 2326 2876 ὃς
2339 2835 2405 2880 ’Va-
2424 2858 2451 2881 H
2477 2858 2494 2884 6
2531 2840 2537 2845 Α

1342 2866 1407 2898 loris
1423 2893 1432 2905 ,
1454 2869 1553 2914 Qualis
1566 2870 1737 2915 Burdegaliae
1751 2874 1784 2904 &
1798 2875 1863 2904 alibi
1878 2876 1905 2906 in
1930 2877 2045 2907 Ducatu
2069 2878 2169 2909 nostro
2188 2884 2326 2921 praediCro
2348 2889 2402 2918 uti·
2424 2877 2457 2921 m*
2483 2878 2504 2921 ι’

1343 2913 1401 2951 tur,
1420 2907 1480 2952 fieri
1494 2910 1527 2939 <Sc
1542 2910 1628 2947 cudi,
1645 2921 1677 2940 ac
1692 2911 1823 2950 ulterius,
1841 2923 1893 2950 pro
1907 2913 2076 2945 Commodo
2092 2917 2207 2958 nostro,
2233 2922 2299 2954 inde
2320 2927 2399 2957 ordi-
2454 2914 2461 2921 ⁶
2500 2903 2525 2931 3⁸

1341 2954 1398 2974 nari
1413 2947 1516 2976 faciatis
1533 2958 1614 2984 prout
1628 2949 1725 2979 melius
1740 2950 1800 2980 fore
1819 2952 1938 2982 videritis
1960 2953 2139 2994 faciendum,

1377 2983 1430 3026 Et,
1447 2984 1462 3013 fi
1479 2983 1566 3015 Causa
1581 2986 1717 3017 sufficiens
1729 2988 1762 3017 ὃς
1779 2990 1945 3020 rationabilis
1960 2992 2092 3022 lubfuerit
2106 3016 2115 3031 ‚
2149 3004 2233 3033 quare
2252 2998 2398 3034 Praemiffa

1339 3019 1397 3050 fieri
1417 3032 1480 3067 non,
1491 3022 1609 3066 debeant
1622 3025 1666 3054 vel
1680 3025 1783 3062 poffint
1792 3051 1801 3065 ,
1818 3035 1884 3057 tunc
1897 3028 1994 3059 Nobis
2007 3031 2041 3061 δε
2056 3030 2136 3062 dieto
2153 3033 2288 3067 Concilio
2301 3041 2400 3072 nostro

1339 3058 1377 3088 de
1393 3059 1485 3107 Causa
1499 3062 1672 3109 huju-smodi,
1692 3064 1709 3093 si
1726 3065 1900 3107 qutefueiit,
1921 3067 1969 3097 sub
1986 3068 2084 3108 Sigillis
2109 3071 2223 3110 vestris,
2247 3075 2380 3109 distinete

1335 3098 1371 3164 l&
1387 3108 1497 3135 aperte,
1509 3110 1545 3143 lac
1561 3101 1692 3144 indilate,
1709 3102 1855 3140 signif-icari
1870 3106 1901 3136 &
1917 3106 2039 3137 constari
2054 3107 2172 3148 faciatis,
2198 3111 2237 3143 Et
2257 3114 2313 3146 hoc
2337 3103 2399 3148 ηιιῙἶ

1346 3145 1440 3166 atenus
1455 3147 1595 3168 omittatis.

1373 3174 1404 3218 T
1406 3175 1463 3205 este
1476 3175 1557 3214 Rege
1573 3176 1644 3221 apud
1661 3177 1934 3222 westmonasterium,
1954 3181 2100 3216 Vicefimo
2121 3188 2203 3218 tertio
2223 3188 2282 3222 Die
2303 3191 2399 3224 0&oe

1337 3212 1407 3252 bris,
1426 3214 1514 3245 Anno
1529 3215 1625 3255 Regni
1640 3215 1726 3246 nostri
1742 3217 1882 3249 Secundo.

1807 3297 1861 3325 Per
1879 3298 1972 3328 Breve
1987 3297 2019 3328 de
2038 3301 2157 3331 Privato
2176 3303 2274 3341 Sigillo.

1380 3427 1493 3466 (artae,
1519 3421 1666 3456 Richardi
1675 3427 1772 3469 primi
1788 3425 1871 3472 apud
1882 3429 2003 3474 Spiram
2023 3428 2117 3476 a'atae,
2143 3435 2342 3480 Confirmatio.

1332 3507 1458 3568 REX
1475 3508 1638 3546 Omnibus,
1655 3508 1689 3539 ad
1704 3519 1792 3549 quos,
1811 3510 1871 3542 &c.
1892 3512 2025 3546 Salutem.
2409 3534 2435 3566 Α

1441 3547 1486 3577 IN
1497 3557 1508 3577 s
1520 3556 1537 3576 P
1547 3557 1564 3577 E
1574 3557 1590 3577 x
1601 3557 1611 3577 i
1622 3555 1648 3577 M
1656 3556 1677 3576 υ
1686 3557 1698 3578 s
1715 3548 1961 3583 irrotulamentum
1985 3555 2125 3593 cujusdam
2148 3556 2243 3589 Cartae
2265 3558 2388 3593 Domini
2437 3545 2484 3567 Μ’
2497 3537 2538 3581 α’

1330 3587 1367 3629 ff.
1382 3595 1471 3630 nuper
1486 3588 1562 3623 Regis
1576 3585 1705 3630 Angiiae,
1723 3586 1912 3627 Progenitoris
1929 3591 2036 3632 nostri,
2054 3595 2083 3624 in
2105 3595 2218 3627 Retulis
2239 3596 2386 3632 Cancella-
2406 3583 2514 3640 AI423.

1329 3633 1377 3654 rioe
1392 3624 1445 3654 suae
1460 3624 1628 3662 irrotulatae,
1647 3635 1674 3654 in
1688 3625 1750 3656 haec
1766 3628 1867 3666 verba,
2402 3625 2501 3679 Ηηξς,Ν

1364 3700 1523 3746 Edwardus
1535 3723 1548 3744 ,¹
1562 3699 1616 3745 Dei
1632 3701 1811 3748 grqtlfi,'1{e.x
1828 3703 1940 3743 Angliae
1953 3705 1993 3742 ῤ’
2005 3710 2126 3739 Francia
2139 3708 2177 3745 ῤ’
2186 3713 2320 3743 Dominus·
2326 3717 2381 3746 Hi·
2435 3690 2500 3756 lbgid.

1328 3738 1426 3782 bermae
1462 3740 1707 3784 Archiepiscopis,
1724 3741 1886 3781 Epiicopis,
1907 3745 2079 3785 Abbatibus,
2099 3748 2240 3780 Prioribus
2282 3752 2387 3784 Comi·-
2404 3738 2442 3758 Μ’
2477 3749 2486 3758 ”

1327 3778 1415 3821 tibus,
1434 3762 1602 3822 baronibus,
1615 3777 1797 3823 Justiciariis,
1817 3782 2042 3814 vicecomitibus
2057 3807 2067 3822 ,
2091 3773 2274 3828 Praepofitis'‚
2296 3790 2389 3825 Mini-

1325 3815 1406 3854 stns,
1424 3818 1456 3847 &
1473 3817 1605 3847 omnibus
1617 3817 1727 3848 Ballivis
1742 3820 1774 3849 &
1790 3819 1928 3851 Fidelibus
1939 3821 2009 3860 suis,
2024 3821 2160 3863 Salutem,

1366 3892 1378 3922 I
1388 3901 1410 3922 N
1420 3902 1432 3923 s
1440 3901 1459 3922 P
1469 3902 1486 3923 E
1496 3903 1511 3923 x
1521 3902 1533 3924 1
1543 3902 1570 3924 M
1578 3902 1602 3924 U
1612 3904 1624 3925 s
1644 3894 1793 3926 Tenorern
1809 3896 1904 3927 Cartae
1919 3896 2045 3929 Domini
2058 3898 2189 3931 Richardi
2202 3925 2211 3940 ,
2237 3904 2384 3941 quondam

1326 3934 1403 3968 Regis
1417 3931 1546 3970 Angliae,
1563 3931 1753 3972 Progenitoris
1767 3935 1873 3972 nostri,
1892 3935 2002 3966 dudum
2026 3936 2166 3976 Magistro
2184 3942 2219 3972 ὃ(
2241 3943 2384 3977 Fratribus

1328 3968 1445 4009 Domsisj
1461 3970 1611 4008 Hospitalis
1624 3972 1659 4002 de
1668 3972 1819 4010 Jerusalem
1834 3973 1927 4011 fastae,
1941 3976 1969 4004 in
1985 3976 2147 4014 quibusdam
2163 3978 2263 4012 Literis
2279 3982 2381 4015 Paten-

1326 4009 1414 4045 ribus,
1431 4009 1529 4047 Sigillo
1542 4020 1601 4048 quo
1617 4011 1720 4040 utimur
1734 4011 1761 4040 in
1779 4011 1936 4050 Burdegalia
1951 4013 1985 4044 ad
2007 4013 2179 4047 Contractus
2198 4020 2365 4061 consignatis

1324 4047 1357 4077 &
1373 4056 1470 4115 {oram
1483 4049 1565 4079 nobis
1579 4049 1608 4078 in
1623 4047 1797 4080 Cancellaria
1811 4049 1903 4081 nostra
1913 4051 2061 4092 exhibitis,
2079 4063 2250 4090 contentum
2265 4061 2295 4090 in
2316 4047 2381 4091 haess

1323 4095 1372 4117 ver
1394 4095 1409 4115 a
1415 4106 1426 4123 ,

2331 4137 2379 4168 Ri-
