2546 4279
57 231 138 265 Άηη.
154 228 197 260 D.

85 278 171 308 1401.

69 315 136 340 Heu.
146 318 174 342 4.

69 419 147 452 Ann.
162 417 203 448 D.

90 467 178 495 1401.

67 501 123 524 Aa.
142 506 169 523 2.

68 540 104 562 H.
123 544 152 570 4..

68 576 130 600 Par.
151 582 177 599 2.

64 618 106 642 Η.
123 616 183 646 4.p.

70 657 202 683 4.m.19.

91 987 200 1019 urm.

90 1035 123 1054 21
134 1036 159 1055 ι,

84 4008 103 4027 Ὀ
121 4009 205 4038 VIII.

106 4056 170 4076 212-

207 161 257 189 10

217 332 264 364 De
277 330 479 376 Appellatione
495 326 647 360 audienda
658 353 669 369 ,
687 326 778 373 fitper
793 323 937 374 Hostagio
956 328 1080 361 Comitis
1102 324 1139 359 de
1162 328 1275 361 Denia.

222 414 372 470 REX,
389 413 599 444 Venerabilibus
621 411 746 443 Patribus
770 411 898 442 Waltero
922 410 1098 451 Dunolmenfi
1113 433 1124 450 ,
1148 410 1278 450 Johanm'

300 449 504 492 Herefhrdenfi,
524 452 557 481 ὅ(
573 450 709 481 Richardo
725 450 905 490 Bangorenfi‚
923 450 1088 488 Episcopis,
1114 460 1147 480 ac
1170 449 1280 480 dilectis

221 493 255 523 &
272 491 412 522 Fidelibus
428 490 478 519 suis
491 489 597 519 Thomae
613 490 645 519 de
660 489 835 530 Erpyngham
851 511 862 527 ,
884 490 918 520 ὅτ.
933 488 1063 527 Johanni
1079 487 1181 528 cheyne
1198 487 1279 517 Mili-

219 532 307 567 tibus,
323 539 438 559 necnon
454 527 596 566 Magistro
609 528 738 567 Johanni
754 528 894 563 Preen‚&
905 526 1046 564 Magistro
1060 526 1192 556 Richardo
1208 525 1281 555 Hol-

219 580 275 606 me,
295 568 407 606 Legum
424 566 622 606 Doecoribus,
637 567 672 598 &
686 565 816 605 Johamu'
829 569 939 604 Frome,
963 565 997 596 &
1022 564 1151 604 Johanm·
1165 565 1282 605 Cursbn,

221 607 398 643 Armigeris‘,
416 605 555 636 Salutem.

259 644 357 674 Sciatis
375 643 471 683 quod,

258 682 341 714 Cum
357 685 491 712 Henricus
510 685 600 712 Comes
614 681 836 719 Northumbriae,
854 678 1083 711 constabularius
1100 679 1231 720 Angliae,

257 720 291 751 In
308 721 427 759 quadarn
441 721 574 759 pretensa
588 720 679 751 Causa
702 720 811 757 injustae
827 719 1033 758 Occupationis
1048 720 1080 750 δε
1101 718 1283 750 Detentionis

221 760 365 798 praetensae
379 760 524 798 cujusdam
539 757 682 799 Alphonfii
689 781 699 797 ,
717 758 852 795 Hostagii
860 768 914 798 pro
929 758 1052 806 quodam
1068 761 1169 788 Comite
1183 759 1215 788 de
1225 761 1283 787 De-

221 802 270 829 m'a
287 798 383 836 Regni
398 799 571 836 Aragoniae,
591 807 679 835 nuper
696 797 852 827 Prisonario
866 797 900 827 &
917 797 1044 835 §.aptivo
1068 798 1117 834 (ut
1132 796 1282 834 praetendi-

221 837 286 874 tur)
307 837 418 867 Roberti
432 837 538 878 Hauley
553 836 701 872 Armigeri
716 835 862 874 defundii,
880 835 1014 874 ipsiusque
1029 833 1282 872 HostagiiCusto-

221 875 277 906 diae
313 886 427 906 necnon
447 875 628 906 Summarum
643 873 796 912 Pecuniae,
814 884 866 912 pro
888 874 1021 904 Financia
1034 874 1078 904 seu
1092 874 1284 913 Redemptio-

220 925 258 944 ne
274 899 410 953 Corporis
425 914 505 951 ipfius
519 912 642 944 Comitis
655 912 690 942 de
706 912 815 951 Denia,
833 913 941 943 ratione
958 911 1138 950 Captivitatis
1153 913 1210 943 suae
1234 914 1282 950 (ut

220 953 363 990 afferitur)
382 953 558 988 debitarum,
577 961 644 982 cum
662 952 796 982 omnibus
810 951 862 982 suis
875 951 1068 987 dependentiis
1082 952 1237 988 praerenfis,

258 993 277 1012 ³¹⁵
286 993 391 1060 fflae'
409 1001 507 1022 coram
527 989 744 1021 Constabulario
766 990 801 1021 ὅ(
817 988 986 1021 Marescallo
1011 989 1146 1028 Angli-ae,
1172 991 1202 1020 in
1219 988 1281 1020 Cu-

223 1031 268 1062 ria
309 1042 311 1045 ¹
325 1030 403 1060 ilitari

254 1069 329 1100 Inter
339 1052 497 1107 Joha’nnem
512 1069 620 1105 Hoton,
638 1065 848 1096 Ceffionarium
869 1065 1039 1103 praetensum
1061 1064 1185 1095 Matillis
1202 1067 1284 1095 Hau-

216 1108 273 1146 Iey,
291 1107 399 1137 Sororis
412 1109 445 1138 &
464 1106 595 1136 Haeredis
610 1106 702 1135 unicae
721 1104 773 1141 (ut
789 1102 930 1141 asseritur)
953 1103 1061 1142 praefati
1076 1104 1213 1143 Roberti‚
1234 1107 1270 1136 ab

219 1146 356 1177 Intestato
371 1145 535 1181 Defuneto,
553 1142 700 1174 Praetensae
715 1143 750 1174 &
765 1141 948 1181 Procuratae,

260 1185 293 1215 In
308 1184 383 1214 Rem
397 1184 472 1213 suam
487 1182 648 1220 propriam,
664 1182 695 1211 in
711 1180 764 1211 hac
778 1190 854 1219 parte
878 1182 928 1219 (ut
947 1179 1054 1218 afferit)
1076 1181 1264 1213 constitutum
1275 1206 1285 1221 ,

221 1223 334 1254 Partem
356 1222 503 1252 Aitricem
518 1243 528 1259 ,
550 1229 584 1250 ex
607 1227 681 1258 parte
704 1219 776 1257 una,
795 1219 829 1250 δε
843 1218 1004 1258 Johannem
1019 1220 1130 1250 Shakell
1148 1220 1284 1259 Armige-

225 1272 308 1299 rum,
327 1260 443 1291 Partem
458 1259 569 1298 Ream,
587 1267 621 1288 ex
635 1257 734 1297 altera,

259 1298 451 1336 Ac‘deinde,
475 1299 546 1328 inter
570 1297 717 1335 praefatum
742 1295 903 1335 Johannem
925 1299 1018 1327 Hoton
1033 1320 1044 1336 ,
1076 1296 1284 1329 Ceffionarium

219 1337 387 1378 praetensum
423 1346 456 1367 ex
472 1344 548 1375 parte
563 1335 637 1373 una,
653 1336 688 1366 &
702 1334 831 1364 rhomam
845 1336 939 1365 stokes
954 1336 1155 1375 Armigerum,
1173 1337 1286 1368 Execu-

221 1386 314 1408 torem
328 1375 378 1406 Te
405 1376 510 1406 amenti
531 1375 588 1405 five
609 1375 717 1405 ultimae
739 1373 897 1405 Voluntatis
919 1375 1048 1412 praediciti
1061 1374 1204 1413 Johannis
1216 1375 1287 1407 Sha-

220 1414 294 1454 kell,
313 1413 479 1445 Executoris
492 1412 673 1445 Testamenti
688 1412 816 1450 praediffl
832 1412 950 1443 Roberti
984 1423 1018 1444 ac
1033 1413 1112 1443 Socii
1126 1414 1207 1451 ipsius
1222 1413 1286 1446 Ro-

221 1455 296 1486 berti
312 1455 342 1484 in
357 1452 578 1492 quibuscumque
593 1451 745 1489 Adquilitis
760 1460 808 1488 per
820 1452 942 1482 eundem
957 1435 1120 1482 kobertum
1131 1453 1161 1482 in
1172 1453 1287 1493 Armis,

221 1494 257 1525 &
274 1491 426 1531 praesertim
440 1492 520 1521 Socii
535 1490 657 1529 ejusdem
675 1489 794 1520 Roberti
807 1491 837 1519 in
854 1489 1069 1529 Redemptione
1082 1491 1137 1522 five
1151 1490 1287 1524 Financia

220 1527 1286 1607 &ma

922 1590 933 1606 ,
1271 1589 1284 1595 -

223 1611 252 1641 ci
274 1609 320 1639 alis
338 1607 505 1646 Capitanei,
526 1608 621 1645 capti,
638 1616 672 1637 ex
689 1605 789 1644 altera,

288 1648 425 1678 ertebatur
435 1669 444 1684 ,

256 1685 406 1726 Perperlim
422 1684 594 1723 procedens,
611 1684 644 1715 &
659 1682 736 1714 Parti
748 1682 819 1714 dieti
831 1682 971 1722 Johannis
986 1682 1091 1714 Hoton
1100 1684 1159 1722 plus
1172 1685 1286 1717 Ceffio-

222 1727 298 1757 narii
311 1724 437 1762 praetenli
447 1747 456 1760 ,
473 1724 506 1753 ὃ(
520 1732 619 1753 contra
633 1722 780 1759 praefatum
793 1722 944 1752 Thomam
960 1721 1151 1754 Executorem
1160 1747 1170 1762 ,
1188 1735 1222 1755 ac
1230 1726 1289 1764 Jo-

222 1764 342 1794 hannfm
359 1762 458 1792 Woth
476 1761 604 1794 Militem
629 1760 763 1798 Plegium
773 1760 940 1800 praetensum
947 1761 1019 1791 diffi
1028 1761 1165 1799 johannis
1178 1763 1291 1795 Shakell

220 1803 253 1872 {31
269 1801 369 1870 CQifih
380 1808 537 1832 memorata
550 1823 560 1839 ,
577 1810 588 1831 t
618 1800 677 1830 ill'et
702 1798 918 1838 Diffinitivarn,
942 1799 1092 1840 Iniquam,
1112 1800 1290 1842 InvaHdam,

246 1851 282 1872 ve
296 1852 308 1871 ,l
334 1851 351 1870 u
371 1850 417 1870 arn

261 1879 391 1910 Necnon
405 1863 519 1910 cosdem
543 1877 696 1908 Thomam
717 1877 751 1909 &
771 1876 936 1916 Johannem
962 1876 1073 1908 Wroth
1091 1879 1121 1909 in
1139 1873 1299 1919 Expenfis,

221 1927 273 1957 per
287 1917 399 1948 Partem
415 1917 485 1948 dieti
496 1916 631 1956 johannis
644 1915 745 1947 Hoton
762 1917 790 1946 in
812 1915 902 1947 Causa
918 1924 1073 1947 memorata
1092 1917 1190 1957 fatitis,
1207 1918 1285 1951 Parti

221 1957 294 1988 dicti
308 1956 447 1994 johannis
461 1955 567 1986 Horon
582 1955 741 1993 solvendis,
758 1954 860 1993 injuste
878 1953 1142 1995 condempnasset,

261 1996 303 2026 Ac
327 1995 500 2026 Sententiam
523 1992 600 2025 illam
623 2004 674 2032 per
702 1993 872 2032 Radulphum
897 1997 1026 2023 Comitem
1057 1994 1288 2034 Wstmerlandiae

222 2033 423 2064 Marescallum
442 2033 575 2071 Angliae‚
591 2041 641 2063 aut
655 2032 736 2070 ipfius
754 2031 911 2063 Marescalli
929 2033 1045 2063 Locum
1062 2040 1204 2064 tenentem
1213 2034 1288 2066 Exe-

221 2074 333 2103 cutioni
349 2073 412 2102 fore
426 2071 670 2109 demandandam,
689 2072 782 2102 minus
797 2072 918 2109 propere
936 2071 1135 2109 Decreviffct,
1153 2073 1186 2104 &
1198 2072 1286 2103 Man-

220 2111 329 2150 daffet,
350 2112 445 2141 minus
456 2109 551 2149 juste,
570 2111 600 2140 in
617 2110 741 2148 ipsorum
757 2110 886 2140 Thomae
902 2109 1084 2149 &johannis
1098 2109 1210 2143 Wroth
1218 2111 1284 2143 Ple-

219 2151 262 2188 gii
278 2149 403 2188 praetenfi
419 2148 619 2187 praejudicium
635 2149 669 2180 &
684 2158 853 2187 gravamen,

256 2188 285 2219 A
301 2188 358 2225 qua
376 2187 494 2226 quidem
519 2187 664 2218 Sententia
682 2189 716 2219 &
738 2187 932 2225 Expensarum
945 2186 1235 2227 Condempnatione,
1252 2199 1287 2221 ac

218 2228 328 2258 caeteris
349 2226 573 2258 Gravaminibus
593 2226 732 2264 praetensis
746 2250 756 2265 ,
780 2236 829 2264 per
855 2225 970 2256 Partem
990 2226 1139 2257 dictorum
1158 2228 1287 2259 Thomae

221 2266 256 2297 &
268 2264 408 2304 Johannis
422 2264 530 2295 Wroth
539 2286 549 2303 ,
563 2265 598 2295 ad
616 2265 681 2296 Nos
695 2265 729 2295 &
744 2264 870 2295 nostram
883 2263 1057 2295 audientiam
1076 2266 1288 2304 (utpraetendi-

224 2304 292 2342 tur)
310 2303 406 2334 fuisset
421 2303 454 2334 &
464 2303 494 2333 fit
507 2303 633 2342 legitime
648 2303 926 2342 Appellatum,ficut
933 2314 982 2342 per
997 2302 1222 2336 Instrumentum
1229 2305 1288 2336 Pu-

222 2343 352 2410 blictlim,
370 2341 439 2373 inde
451 2341 639 2380 confe&um,
655 2342 689 2372 &
706 2342 737 2371 in
753 2340 928 2373 Cancellaria
945 2341 1041 2373 nostra
1052 2342 1212 2382 ostensum,
1228 2344 1289 2382 ple—

227 2392 268 2413 ne
298 2391 306 2410 1
327 2390 374 2411 uer

262 2391 488 2459 Qtirmq'uidem
498 2418 723 2456 Appellationem
739 2418 828 2450 iidem
836 2419 970 2454 Thomas
987 2417 1170 2457 &johannes
1177 2419 1288 2451 Wroth

223 2457 377 2489 intendunt
391 2457 424 2488 &
441 2456 561 2487 asserunt
573 2456 704 2494 prosequi
720 2466 789 2487 cum
804 2456 910 2487 effeetu
920 2479 930 2493 ‚

261 2495 300 2526 Et
316 2496 399 2526 nobis
414 2495 630 2533 supplicaverint
643 2504 675 2525 ut
692 2495 743 2524 sibi
756 2504 848 2526 certos
866 2494 976 2531 Iudices
991 2494 1045 2525 five
1053 2494 1294 2536 Commiffarios,

222 2533 300 2604 suplerI
318 2533 515 2574 Appellatione
531 2533 578 2564 sua
597 2532 752 2572 praediCta,
770 2532 836 2564 dare
851 2534 908 2564 five
926 2531 1060 2572 affignare
1073 2533 1274 2575 dignaremur,

301 2583 333 2602 os

257 2595 468 2649 Supplicationi
483 2608 646 2648 praedictae,
663 2617 798 2648 tanquam
809 2608 871 2648 Juri
889 2608 1042 2646 consonae,
1059 2618 1229 2649 annuentes,

260 2649 371 2688 Vobis,
389 2648 491 2687 Οᾶο,
509 2647 645 2686 Septem,
661 2647 734 2687 Sex,
754 2648 910 2687 Qiinque,
939 2648 1087 2686 Qatuor,
1106 2648 1235 2687 Tribus,
1255 2649 1290 2680 &

224 2688 351 2720 Duobus
366 2685 494 2718 vester
509 2687 650 2725 (quorum
673 2687 795 2725 aliquem
820 2686 949 2717 vestrsrm
970 2696 1021 2716 vos
1044 2685 1155 2724 praefati
1170 2686 1290 2725 Episco-

225 2729 275 2767 pi,
287 2727 430 2766 Johannes
447 2724 539 2755 Preen
548 2747 558 2763 ,
566 2725 598 2755 &
609 2724 732 2756 Ricarde
740 2724 851 2754 Holme
860 2734 950 2755 unum
959 2747 969 2762 ,
984 2734 1017 2754 ac
1030 2726 1155 2763 aliquem
1164 2725 1291 2757 vestrum

225 2762 1024 2839 ffi‘saefflssshffiffl{iissssffiffi’e³333&ss
1044 2763 1175 2832 {ffiz
1191 2764 1291 2833 ἓξὲξ·

226 2841 332 2873 dustria
346 2840 480 2872 fiduciam
495 2841 620 2879 gerimus
639 2840 787 2878 specialem
797 2862 806 2878 ‚
825 2838 1046 2871 Committimus
1071 2839 1156 2870 Vices
1170 2840 1293 2881 nostraS,

225 2880 393 2950 &mplenam
419 2879 538 2910 Tenore
563 2879 748 2909 Praesentiurn
774 2878 946 2909 Potestatem
966 2887 999 2908 ac
1028 2878 1204 2909 Mandatum
1228 2879 1290 2918 spe·

227 2929 245 2950 c
283 2929 298 2949 e

265 2942 314 2988 Aci
334 2955 530 2993 Audiendum,
549 2955 813 2994 Cognoscendum,
831 2956 865 2986 &
878 2954 1102 2986 Procedendum
1117 2979 1126 2994 ,
1146 2955 1175 2985 in
1196 2954 1290 2987 Causa

228 2995 285 3027 five
304 2995 399 3026 Caufis
412 2994 613 3033 Appellationis
629 2993 808 3032 hujusmodi,
823 3004 938 3024 necnon
958 2995 986 3024 in
1003 2993 1095 3024 Causa
1114 2994 1171 3025 five
1185 2994 1291 3035 Nego-

230 3036 273 3065 tio
291 3035 321 3064 in
335 3034 389 3063 hac
407 3041 484 3071 parte
503 3032 674 3070 Principali,
701 3040 785 3070 prout
806 3032 955 3063 dictaverit
981 3032 1065 3062 Ordo
1078 3032 1171 3074 Juris,
1189 3034 1292 3070 ipsam-

229 3082 286 3111 que
299 3073 332 3103 &
347 3071 415 3110 ipsas
430 3081 502 3102 cum
513 3070 564 3102 suis
577 3071 809 3110 Emergentibus,
821 3071 1061 3108 dependentibus,
1079 3073 1291 3113 incidentibus,

227 3113 262 3143 &
282 3111 418 3142 connexis
429 3109 673 3147 quibuscumque,
691 3108 926 3148 secundumJuris
939 3110 1131 3148 exigentiam,
1148 3122 1181 3143 ac
1190 3112 1291 3143 secun-

227 3150 300 3179 dum
315 3149 429 3185 Legem
444 3150 478 3179 &
498 3147 742 3178 Consuetudinem
760 3147 916 3178 Armorum
934 3157 967 3178 ac
991 3147 1090 3178 Curiae
1104 3149 1210 3181 nostrae
1229 3149 1292 3181 Mi-

226 3188 309 3219 litaris
332 3186 540 3217 discutiendum
557 3187 589 3217 &
607 3186 707 3217 debito
722 3186 790 3216 Fine
804 3185 1055 3224 Terminandum,

266 3226 313 3257 Ac
332 3226 417 3256 etiam
432 3224 466 3255 ad
483 3224 587 3255 Testes
604 3224 811 3262 quoscumque,
838 3235 887 3263 per
912 3233 1059 3264 utramque
1074 3225 1203 3257 Partium
1220 3236 1292 3265 ρι’-αε-

228 3264 385 3302 dietamm,
403 3264 433 3292 in
448 3263 524 3293 dieta
540 3262 631 3294 Causa
654 3262 874 3302 Appellationis,
899 3264 955 3294 five
975 3263 1108 3302 Negotio
1128 3266 1218 3303 princi
1239 3267 1292 3305 ali,

229 3312 331 3333 coram
346 3303 430 3332 vobis
447 3302 589 3340 (quorum
600 3325 609 3340 ,
624 3302 785 3332 &c.unum
801 3301 856 3332 esse
871 3302 1022 3337 volumus)
1039 3302 1208 3340 judicialiter
1248 3314 1295 3334 ro-

231 3339 397 3378 ducendos,
414 3340 433 3369 fi
452 3339 478 3370 se
495 3340 563 3370 dolo
577 3341 623 3370 vel
639 3339 752 3378 fraude,
769 3339 858 3378 odio,
877 3340 921 3371 vel
941 3340 1055 3376 favore,
1072 3341 1118 3371 seu
1139 3341 1204 3372 alias
1218 3342 1294 3380 inju-

230 3379 274 3410 ste
295 3378 474 3409 subtraxerint
497 3379 605 3408 veritati
624 3377 842 3408 Testimonium
867 3379 1013 3416 perhibere
1035 3377 1294 3419 Compellendum‚

229 3416 419 3487 {umPPoeHae
434 3416 468 3447 ὃς
489 3415 596 3447 Multae
613 3416 777 3454 alteriusque
799 3417 960 3455 temporalis
983 3416 1166 3449 Cohertionis
1181 3419 1295 3458 cujussi-

255 3465 282 3486 et
321 3465 368 3485 ote
396 3464 456 3485 ate·

271 3494 310 3525 Et
322 3494 388 3524 ideo
402 3478 484 3523 vobis
504 3493 537 3524 &
554 3492 672 3524 cuilibet
694 3493 824 3523 vestrsim
841 3492 1017 3525 Mandamus
1031 3516 1041 3531 ,
1067 3495 1175 3533 quodv(
1185 3498 1293 3528 vocatis

232 3542 331 3565 coram
350 3533 452 3569 vobis,
469 3532 530 3562 ὅτε.
548 3541 689 3569 quorum,
710 3532 770 3563 &c.
798 3533 830 3563 &
849 3532 906 3562 aliis
919 3555 928 3570 ,
947 3543 1016 3570 quos
1031 3534 1060 3562 in
1070 3533 1125 3563 hac
1142 3542 1218 3571 parte
1233 3535 1293 3566 fore

230 3571 358 3602 videritis
371 3569 549 3607 evocandos,
577 3569 681 3600 auditis
696 3580 731 3600 ue
753 3571 783 3599 in
805 3569 883 3601 dieta
907 3570 1000 3602 Causa
1016 3571 1218 3608 Appellationis
1237 3574 1294 3604 five

231 3611 363 3650 Negotio
389 3607 540 3645 Principali
567 3618 662 3638 earum
717 3609 858 3639 :itionibus
887 3610 921 3641 &
957 3609 1195 3647 Allegationibus)
1217 3613 1292 3642 circa

234 3646 385 3716 Pnemiss}
396 3647 549 3715 “{lligemer
564 3646 710 3677 intendatis
723 3648 757 3678 δι
771 3656 804 3677 ea
819 3646 925 3678 faciatis
941 3648 975 3678 δε
989 3649 1171 3686 exequamini
1188 3648 1218 3679 in
1235 3650 1295 3680 for-

236 3697 285 3717 ma
320 3696 358 3716 rae
379 3696 405 3715 ιι.
420 3696 450 3722 a,

274 3697 416 3755 vglumus
435 3724 521 3754 etiam
537 3723 635 3762 quod,
656 3723 675 3752 fi
698 3723 796 3760 aliquis
820 3723 865 3753 vel
889 3724 974 3761 aliqui
994 3723 1124 3754 vestrum
1141 3726 1299 3757 inchoave-

236 3765 293 3792 rint
308 3763 353 3792 vel
368 3761 541 3792 inchoaverit
555 3760 706 3798 procedere
726 3762 756 3790 in
772 3761 944 3800 Praemislis,
959 3763 1026 3793 alius
1048 3763 1092 3792 vel
1107 3764 1151 3793 alii
1168 3764 1298 3795 vestrum

238 3801 325 3831 libere
339 3801 490 3837 procedere
505 3799 614 3830 valeant
630 3801 663 3831 ὃς
679 3799 765 3830 valeat
782 3801 810 3829 in
825 3799 928 3830 eisdem
945 3823 955 3837 ,
978 3801 1047 3830 licet
1061 3800 1234 3833 Inchoantes
1249 3805 1299 3834 ab·

237 3838 324 3868 sentes
336 3860 346 3875 ,
364 3838 502 3868 Inchonns
519 3837 614 3868 absens
623 3838 724 3868 fuerint
734 3838 780 3868 vel
789 3839 871 3868 fuerit
887 3839 1073 3876 ,etiamnullo
1091 3841 1298 3877 impedimento

239 3876 368 3944 lsegitimo
388 3876 519 3914 impediti
535 3876 579 3907 vel
596 3875 763 3914 impeditus,
781 3877 812 3905 in
827 3875 918 3907 forma
941 3877 1081 3914 praesentis
1096 3877 1226 3910 Mandati
1244 3890 1300 3910 no-

266 3925 287 3944 I‘l
299 3924 304 3942 ”.
1094 3930 1096 3933 ·

278 3952 388 3982 Damus
403 3961 495 3983 autem
509 3953 590 3983 diCro
607 3951 828 3982 Constabulario
843 3952 875 3982 ὃ(
888 3953 945 3989 eius
962 3953 1080 3984 Locum
1096 3957 1202 3986 tenenti
1212 3967 1295 3995 ,nec-

242 4001 303 4021 non
320 3991 449 4020 univerlis
465 3994 497 4021 ἃ
516 3991 626 4028 lingulis
643 3991 815 4029 Officiariis,
842 3991 996 4029 ministris,
1016 3992 1130 4030 Ligeis,
1155 3993 1295 4034 SubditiS,

248 4031 281 4065 ἃ
296 4028 437 4061 Fidelibus
455 4029 556 4061 nostris
567 4052 577 4069 2
595 4031 737 4068 quorum*
753 4029 875 4068 interest,
901 4030 1020 4062 'fenore
1039 4030 1288 4072 Prazl'entiumffirf

613 135 1500 187 coNVENTloNEs,

1583 137 2000 192 LITERAE,

1319 225 1404 255 miter
1421 226 1450 255 in
1465 224 1624 265 Mandatis‚
1640 226 1721 268 quod
1735 227 1906 265 vobis,&c.
1923 226 2069 265 quorum,
2086 226 2148 258 &c.
2163 224 2193 256 in
2207 223 2303 256 stirma
2310 223 2380 256 diffl
2399 223 2478 256 Ann.
2489 223 2535 266 D2

1319 262 1451 294 Mandati
1465 263 1571 302 nostri,
1585 275 1667 303 prout
1681 266 1715 296 ad
1733 265 1804 304 ipsos
1821 266 1959 303 pertinet,
1977 264 2154 296 Intendentes
2163 265 2232 303 fint,
2250 263 2381 301 Respon-
2422 273 2508 303 1401.

1319 301 1430 339 dentes,
1451 301 1637 335 Consulentes
1654 305 1688 335 <Sc
1702 304 1891 342 Auxiliantes,
1910 313 1943 335 ac
1958 303 2054 335 vestris
2070 303 2214 335 Mandatis
2229 302 2381 333 Obedien-
2402 308 2465 332 Heu.
2483 312 2513 340 4,

1321 340 1584 417 ‘⁰⁸1⁷n?0¹31¹ffsd⁶{÷⁶0‘1

1397 415 1489 448 Teste
1502 417 1584 457 Rege
1595 419 1667 457 apud
1684 418 1959 460 Wllmonallerium,
1976 418 2094 450 decimo
2111 418 2188 450 sexto
2202 419 2250 450 die
2261 419 2338 459 Julii.

2004 498 2058 526 Per
2073 496 2155 535 ipsum
2173 498 2277 534 Regem.

1616 626 1677 667 Prp
1701 625 1862 658 Almtm'co
1883 624 1920 659 de
1942 625 2106 671 Durafort.

1324 707 1446 764 REX
1464 707 1682 753 constabulario
1696 709 1869 750 Burdegaliae
1887 712 1936 749 qui
1953 721 2032 743 nunc
2047 710 2105 751 est,
2122 711 2168 744 vel
2183 712 2233 752 qui
2247 721 2300 750 pro
2313 719 2386 742 tern-
2404 701 2534 736 Arm-D:

1399 757 1466 785 pore
1480 749 1580 787 fuerit,
1598 748 1733 779 Salutem.
2393 780 2403 790 ,
2423 751 2509 782 1401·

1363 786 1444 816 Cum
1460 786 1616 818 cariffimus
1631 786 1775 818 Dominus
1798 788 1832 818 ὅ(
1854 786 1935 819 Pater
1948 787 2045 820 noster
2062 788 2230 828 defimfims,
2247 789 2384 820 dnae-m
2405 786 2458 810 An.
2474 792 2501 810 ²·

1326 824 1360 856 &
1376 824 1488 856 fidelem
1512 825 1637 863 Ligeum
1653 826 1784 856 nostrum
1800 848 1811 863 ,
1836 826 2010 857 Almare'cum
2032 828 2064 857 de
2085 828 2223 867 Durafort
2245 828 2386 860 Ordinem
2408 825 2472 847 Hm·
2487 824 2520 857 4·'

1327 862 1486 894 Militarem
1503 864 1539 895 de
1554 874 1642 896 manu
1656 864 1702 895 sua
1719 863 1855 902 suscipere
1872 863 1996 904 feciflet,
2012 865 2197 905 Centumque
2212 867 2247 898 N
2250 867 2336 898 obilia
2349 878 2389 898 e1-
2411 859 2477 896 Vasa.

1327 902 1395 933 dem
1413 902 1559 933 Almarico
1575 913 1628 941 pro
1646 903 1749 934 Feodis
1761 902 1814 933 suis
1827 902 2004 942 affign‘affer,
2022 914 2087 942 quae
2125 905 2222 936 uidem
2240 906 2334 938 Feoda
2342 915 2391 945 per
2413 901 2483 926 2.H.
2504 899 2535 935 43

1328 939 1499 1009 Triennium
1511 941 1570 979 jam
1583 941 1706 981 elapsum
1721 953 1738 973 a
1751 950 1825 972 retro
1837 941 1985 973 existerent
2001 952 2062 972 non
2081 942 2110 972 so
2120 952 2181 981 uta,
2405 946 2443 964 ²⁷¹·
2454 945 2486 972 9-,
2516 956 2524 964 ι

1403 989 1423 1009 o
1456 989 1489 1009 ue

1368 1017 1414 1048 Ad
1430 990 1576 1049 firaeiniffa
1592 1019 1848 1052 considerationem
1864 1019 2015 1058 habentes,
2030 1020 2213 1060 volentesque
2228 1030 2298 1053 cum
2316 1022 2389 1053 eoin

1329 1055 1382 1085 hac
1399 1065 1475 1093 parte
1492 1066 1577 1093 agere
1594 1058 1733 1096 gratiose,

1364 1092 1414 1124 De
1429 1093 1528 1125 Gratia
1547 1095 1643 1126 nostra
1661 1095 1770 1134 speciali
1789 1095 1990 1128 Conceffimus
2015 1097 2108 1128 eidem
2134 1097 2282 1128 Almarico
2298 1121 2309 1137 ,
2334 1108 2388 1136 pro

1329 1132 1406 1163 Statu
1419 1132 1468 1164 suo
1484 1132 1632 1165 decenniis
1648 1134 1874 1172 manutenendo,
1893 1134 2020 1166 Centum
2035 1136 2174 1175 Nobilia,
2193 1137 2302 1176 lrngulis
2327 1139 2388 1168 An-

1327 1173 1386 1209 nis,
1404 1170 1520 1203 durante
1536 1172 1604 1203 Vita
1622 1172 1685 1211 sua,
1702 1172 1738 1203 de
1758 1171 1887 1202 Exitibus
1904 1171 1998 1204 Castri
2015 1173 2103 1205 nostri
2129 1174 2298 1215 Burdcgniae
2311 1198 2321 1214 ‚
2340 1186 2388 1215 per

1328 1220 1428 1254 manus
1447 1210 1657 1242 Constabularii
1674 1212 1718 1242 seu
1736 1210 1843 1254 alterius
1860 1210 1996 1242 Custodis
2012 1212 2083 1242 dicti
2100 1212 2192 1244 Castri
2210 1224 2264 1252 pro
2273 1224 2387 1253 [empo-

1327 1259 1358 1279 re
1375 1248 1516 1280 existentis
1547 1250 1585 1281 ad
1600 1250 1753 1285 Terminos
1769 1259 1799 1279 1n
1817 1250 1940 1288 partibus
1957 1249 2009 1280 illis
2027 1251 2194 1290 consuetos,
2212 1262 2325 1284 necnon
2336 1257 2390 1284 Ar-

1329 1289 1433 1325 reragia
1451 1273 1586 1326 praedieta
1602 1299 1652 1327 per
1667 1299 1766 1320 manus
1781 1286 1992 1319 Constabularii
2004 1288 2060 1319 slve
2067 1287 2206 1320 Custodis
2223 1291 2391 1329 sumadiffl,

1327 1334 1411 1364 prout
1426 1325 1572 1358 Praemiffa
1587 1329 1686 1360 omnia
1702 1329 1736 1360 ὃ(
1752 1327 1858 1365 singula
1872 1328 1903 1358 in
1919 1327 2019 1359 Literis
2030 1326 2134 1358 nostris
2150 1326 2329 1369 Parentibus,
2347 1333 2393 1362 in-

1329 1365 1366 1395 de
1383 1365 1541 1405 confectis,
1559 1366 1668 1404 plenius
1683 1367 1881 1405 continentur,

1367 1402 1457 1434 Vobis
1476 1403 1649 1437 Mandamus
1666 1405 1745 1444 quod
1762 1405 1856 1436 eidem
1874 1403 2026 1436 Almarico
2047 1403 2123 1436 dieta
2147 1403 2277 1436 Centum
2292 1405 2392 1438 Nobi-

1328 1441 1366 1472 lia
1378 1451 1507 1482 exnunc,
1526 1444 1566 1473 fin
1587 1444 1636 1474 ulis
1650 1444 1758 1482 Annis,
1774 1443 1891 1475 durante
1908 1442 1976 1474 Vita
1993 1442 2039 1474 sua
2051 1465 2061 1481 ,
2086 1443 2122 1474 de
2147 1442 2276 1475 Exitibus
2296 1443 2390 1476 Castri

1328 1481 1477 1521 praedicti,
1494 1482 1530 1512 ad
1575 1483 1701 1514 erminos
1714 1484 1745 1514 in
1760 1481 1888 1514 Partibus
1906 1481 1958 1512 illis
1971 1481 2122 1513 consuetos
2137 1504 2148 1520 ,
2171 1492 2288 1514 necnon
2303 1483 2391 1514 Arre-

1329 1520 1675 1560 Ἦ
1689 1531 1870 1592 aed
1918 1543 2145 1591 N
2156 1530 2376 1593 00

1328 1605 1401 1636 poto
1416 1597 1512 1629 vestro
1526 1599 1651 1630 debitam
1664 1570 1873 1630 {uocationem
1882 1581 1989 1629 'habere
2003 1597 2150 1629 faciemus.

1369 1635 1436 1667 Dat.
1455 1637 1530 1675 apud
1547 1636 1824 1679 Wstmonasterium‚
1841 1636 1979 1669 vicesimo
1991 1637 2038 1668 die
2048 1636 2130 1676 Julii.

1623 1776 1683 1808 Pro
1708 1775 1822 1807 Comitc
1844 1772 1996 1808 Marchiae
2010 1776 2123 1808 Scotiae.

1333 1860 1431 1925 RE
1441 1860 1472 1891 X
1488 1859 1638 1891 Univerfis
1660 1861 1694 1892 &
1712 1859 1822 1899 singulis
1841 1858 2018 1890 Custodibus
2037 1858 2231 1891 Marchiarum
2247 1882 2259 1899 ,
2280 1869 2314 1892 ac
2330 1860 2391 1892 Ad-
2411 1860 2487 1892 Ann.
2499 1858 2546 1897 D}

1425 1899 1558 1937 mirallis,
1576 1900 1638 1930 &c.
1655 1898 1691 1929 ad
1705 1908 1792 1938 quos,
1811 1899 1874 1930 &c-
1890 1897 2023 1929 Salutem.
2435 1907 2520 1937 1401.

1369 1937 1470 1969 Sciatis
1487 1937 1586 1976 qu'od,
2406 1941 2460 1968 An.
2474 1947 2502 1965 τ..

1369 1975 1450 2007 Cum
1468 1979 1595 2014 Georgius
1613 1976 1645 2005 de
1664 1975 1827 2014 Dunbarre‚
1845 1974 1960 2006 Comes
1974 1975 2118 2006 Marchiae
2132 1974 2260 2014 Scotiae,
2286 1974 2392 2008 Homo
2411 1981 2446 2007 H.
2462 1986 2492 2012 4.

1329 2014 1424 2046 noster
1443 2016 1545 2055 Ligeus
1559 2015 1720 2053 devenerit,
1738 2016 1771 2046 &
1784 2014 1970 2050 Homagium
1988 2014 2108 2053 Ligeum
2121 2014 2204 2044 nobis
2218 2013 2393 2055 praestiterit,
2412 2019 2468 2043 Pat,
2485 2024 2515 2042 2.
2527 2050 2542 2055 „

1329 2053 1781 2123 sigulue‘gm‘ssss'nffiss‘fflessn‘g
1799 2051 2392 2123 ffl‘ssai‘sfiiaeiffffiffliffiissss‘ffi’
2409 2053 2546 2121 3⁴12*

1329 2131 1361 2162 lis
1380 2130 1512 2170 firmatis,
1526 2114 1560 2162 ἐξ
1575 2131 1642 2162 alibi
1659 2113 1731 2160 infr}
1743 2129 1886 2168 Regnum
1899 2129 2086 2161 nostrumAn
2106 2113 2207 2168 lia'e,ac
2215 2116 2393 2163 Dominium
2504 2109 2515 2128 ⁵

1328 2169 1462 2201 nostrum
1481 2171 1510 2200 in
1533 2170 1655 2208 partibus
1678 2169 1785 2200 Scotiae
1802 2169 1963 2207 receptari,
1985 2168 2020 2200 &
2039 2168 2080 2198 ibi
2101 2176 2150 2198 em
2168 2178 2223 2206 pro
2247 2168 2330 2201 libito
2345 2170 2396 2201 suo

1330 2210 1435 2277 moirari
1442 2209 1510 2278 ’d&b
1516 2208 1620 2239 exinde
1644 2207 1700 2239 fine
1719 2206 1930 2246 impedimento
1949 2207 2045 2248 aliquo
2065 2206 2155 2238 libere
2182 2208 2217 2239 δε
2235 2208 2333 2239 secure
2352 2220 2397 2241 re-

1334 2258 1368 2279 ce
1389 2258 1436 2278 ere
1474 2258 1490 2278 e
1511 2256 1575 2279 eant
2534 2263 2546 2278 -:

1365 2285 1408 2317 Ita
1424 2286 1531 2324 semper
1549 2269 1629 2326 qu'od
1647 2285 1727 2317 idem
1746 2283 1856 2315 Comes
1903 2283 1949 2316 vel
1966 2282 2108 2315 Homines
2165 2284 2200 2316 &
2229 2284 2342 2318 Subditi
2356 2286 2399 2318 sui
2534 2292 2546 2327 't

1330 2324 1476 2370 praeaiai,
1492 2324 1528 2369 aa
1543 2323 1705 2363 hujusmodi
1724 2322 1824 2355 eastra
1867 2308 2026 2368 sonantia,
2042 2323 2076 2353 ει
2099 2307 2186 2367 isaias
2201 2321 2335 2364 firmatas,
2352 2325 2401 2357 seu
2531 2332 2546 2358 ,ι

1329 2364 1396 2408 alibi
1413 2363 1485 2408 insra
1499 2363 1612 2394 dictum
1621 2362 1756 2403 Regnum
1774 2363 1809 2394 &
1827 2346 2001 2393 bomrmum
2019 2361 2130 2406 nostra,
2150 2371 2182 2406 ¹1¹.
2202 2361 2340 2394 Numero
2358 2374 2403 2396 ra-
2541 2364 2546 2372 ⁴

1332 2402 1460 2433 tlonablh
1477 2403 1512 2434 &
1530 2412 1592 2433 non
1609 2401 1769 2439 exceffivo,
1785 2410 1839 2432 nec
1855 2400 1947 2431 modo
1962 2399 2111 2431 Guerrmo
2118 2408 2248 2438 veniant,
2265 2402 2301 2433 &
2319 2403 2402 2441 quod

1332 2441 1384 2479 ipfi
1401 2450 1465 2480 erga
1484 2440 1553 2472 Nos
1569 2441 1604 2471 δε
1622 2439 1764 2479 Populum
1782 2438 1912 2470 nostrum
1929 2439 2022 2479 bene,
2038 2439 2175 2482 pacifice,
2192 2439 2226 2470 δε
2239 2437 2355 2471 fideliter
2374 2440 2403 2473 se

1334 2487 1431 2510 verant
1449 2479 1483 2510 &
1499 2479 1623 2510 habeant
1641 2480 1672 2510 in
1686 2477 1857 2517 Praemiffis,
1873 2487 1908 2508 ac
1922 2477 2028 2508 eisdem
2046 2475 2240 2519 Custodibus,
2258 2477 2402 2510 Admiral·

1333 2503 1386 2555 sis,
1404 2516 1582 2557 Capitaneis,
1603 2516 1770 2548 Castellanis
1783 2536 1794 2558 2
1818 2517 1853 2545 &
1868 2512 2090 2557 Constabulanis
2103 2536 2113 2552 ‚
2137 2514 2183 2545 vel
2198 2525 2301 2546 eorum
2317 2517 2400 2549 Loca

1335 2556 1513 2593 tenentibus,
1529 2565 1563 2585 ac
1586 2555 1646 2584 aliis
1667 2551 1807 2584 Ministris
1830 2552 1863 2583 &
1885 2550 2041 2595 Officmrus
2065 2551 2168 2584 nostris
2186 2554 2346 2594 praedfflss,
2363 2557 2401 2588 de

1333 2593 1494 2641 hujusmodi
1511 2594 1591 2623 bono
1608 2593 1642 2624 &
1656 2590 1732 2622 fideli
1745 2589 1838 2621 Gestu
1850 2589 1899 2621 suo
1914 2599 1947 2620 m
1961 2589 2015 2621 hac
2030 2599 2126 2630 parte,
2141 2592 2291 2630 corporale
2298 2595 2401 2632 primi-

1335 2630 1880 2714 tusliksrffiseignilggigrfflaerssda'ffids'quod
1894 2667 1987 2711 ipsum
2000 2666 2169 2714 Comitem,
2186 2679 2221 2701 ac
2231 2669 2400 2714 Homines,
2440 2662 2444 2666 ’

1332 2709 1367 2740 &
1383 2708 1517 2738 Subdrtos
1529 2707 1593 2739 suos
1604 2706 1756 2746 praedietos
1789 2715 1820 2736 m
1838 2704 1960 2744 Castris,
1980 2705 2126 2738 Fortalitns
2143 2730 2152 2745 ,
2172 2708 2251 2739 Villis
2265 2708 2399 2748 firmatis,

1333 2749 1368 2778 &
1381 2747 1446 2778 alibi
1462 2746 1535 2777 infra
1550 2746 1688 2786 Regnum
1712 2745 1747 2777 &
1763 2728 1942 2789 hominium
1964 2744 2060 2776 nostra
2073 2747 2209 2783 praedieta
2229 2770 2241 2785 ,
2263 2748 2352 2780 modo
2364 2750 2400 2781 &

1332 2785 1428 2816 forma
1442 2784 1601 2823 praedietis,
1619 2784 1801 2821 Receptetis,
1820 2783 1855 2814 &
1874 2781 1983 2813 ibidem
1999 2785 2122 2822 morari,
2141 2785 2176 2816 &
2190 2785 2295 2817 exinde
2312 2786 2402 2818 libere

1333 2825 1367 2856 ὃς
1386 2824 1488 2862 absque
1508 2823 1723 2860 Impedimento
1737 2819 1868 2865 recedere
1885 2822 2069 2862 permittatis,
2075 2823 2154 2861 juxta
2169 2824 2399 2863 vinbsormam,

1333 2862 1522 2932 &Igffeetum
1538 2861 1718 2893 Concordiae
1730 2858 1907 2898 supradictae.

1419 2912 1456 2932 cu
1467 2912 1496 2932 us
1567 2911 1592 2932 c.

1405 2902 1594 2980 Telte'Ri‘ge
1613 2937 1688 2978 apud
1703 2932 1984 2978 Wstmonasterim‚
2008 2938 2146 2970 vicesimo
2163 2937 2210 2969 die
2228 2938 2307 2978 Julii.

1748 3015 1753 3020 ·
1813 3004 1867 3032 Per
1881 3000 1964 3041 ipficm
1980 3003 2076 3039 Regem
2090 2999 2129 3036 ὠ·
2143 3001 2296 3033 Concilium.

2161 3081 2394 3091 -w———s-

1714 3126 1735 3146 ‘¹‘
1750 3127 1857 3159 Litcra
1877 3127 1974 3173 Regis.
2420 3136 2441 3157 a:
2463 3138 2546 3168 v111.=

1742 3214 1792 3246 De
1801 3223 1862 3258 par
1879 3213 1907 3246 le
1927 3215 1998 3262 Roy.
2440 3184 2506 3214 2¹3·

2421 3282 2496 3313 Ann.
2508 3279 2546 3315 Di

2439 3330 2529 3359 1401.

2416 3363 2470 3387 An.
2487 3370 2513 3387 2.

1337 3298 1541 3353 REverentz
1559 3299 1641 3329 Peres
1662 3307 1698 3328 en
1715 3295 1813 3335 Dieu,
1831 3298 1864 3328 &
1877 3305 1938 3329 noz
1952 3298 2119 3330 Treschiers
2136 3300 2170 3332 &
2183 3300 2251 3330 bien
2267 3299 2379 3340 Ama,

1434 3337 1517 3368 Nous
1535 3348 1606 3368 vous
1620 3336 1738 3367 saluoms
1750 3336 1940 3375 trcffouvent,
1959 3339 1992 3369 &
2009 3348 2095 3369 come
2110 3339 2177 3370 bien
2192 3348 2264 3376 que,
2282 3348 2395 3375 parnoz

1335 3387 1423 3408 autres
1438 3376 1564 3415 Lettres,
1581 3375 1706 3406 desoubz
1720 3374 1815 3405 nostre
1830 3375 1947 3413 Signet,
1968 3375 2075 3407 Mande
2089 3386 2160 3408 vous
2181 3386 2262 3406 eoms
2277 3377 2312 3407 de
2328 3377 2394 3410 faire

1335 3415 1406 3447 estre
1421 3414 1532 3454 farcies,
1549 3416 1584 3445 de
1592 3413 1684 3444 nostre
1694 3414 1771 3451 Part,
1794 3421 1852 3443 noz
1867 3414 2107 3445 Lettresdesoubz
2114 3414 2207 3444 nostre
2222 3414 2308 3446 Prive
2316 3416 2395 3455 See1,
2416 3420 2455 3463 E*-
2464 3418 2511 3463 0'·
2532 3435 2538 3446 .

1335 3466 1352 3485 a
1366 3454 1472 3485 certain
1488 3453 1623 3484 Nombre
1638 3453 1673 3483 de
1689 3451 1846 3482 Chivaliers
1859 3452 1895 3483 de
1910 3461 1989 3483 toutz
2010 3461 2069 3482 noz
2082 3452 2230 3484 Countees
2244 3454 2280 3484 de
2297 3452 2395 3487 nostre
2416 3447 2453 3502 F*
2470 3444 2540 3487 „ng”

1335 3492 1496 3529 Roiautne,
1514 3502 1585 3529 pour
1600 3492 1671 3522 estre
1685 3501 1731 3528 par
1749 3491 1847 3520 devers
1862 3491 1962 3529 Nous,
1981 3502 1997 3521 a
2013 3491 2106 3521 nostre
2122 3491 2227 3532 Pallays
2245 3492 2281 3522 de
2296 3493 2394 3524 West-
2417 3485 2486 3540 Celnef

1334 3531 1467 3562 monstier
1477 3530 1655 3562 l'Endemain
1664 3530 1698 3559 de
1707 3529 1909 3567 l'Asshmption
1916 3530 1951 3561 de
1960 3530 2052 3560 nostre
2061 3529 2156 3561 Dame
2164 3531 2319 3569 prouchien
2331 3532 2398 3563 Vei·
2417 3522 2506 3579 Peffc'

1356 3578 1440 3608 nant,
1458 3571 1539 3600 nient
1554 3568 1639 3598 sesant
1655 3568 1782 3598 mention
1798 3568 1931 3599 d’aucuns
1948 3568 2073 3599 Escuiers
2081 3579 2115 3599 en
2124 3579 2183 3599 noz
2197 3579 2285 3599 autres
2293 3569 2398 3602 Lettres
2469 3570 2478 3577 ⁶

1335 3581 1461 3639 {esoubz
1477 3607 1569 3638 nostre
1581 3608 1680 3643 signet
1695 3608 1872 3644 avandictcs,

1369 3647 1404 3677 N
1408 3647 1555 3678 ientmains
1573 3646 1692 3676 Voloms
1707 3645 1794 3676 Nous
1811 3655 1882 3683 que,
1899 3655 1934 3674 en
1950 3646 1976 3675 Ie
1998 3646 2135 3676 Nornbre
2149 3645 2303 3683 Especifiez
2323 3656 2396 3683 pour

1332 3686 1370 3716 les
1386 3684 1542 3715 Chivaliers
1562 3685 1695 3723 veignent
1712 3707 1722 3722 ,
1747 3694 1856 3714 avouns
1880 3682 2045 3714 souffisantz
2062 3684 2188 3714 Eicuiers
2212 3683 2288 3713 selon
2305 3685 2400 3717 nostre

1334 3725 1428 3764 Avys,
1447 3724 1480 3754 δε
1494 3724 1532 3753 les
1552 3723 1651 3754 Noms
1670 3723 1705 3753 de
1723 3721 1842 3753 diverses
1857 3720 1984 3758 Prelatz,
2006 3721 2134 3758 Contes,
2154 3721 2274 3759 Barons,
2291 3722 2400 3754 Chiva-

1332 3762 1395 3792 liers
1405 3785 1415 3799 ,
1434 3764 1467 3794 ὃ(
1484 3762 1610 3792 Escuiers
1625 3762 1660 3792 de
1668 3761 1787 3791 diverses
1802 3759 1948 3790 Countees
1969 3762 2035 3797 (que
2049 3759 2158 3789 aNous
2174 3759 2291 3790 donnez
2299 3761 2401 3793 estient

1334 3811 1369 3831 en
1387 3800 1630 3835 Reme-mbrance)
1655 3800 1741 3830 Nous
1763 3808 1834 3828 vous
1856 3799 2010 3827 envoioms
2023 3820 2033 3833 ,
2062 3807 2099 3826 en
2117 3807 2172 3826 une
2196 3797 2307 3829 Cedule
2322 3823 2332 3837 ‚
2353 3810 2403 3839 par

1336 3838 1431 3869 nostre
1446 3839 1595 3870 Treschier
1616 3838 1729 3876 Cleric,
1751 3835 1870 3867 Maistre
1892 3838 1985 3874 Henry
2002 3838 2101 3864 Bo-wet
2118 3835 2191 3874 Eflit
2207 3836 2238 3864 de
2255 3839 2363 3877 Bathe,
2380 3839 2401 3869 li

1335 3878 1399 3916 quel
1416 3877 1503 3907 Nous
1518 3887 1606 3907 avons
1624 3877 1764 3907 Enforme
1782 3874 1816 3904 de
1833 3873 1926 3904 nostre
1938 3871 2074 3904 Volentee
2087 3883 2123 3904 en
2139 3883 2173 3904 ce
2187 3872 2260 3913 Cas,
2279 3886 2399 3908 comme

1335 3918 1354 3946 il
1372 3925 1442 3945 vous
1457 3926 1491 3945 en
1508 3916 1574 3946 scait
1590 3915 1731 3952 Reporter
1745 3914 1781 3944 de
1796 3912 1890 3943 nostre
1904 3912 1989 3950 Part,

1374 3952 1516 3983 Vueillans
1533 3964 1586 3991 que
1600 3954 1685 3984 libien
1700 3964 1715 3983 a
1732 3953 1770 3982 les
1784 3950 1916 3989 Persons,
1935 3950 1984 3980 des
2003 3949 2084 3988 quelx
2099 3950 2136 3980 les
2159 3949 2261 3981 Noms
2281 3951 2342 3982 sont
2361 3963 2398 3983 en

1336 3994 1361 4023 la
1376 3991 1491 4022 susdiCte
1507 3991 1616 4023 Cedule
1635 3990 1805 4029 Expreffez,
1825 3990 1858 4019 &
1874 3999 1901 4019 as
1917 3996 2023 4027 autres,
2040 3998 2076 4018 en
2093 3989 2212 4020 mesmes
2237 3990 2276 4030 les
2298 3989 2402 4020 Coun-

1336 4040 1411 4069 tees,
1427 4029 1504 4062 selon
1516 4029 1610 4062 nostre
1625 4031 1719 4068 Avys,
1735 4038 1805 4060 vous
1820 4027 1900 4060 facea
1916 4026 1986 4059 estre
2012 4026 2144 4060 adressees
2158 4038 2217 4060 noz
2232 4028 2339 4096 Lettress
2354 4028 2404 4098 ἀξ-

2327 4075 2364 4097 ου
2386 4074 2404 4098 z
