2546 4279
13 243 87 275 Ann-
105 240 147 272 D.

34 291 119 318 1401.

16 325 80 349 Hm.
94 331 122 355 4.

45 2231 60 2248 ‘⁵
82 2231 169 2259 vm.

67 2279 132 2298 201·

162 159 187 194 6
615 138 1263 192 CONVENTION

165 240 254 272 lustris
277 240 419 271 Ladon-iri
439 237 559 277 ejusdem
583 236 645 266 Filii
671 236 796 266 Senioris
818 232 960 264 Naturalis
979 232 1012 263 ὅτ
1027 231 1182 270 Legitimi,
1199 239 1233 261 ex

168 291 221 310 una

207 302 327 356 Nosque
345 315 508 346 W'illielmus
521 313 647 353 Esturmy
664 311 749 341 Miles
760 334 768 349 ,
786 310 934 349 Johannes
949 312 1095 348 Kyngton,
1114 309 1145 337 iri
1159 315 1235 337 utro-

168 367 223 395 que
245 357 312 394 jure
333 354 512 389 Bicallarius,
531 354 563 383 ὃς
585 351 717 380 Robertm
734 353 880 379 [Vaterton
897 347 1076 378 Dornicellus
1090 345 1238 376 iilustriffi-

170 396 212 426 nii
229 395 367 431 Principis
382 395 494 421 Henrm
509 389 621 427 Angliae
636 392 808 428 franciaque
825 391 902 424 Regis
912 409 921 424 ,
945 388 978 417 &
995 386 1119 416 Domini
1132 385 1240 415 Hiber-

170 435 365 469 nie,necnon
382 431 517 466 Ingenuae
531 430 564 458 δε
579 428 714 458 Sublimis
731 427 868 457 Dominae
884 425 1025 454 Blanchiae
1040 425 1164 454 Senioris
1178 423 1242 453 Na-

172 472 264 502 turalis
282 474 314 502 ἃ
340 470 493 506 Legitimae
515 466 592 496 Filiae
617 467 766 496 memorati
781 464 871 502 Regis
886 464 1016 502 Angliae,
1034 472 1111 501 parte
1125 471 1158 492 ex
1174 462 1240 492 alte·

173 521 204 540 ra

211 533 244 578 in
267 546 368 584 Opido
389 543 543 582 Dsrdraci,
558 543 589 573 T
591 542 737 581 raje6iens1
760 540 910 579 Dioecese,
937 539 970 570 ad
995 538 1244 570 Concordandum

173 586 210 617 de
243 588 332 615 niodo
354 584 506 615 Solutionis
528 586 560 613 δε
582 581 706 612 solvendi
729 581 882 611 Summam
906 579 1103 617 Quadraginta
1126 577 1245 608 Milium

174 624 330 656 Nobilium

214 663 247 693 In
262 645 347 700 quatri
363 659 443 698 ali-as,
460 669 509 697 per
523 659 724 689 Procuratores
738 656 900 687 earumdem
920 654 1062 692 Partiutn,
1081 655 1110 684 in
1128 654 1199 685 Vim
1215 654 1247 685 &

177 700 327 732 EffeCmm
356 698 540 729 Matrimonii
569 706 703 734 concepti
730 697 802 725 inter
832 703 1001 724 memoratos
1023 693 1200 723 Ludowicum
1214 695 1247 724 &

179 739 357 776 mammam,
378 747 411 767 ac
426 737 635 775 Sponlaliorum
647 737 723 772 jam,
748 743 776 764 ut
791 734 900 764 videtur
910 755 919 769 ,
941 732 1154 762 contradiorum
1170 732 1249 761 Lon—

178 779 291 815 douite,
308 776 344 806 de
361 777 448 806 Anno
463 775 607 814 praesenti,
633 776 666 805 &
683 773 799 810 septima
814 773 862 802 die
877 771 983 801 Mentis
1001 771 1098 801 Martii
1112 772 1247 808 proximo

177 816 329 854 praeteriti,
347 813 532 851 Conceptum
548 814 582 843 δε
597 812 816 843 Concordatum
831 811 882 840 fuit
893 832 902 848 ,

218 855 263 885 Ac
285 854 348 884 alias
370 853 406 883 de
424 851 629 882 concordando
646 850 725 888 super
746 850 831 880 dictis
850 847 1027 886 Sponsalibus
1047 848 1080 878 &
1098 846 1253 878 Matrimo-

180 894 230 923 nio
241 916 250 931 ,
267 894 300 924 &
314 902 413 922 eorum
428 892 461 922 ὃς
477 890 700 927 subsequentium
716 888 892 925 expeditione
907 887 998 923 finali,
1008 886 1105 916 Literis
1119 888 1151 916 ὅ(
1167 886 1254 916 Man-

181 932 250 961 datis
265 932 399 967 congruis
413 930 447 960 ad
461 930 517 959 hoc
534 928 638 966 fulciti,
654 927 868 965 Procuratores,
884 925 918 955 N
921 926 1013 963 uncii,
1028 925 1061 955 &
1076 923 1256 955 Commissa-

187 970 220 1001 rii
236 969 398 1006 constituti,

224 1008 470 1046 Recognoscimus
493 1013 607 1043 propter
627 1003 684 1034 hoc
701 1004 771 1042 ipsos
786 1002 884 1040 Reges
897 1002 929 1032 δε
947 1001 1076 1039 praefatos
1089 1010 1190 1031 eorum
1206 1001 1259 1031 Li-

189 1048 271 1078 beros
283 1048 434 1077 efficaciter
450 1044 634 1081 obligandos,

227 1087 306 1125 Qria
326 1085 408 1121 Nos,
423 1084 524 1119 vigore
544 1080 806 1111 Procuratoriorum
828 1079 861 1109 &
888 1077 1094 1108 lilandatorum
1109 1076 1208 1108 Nobis
1223 1077 1258 1108 ad

187 1125 248 1154 hoc
272 1122 485 1159 concessorum,
507 1122 534 1149 in
556 1120 636 1149 dieto
658 1118 759 1155 Opido
776 1118 927 1154 Dordraci,
947 1127 1083 1155 quintum
1098 1116 1131 1146 ad
1149 1117 1259 1154 perfec-

187 1165 294 1194 tionem
319 1162 466 1192 memorati
489 1158 686 1193 lN'latrimonii,
704 1158 737 1188 &
759 1158 834 1187 circa
852 1156 1027 1186 additionem
1041 1165 1073 1185 ac
1088 1155 1260 1185 observatio—

189 1211 257 1232 nem
279 1199 486 1238 praemifforum
507 1199 539 1225 &L
563 1204 710 1225 cautorum
726 1218 735 1232 ,
768 1195 804 1225 de
823 1194 899 1225 certa
921 1194 1015 1224 nostra
1037 1194 1167 1231 scicntia,
1196 1194 1259 1231 post

190 1240 294 1269 multos
310 1239 390 1275 super
415 1238 470 1266 boc
498 1234 646 1264 Tractatus
662 1234 773 1263 habitos
790 1235 818 1262 in
833 1234 910 1264 hunc
926 1233 1047 1262 modum
1062 1232 1090 1262 C
1101 1243 1120 1262 o
1133 1242 1154 1262 N
1165 1242 1181 1262 c
1191 1243 1210 1263 o
1222 1242 1261 1262 R-

191 1285 388 1307 DAvrMiJs
404 1278 435 1306 ἃ
452 1274 748 1304 CONVENIMUS
765 1295 774 1311 ,
801 1282 834 1302 ac
852 1270 1194 1302 CoNcoRDAMus
1228 1273 1260 1302 δε

188 1316 280 1346 CoN
295 1322 506 1350 VENIMUS,

231 1393 243 1423 Ι
256 1402 277 1423 Ν
302 1392 326 1423 P
337 1402 359 1423 R
370 1402 381 1422 i
391 1400 418 1422 Μ
428 1400 438 1421 1
449 1402 460 1421 s
468 1413 477 1428 ,

230 1432 280 1462 Ne
295 1432 424 1469 dictum,
443 1431 490 1460 diu
507 1428 688 1459 desideratum
702 1428 734 1458 &
749 1426 912 1464 adoptatum
931 1425 1018 1464 Deo,
1036 1427 1070 1458 ἃ
1086 1426 1266 1457 Hominibus

189 1479 319 1510 gratum,
341 1469 578 1506 Matrimonium,
599 1477 646 1504 per
661 1465 832 1496 Altiilimuiii
847 1467 875 1495 in
901 1466 1071 1495 Antidotum
1090 1468 1123 1495 &
1140 1466 1265 1496 Salutem

192 1518 224 1539 ut
238 1509 356 1546 speratur
368 1508 535 1539 concellum
544 1529 553 1545 ,
577 1505 767 1544 suspendatur,
785 1504 829 1534 vel
845 1504 905 1542 plus
921 1513 1066 1541 concepto
1080 1505 1264 1545 prolongetur

194 1546 239 1578 vel
254 1548 436 1584 impediatur,
479 1578 484 1582 ‚

235 1586 421 1624 Qainqiiain
437 1585 483 1613 vix
497 1583 532 1613 de
547 1582 741 1624 Sponsalibus,
755 1581 815 1619 jam
829 1582 857 1610 in
874 1591 905 1611 ea
920 1589 994 1618 parte
1006 1581 1160 1611 contraitis
1176 1603 1185 1619 ,
1207 1581 1268 1619 quis

195 1623 298 1655 habeat
315 1624 461 1661 dubitare,
476 1632 582 1653 attento
606 1631 702 1652 tenore
725 1622 768 1650 seu
788 1621 902 1649 veritate
919 1621 997 1649 Aio:
1009 1630 1057 1649 um
1073 1622 1105 1650 δε
1126 1621 1268 1650 Atticaru-

198 1673 263 1693 rum
280 1663 442 1693 Londoniae
458 1663 485 1690 in
502 1661 625 1698 Anglii,
649 1660 754 1696 Anno,
775 1657 852 1695 Die,
871 1660 904 1689 ὃς
925 1657 1026 1688 Mense
1044 1660 1268 1697 praenominatis,

196 1710 246 1739 per
260 1700 456 1732 Procuratores
472 1699 589 1735 Regum
600 1721 609 1736 ,
623 1708 655 1728 ac
671 1697 810 1735 ipsorum,
832 1700 868 1726 de
883 1698 981 1735 quibus
995 1696 1266 1735 praeinittiturLLo-

198 1741 305 1770 dowici
322 1741 421 1777 pariter
437 1740 469 1770 ἃ
487 1738 625 1767 Blanclaie
643 1737 832 1772 Liberorum,

236 1779 285 1808 De
307 1788 386 1808 novo
408 1778 441 1808 &
463 1778 581 1814 iterato,
597 1784 741 1805 novorum
764 1775 845 1803 nobis
865 1772 1080 1803 Concessorum
1097 1772 1269 1804 Procurato-

198 1818 304 1847 riorum
320 1818 352 1848 δε
369 1815 570 1846 Mandatorurn
589 1815 690 1851 vigore
700 1836 710 1852 ,
742 1812 761 1841 S
771 1822 788 1842 P
799 1823 818 1842 o
831 1821 852 1842 N
863 1823 874 1841 s
885 1822 904 1841 A
915 1821 935 1842 L
946 1821 957 1841 1
967 1822 986 1842 A
1005 1813 1073 1842 inter
1093 1814 1268 1842 Lada-wicum

198 1856 305 1886 Filium
327 1856 475 1886 Seniorem
497 1856 608 1892 Ruperti
628 1855 704 1889 Regis
722 1853 920 1888 Romanorum,
937 1852 971 1882 &
988 1850 1153 1880 Blanchiam
1168 1852 1267 1881 Filiam

197 1893 349 1925 Seniorem
365 1896 477 1922 Henrici
492 1895 568 1929 Regis
583 1890 714 1927 Angt'zae,
733 1890 768 1920 de
783 1890 860 1919 certa
877 1889 1010 1927 scientia,
1036 1890 1205 1920 innovamus
1219 1899 1268 1920 ex-

196 1932 307 1970 preise,
324 1943 357 1962 ac
380 1932 415 1962 de
439 1941 517 1961 novo
535 1929 757 1966 Contrahimus,
776 1928 926 1966 facimus,
942 1928 976 1959 &
992 1927 1146 1958 efficaciter
1160 1929 1268 1960 aduna-

196 1981 261 2001 mus
276 1972 309 2003 &
325 1972 444 2006 inimus,

232 2010 278 2041 Ac
295 2009 360 2040 Nos
369 2032 379 2047 ,
398 2006 561 2038 Willislmur
570 2029 579 2044 ,
586 2005 790 2044 Johannes,&
803 2004 1078 2043 Robertus,nomine
1089 2005 1123 2035 &
1139 2014 1174 2035 ex
1188 2014 1266 2043 parte

197 2047 343 2079 dierorum
366 2049 479 2076 Henrai
501 2049 577 2082 Regts
598 2044 710 2082 Angliae
726 2054 757 2074 ac
773 2044 850 2073 Filia:
872 2043 926 2074 suae
939 2043 1081 2074 Blanchiae
1097 2043 1268 2075 Procurato-

197 2097 240 2118 res
261 2086 395 2124 Deputati
412 2108 422 2124 ,
457 2085 540 2115 dieto
562 2083 761 2113 Procuratorio
780 2083 812 2113 &
837 2082 962 2120 ipsorum
985 2084 1098 2111 Henrici
1120 2082 1208 2113 Patris
1231 2084 1264 2114 &

199 2124 341 2155 Blanchjae
363 2124 441 2154 Filiae
463 2123 662 2159 Nominibus,
679 2120 780 2158 causa,
797 2121 830 2151 ὃ(
852 2130 886 2151 ex
901 2129 996 2159 parte,
1014 2122 1043 2150 in
1057 2120 1182 2159 ipsorum
1197 2121 1267 2152 Ani-

204 2174 263 2194 mas
284 2163 482 2193 Promittimus
505 2162 537 2192 &
556 2161 690 2199 juramus
702 2160 782 2198 quOd
797 2182 807 2198 ,
829 2160 909 2197 juxra
923 2158 1074 2190 Conventa
1088 2169 1137 2198 per
1151 2160 1223 2198 ipsos
1235 2171 1268 2191 u-

200 2203 339 2239 trimque,
358 2210 387 2232 ut
402 2200 578 2238 praedicitur,
596 2198 903 2235 Procuratores,ipsa1n
919 2198 1081 2228 Blanchiam
1097 2198 1190 2229 eidem
1207 2201 1267 2228 Lu-

200 2241 361 2278 dowico,&
382 2249 442 2270 non
458 2240 534 2269 alteri
554 2237 623 2275 (vita
638 2238 758 2273 comite)
777 2236 947 2267 Dabimus*
965 2238 994 2266 in
1011 2247 1130 2267 uxorem
1141 2260 1150 2275 ,
1170 2238 1267 2267 Eidem

203 2289 253 2318 per
274 2279 419 2318 praesentes
434 2300 443 2315 ,
468 2276 645 2315 stipulatione
667 2276 873 2306 interveniente
895 2275 1014 2305 solemni
1029 2298 1039 2314 ,
1076 2275 1108 2305 D
1119 2285 1136 2306 E
1147 2286 1159 2306 s
1169 2285 1186 2306 i>
1196 2287 1216 2306 o
1229 2285 1269 2306 N—

202 2329 214 2348 s
224 2328 243 2348 A
255 2327 277 2348 N
289 2327 312 2348 T
323 2328 361 2348 ias
376 2316 545 2353 Eandem31»
557 2326 576 2345 o
586 2324 606 2345 L
618 2323 638 2344 L
648 2323 658 2343 i
668 2324 685 2344 c
695 2323 712 2344 E
723 2322 744 2343 N
756 2322 779 2343 T
791 2322 809 2343 Ε
819 2324 831 2343 s
845 2313 1031 2344 nihilominus
1050 2313 1127 2344 dieta
1143 2314 1163 2344 S
1173 2324 1190 2344 P
1200 2324 1219 2344 ο
1230 2324 1270 2345 Ν-

203 2367 216 2387 s
227 2367 245 2386 A
256 2366 276 2387 L
287 2365 299 2386 1
309 2366 328 2386 A
354 2355 389 2386 M
401 2366 419 2385 A
429 2364 452 2385 τ
465 2363 486 2384 R
497 2363 507 2383 i
520 2362 545 2384 Μ
556 2364 576 2384 o
588 2362 609 2383 N
622 2363 631 2383 i
643 2363 682 2390 o,
703 2353 731 2394 in
751 2353 832 2381 omni
854 2352 967 2389 forma,
986 2363 1034 2389 per
1048 2353 1120 2390 ipsos
1132 2352 1271 2384 Procura-

201 2403 274 2425 tores
287 2394 355 2424 hinc
371 2394 437 2423 inde
451 2392 567 2429 septima
582 2393 628 2421 die
642 2394 740 2420 meniis
754 2390 853 2420 Martii
867 2391 1001 2428 proximo
1014 2392 1189 2429 prteteriti,c
1200 2402 1221 2422 o
1232 2401 1272 2422 N-

202 2441 426 2469 cORDATA,
445 2431 550 2461 realiter
575 2437 780 2460 FIRMARE
803 2430 836 2460 ὅ(
860 2437 1175 2468 CONTINUARE,
1204 2429 1272 2460 Do-

198 2471 229 2502 lo
246 2473 278 2502 &
296 2470 401 2500 Fraude
417 2470 547 2506 i‘emotis;

238 2510 277 2541 Et
302 2509 381 2546 Nos,
399 2506 553 2546 Joffirdus,
568 2505 740 2543 Tlmannus,
759 2505 792 2536 ὃς
808 2504 978 2542 Nicholaus,
999 2508 1077 2543 Regis
1091 2508 1272 2536 Romanorum

199 2559 232 2580 ac
250 2549 392 2578 Ludowiri
409 2546 533 2581 eiusdem
552 2544 613 2574 Filii
629 2545 843 2580 Procuratores,
864 2543 986 2581 ipsorum
1003 2544 1121 2574 nornine
1134 2567 1144 2582 ,
1164 2544 1272 2583 Causa,

203 2590 238 2619 &
253 2595 398 2624 exparte,
422 2581 606 2616 Praesentibus
626 2582 648 2613 P
658 2593 680 2613 R
691 2592 711 2611 o
723 2591 748 2613 Μ
759 2592 769 2611 1
781 2591 835 2611 TT
847 2591 855 2611 i
869 2591 893 2611 ,xi
904 2591 926 2611 U
938 2593 948 2612 s
962 2582 993 2612 &
1006 2582 1021 2620 J
1034 2591 1057 2611 U
1068 2591 1091 2612 R
1103 2592 1121 2611 A
1131 2592 1188 2612 Μυ
1201 2593 1213 2613 s
1230 2585 1272 2621 ip-

202 2627 264 2657 sum
289 2624 409 2655 eundem
434 2624 609 2652 Ladae-imm
633 2621 752 2652 eandem
776 2621 934 2650 Dominam
957 2620 1122 2649 Blanchiam
1135 2644 1144 2659 ‚
1172 2621 1271 2651 Filiam

204 2667 318 2694 Henrici
333 2666 409 2700 Regis
425 2661 538 2698 Angliae
549 2684 558 2699 ,
577 2661 604 2689 in
621 2670 739 2690 uxorem
757 2658 910 2698 legitimam
932 2669 943 2689 s
957 2667 978 2688 υ
989 2668 1000 2688 s
1011 2669 1027 2688 c
1037 2668 1054 2688 E
1067 2668 1083 2689 P
1094 2668 1116 2689 T
1126 2668 1146 2688 υ
1160 2669 1182 2690 R
1192 2668 1214 2689 υ
1226 2669 1253 2690 Μ
1263 2683 1272 2698 ,

202 2703 316 2741 ipsaque
330 2702 374 2731 Sp
384 2712 404 2731 0
415 2709 434 2730 N
448 2710 460 2730 s
471 2711 487 2729 A
499 2709 520 2728 L
532 2709 539 2728 ι
554 2709 571 2729 A
583 2722 592 2736 ,
610 2699 680 2727 infra
698 2698 815 2728 Annum
832 2698 965 2734 proximi)
981 2697 1139 2735 sequentem
1157 2721 1166 2734 ,
1192 2698 1229 2727 M
1239 2708 1272 2728 A-

205 2750 230 2772 T
240 2751 262 2771 R
275 2751 285 2770 1
296 2749 322 2770 Μ
333 2751 352 2770 0
362 2748 382 2770 N
399 2749 406 2768 i
419 2750 439 2769 o
450 2761 459 2776 ,
476 2740 550 2777 juxta
564 2738 714 2768 Conventa
728 2745 776 2775 per
792 2736 1006 2773 ProcuratoreS,
1033 2736 1069 2765 de
1086 2738 1186 2774 quibus
1200 2747 1273 2774 prae-

204 2780 323 2816 dicitur,
342 2786 418 2808 coN
430 2786 473 2807 Ti
486 2785 538 2806 Nu
550 2787 567 2807 A
581 2786 602 2807 R
615 2785 632 2805 a
655 2777 754 2813 pariter
768 2776 802 2806 ὅ(
820 2784 837 2805 F
850 2784 857 2803 1
870 2784 892 2804 R
904 2783 930 2804 Μ
942 2784 960 2803 A
972 2784 995 2804 R
1008 2782 1035 2803 E.

245 2817 370 2854 ITEM,
388 2817 567 2846 CoerzN
582 2824 588 2844 i
604 2823 686 2844 MUS
708 2814 741 2844 &
762 2812 1111 2850 CoNcoRoAMUS,
1130 2814 1157 2842 in
1172 2812 1273 2851 Opido

204 2857 339 2887 Dordraci
362 2854 517 2892 supradicto
533 2877 542 2891 ,
564 2854 643 2890 super
665 2852 784 2882 Summa
806 2851 1004 2890 Quadraginta
1027 2850 1154 2880 Millium
1176 2849 1275 2882 Nobi-

203 2895 274 2925 lium
284 2917 293 2932 ,
318 2895 435 2924 nomine
458 2892 542 2923 Dotis
566 2891 701 2921 Dominae
721 2889 879 2928 Blanchiae,
903 2899 952 2928 per
976 2889 1140 2919 Dominum
1164 2889 1274 2929 Regem

206 2934 320 2965 Anulis:
337 2933 386 2970 ipli
410 2931 545 2961 Domino
569 2931 716 2959 Ludowico
738 2929 914 2965 dandorum,
929 2928 1008 2967 quOd
1032 2928 1131 2958 eadem
1155 2928 1274 2959 Summa

208 2973 237 3001 in
253 2971 360 3001 Tribus
373 2969 595 3007 subsequentibus
607 2968 753 2998 Terininis
767 2967 887 2997 solvatur
902 2967 1059 3003 (videlicet)

245 3009 355 3048 Qiod,
373 3010 458 3039 Anno
477 3018 492 3037 a
515 3007 671 3037 Natis-itate
688 3006 810 3035 Domini
830 3005 985 3035 Milleiimo
999 3004 1275 3044 Quadragentesimo

205 3048 342 3078 Secundo
365 3048 498 3084 proximo
521 3046 631 3082 futuro,
650 3046 720 3074 ci'im
736 3044 812 3073 idem
828 3043 971 3074 Dominus
987 3046 1119 3072 Henricus
1133 3046 1192 3072 Rex
1209 3047 1276 3073 An-

201 3086 266 3125 gliae
287 3085 373 3123 ipsam
394 3085 553 3114 Dominam
576 3083 740 3112 Blaemln'am
755 3082 856 3112 Filiam
873 3082 949 3112 suam
966 3082 1070 3112 adduci
1087 3083 1169 3111 faciet
1184 3084 1213 3111 in
1229 3085 1276 3111 Ci-

207 3129 328 3155 vitatem
349 3121 545 3161 Colorzieitft7›.⁷,
566 3122 622 3159 ipse
642 3121 746 3158 solvet,
765 3122 792 3150 in
814 3120 1028 3151 defalcationem
1052 3120 1174 3157 prtefatae
1190 3120 1276 3150 Sum-

209 3173 266 3194 rnae
276 3186 284 3201 ,
303 3162 409 3192 ibidem
427 3163 454 3191 in
469 3160 574 3190 Colonia
585 3183 593 3197 ,
608 3160 764 3190 Sexdccem
780 3159 863 3188 Milia
878 3160 1016 3189 nobilium
1033 3157 1128 3188 Cunei
1142 3158 1276 3197 Anglica—

211 3203 260 3239 rii,
277 3212 310 3231 ac
328 3200 438 3230 Valoris
452 3200 484 3229 δε
500 3199 630 3237 ponderis
642 3198 736 3227 usualis
749 3198 777 3226 in
794 3196 904 3232 Regno
919 3197 1050 3233 Angliae,
1073 3197 1153 3226 tertia
1167 3196 1277 3226 Domi—

207 3241 277 3270 nica
291 3239 336 3269 die
352 3238 415 3276 post
431 3237 544 3268 Festum
559 3236 675 3267 Pascbae
689 3235 799 3273 futura,
817 3235 884 3265 cuni
898 3246 948 3273 pro
964 3235 1078 3265 introitu
1096 3233 1192 3265 Miffae
1207 3245 1275 3266 can—

208 3278 312 3309 tabitur
325 3277 340 3314 J
352 3286 372 3306 U
383 3286 420 3307 131
430 3285 450 3306 L
462 3286 480 3306 A
490 3285 512 3305 T
523 3285 539 3305 is
549 3298 558 3313 ,
577 3275 622 3305 vel
637 3274 730 3304 saltem
744 3283 808 3304 ante
821 3274 1010 3304 Dominicam
1027 3274 1168 3311 Quartam
1182 3275 1277 3311 proxi-

211 3325 292 3346 mam
315 3316 347 3346 &
369 3315 532 3349 immediate
551 3314 712 3353 iequeritem
727 3335 737 3349 ,
766 3313 836 3342 cum
856 3314 1009 3342 cantabitur
1029 3312 1058 3341 C
1069 3321 1088 3341 A
1100 3320 1122 3340 Ν
1133 3319 1156 3340 T
1167 3321 1187 3341 A
1198 3320 1248 3342 TE
1267 3335 1276 3350 ,

210 3354 362 3393 postquam
383 3353 458 3383 dieta
481 3353 610 3383 Domina
632 3351 780 3387 Blancliia‚
800 3360 846 3388 per
868 3350 990 3387 ipsorum
1011 3349 1206 3379 Dominorum
1219 3352 1277 3379 Ru-

205 3397 281 3432 perti
302 3393 335 3423 ὃ(
358 3392 499 3421 Ludo-wiri
519 3391 645 3428 Gentes,
663 3399 691 3420 ut
704 3390 809 3427 sponsa
824 3389 894 3420 dieii
909 3389 1061 3419 Ludowici
1080 3388 1128 3418 diu
1142 3388 1277 3420 desidera-

212 3440 240 3464 ta
278 3430 420 3462 condiano
436 3429 517 3459 fuerit
530 3437 659 3466 recepta,

244 3454 283 3500 Et
290 3454 407 3506 deind'e,
415 3477 489 3498 anno
500 3478 515 3498 a
524 3467 677 3497 Nativitate
687 3465 810 3496 Domini
818 3464 974 3495 Millesimo
983 3463 1113 3503 Qadrin
1118 3464 1274 3501 gentesimo

212 3510 314 3546 tertio,
327 3507 426 3538 eadem
450 3505 605 3535 Dominica
619 3505 673 3543 qua
688 3514 738 3541 pro
754 3503 871 3534 Introitu
888 3503 984 3533 Milite
1000 3504 1156 3534 cantabitur
1171 3502 1199 3533 C
1209 3511 1277 3533 AN-

214 3555 238 3577 T
250 3558 268 3577 A
279 3555 302 3576 T
313 3555 350 3584 E,
369 3544 478 3584 Quarta
502 3543 658 3573 Dominica
683 3543 730 3572 die
748 3542 811 3579 post
827 3541 939 3572 Festum
957 3541 1068 3572 Paschae
1081 3542 1186 3572 eodem
1200 3551 1276 3571 anno

212 3586 414 3621 contingente,
428 3583 483 3620 ipse
499 3581 642 3612 Dominus
659 3581 721 3610 Rex
739 3581 840 3618 solvet,
859 3580 904 3610 seu
924 3580 995 3610 solvi
1008 3579 1108 3617 faciet,
1125 3581 1193 3609 item
1207 3580 1276 3609 Sex-

211 3624 315 3653 decem
331 3622 413 3652 Milia
428 3620 585 3652 Nobilium
599 3643 608 3658 ,
632 3619 831 3657 praedicstorum
846 3617 941 3648 Cunei
957 3618 1068 3648 Valoris
1081 3618 1114 3648 &
1129 3617 1277 3655 ponderis,

215 3662 244 3690 in
270 3662 351 3691 Loco
373 3661 401 3690 in
425 3668 510 3699 quem
530 3667 725 3688 convenerunt
737 3657 806 3686 dieii
822 3656 919 3692 Reges
933 3656 977 3686 vel
991 3666 1090 3686 eorum
1106 3655 1277 3687 Procurato-

215 3709 258 3728 res
273 3722 282 3737 ,
307 3699 377 3729 infra
398 3699 431 3729 &
451 3699 521 3727 citra
544 3695 658 3726 Festum
681 3696 888 3732 Affumpziouis
912 3694 1013 3724 Mari-,e
1035 3694 1158 3733 Virginis
1180 3694 1277 3724 Aimae

215 3738 349 3774 proximo
369 3737 494 3767 futurum
509 3758 519 3773 ,
551 3736 585 3766 &
607 3735 637 3763 in
658 3734 799 3762 Dordraco
821 3732 909 3770 opido
931 3733 1070 3769 praedisito
1089 3735 1120 3762 in
1145 3731 1277 3762 Crastino

218 3775 287 3804 dieii
304 3775 391 3813 Festi,
409 3785 458 3812 per
471 3773 585 3805 eosdem
601 3772 801 3802 Procuratores
814 3770 999 3810 exprimendo
1014 3770 1059 3800 seu
1073 3770 1226 3808 signando,

257 3812 413 3842 Residuum
436 3823 505 3843 vero
526 3811 611 3842 dieiae
633 3810 763 3840 Summae
777 3832 786 3847 ,
818 3817 882 3846 puta
900 3808 969 3838 octo
994 3808 1088 3839 Millia
1107 3808 1280 3846 Nobilium,

218 3850 322 3887 solvet,
339 3852 367 3879 in
386 3852 445 3887 jam
469 3852 602 3888 proximo
622 3849 700 3879 diito
726 3849 807 3878 Loco
828 3846 1013 3887 designando,
1031 3848 1059 3876 in
1084 3846 1167 3877 Festo
1183 3847 1281 3877 Sanciti

218 3887 338 3918 Martini
360 3889 388 3917 in
410 3888 505 3919 Mense
527 3888 721 3924 Novembris,
739 3885 884 3924 praefatam
907 3885 1067 3922 proximam
1090 3885 1282 3916 Dominicam

218 3926 273 3965 qua
295 3926 446 3956 cantabitur
466 3926 523 3957 CA
535 3936 557 3957 Ν
569 3936 591 3957 T
603 3937 622 3957 A
633 3935 656 3956 T
666 3935 683 3955 Ε
706 3934 774 3955 tunc
796 3923 931 3961 proximo
953 3924 986 3954 ὃς
1001 3924 1178 3953 immeditate
1193 3923 1284 3955 subse-

241 3972 336 3994 uente-

216 3974 239 4002 ς
254 3988 371 4032 Proviso
391 4002 496 4039 semper
519 4003 598 4040 quod
619 4003 648 4031 in
671 4001 797 4041 quolibet
818 3999 961 4031 Termino
975 3997 1109 4030 Duorum
1122 4000 1284 4039 primorum

217 4041 442 4078 Terminorum,
460 4040 580 4078 superius
596 4041 799 4079 limitatorum,
819 4038 898 4070 dieto
918 4037 1051 4068 Domino
1067 4037 1139 4077 Regi
1154 4037 1265 4077 Angliae
1276 4060 1286 4075 ,

1295 126 1417 192 Es,
1474 136 1863 185 L1TERAE,

1273 225 1310 257 de
1333 227 1436 257 Solutis
1453 237 1501 264 per
1524 236 1594 257 eum
1613 225 1658 256 vel
1679 235 1731 264 pro
1745 233 1821 263 parte
1839 219 1902 262 sua,
1921 220 2061 253 sufficiens
2076 204 2145 252 fient
2158 214 2352 259 Aequietantia
2375 209 2514 245 Ann.D.'

1276 265 1332 295 sive
1350 266 1539 296 Liberationis
1556 265 1679 301 Lirerae,
1705 263 1839 302 quodque
1855 261 1890 292 de
1906 263 1940 293 δε
1953 261 2033 299 super
2046 260 2146 291 ultima
2161 261 2193 291 ὃς
2210 259 2282 290 finali
2299 257 2353 287 So-
2392 260 2479 291 1401.
2509 289 2513 292 ,

1276 303 1400 342 lurione,
1418 304 1541 341 superius
1561 302 1696 340 limitata,
1715 303 1750 332 de
1772 310 1829 332 tota
1845 301 1954 337 integra
1967 299 2091 330 Summa
2105 299 2251 329 diciorum
2269 297 2310 336 Q

1277 341 1405 378 draginta
1431 342 1549 371 Milium
1574 340 1730 371 Nobilium
1746 363 1755 378 ,
1776 339 1960 380 acquietantia
1982 337 2027 368 seu
2052 337 2236 368 Liberationis
2259 336 2354 366 Litera

1279 380 1360 410 dieto
1380 379 1516 410 Domino
1531 380 1609 416 Regi
1625 379 1760 416 generalis
1773 378 1817 408 fiat
1833 379 1866 408 &
1881 376 1978 406 hnalis.
2010 401 2015 403 ,

1317 418 1448 456 ITEM,
1477 417 1887 453 CoNcoRDAvIMUs,
1912 415 1946 445 &
1962 412 2356 450 CONCORDAMUS,&

1281 456 1343 525 glo
1353 465 1374 486 N
1385 467 1404 486 ν
1415 466 1432 486 E
1445 465 1467 486 Ν
1477 465 1490 486 1
1499 465 1558 487 Μυ
1567 465 1580 486 s
1603 456 1681 494 quod
1702 455 1849 485 Dominus
1863 457 1996 492 Rupertus
2015 455 2073 482 Rex
2090 455 2271 482 Romanorum
2284 460 2355 491 prae-

1304 505 1376 525 ictus

1309 518 1406 564 ‘Ultr’a
1421 533 1454 564 &
1468 541 1566 570 praeter
1581 533 1688 562 Literas
1702 531 1774 570 suas,
1794 541 1859 570 quas
1874 530 1923 561 sub
1939 529 2104 561 certitudine
2118 528 2208 559 Verbi
2220 526 2304 566 Regii
2320 526 2362 556 fa·

1287 573 1360 610 ciet,
1378 572 1427 602 sub
1445 572 1548 608 magni
1563 571 1644 608 ipsius
1660 571 1753 608 Sigilli
1769 571 1936 600 teitimonio
1950 568 2133 606 Sigillandas,
2159 577 2191 597 ac
2208 568 2277 604 parti
2290 565 2363 594 diffl

1288 610 1376 649 Regis
1392 611 1502 649 Angliae
1517 608 1660 639 tradendas
1695 609 1728 638 ad
1743 608 1900 638 Di&ameii
1916 607 2050 638 nostrum
2068 606 2287 636 Procuratorutn
2297 603 2366 633 Par-

1288 650 1361 680 tium
1385 649 1607 686 praescriptarum
1623 669 1632 683 ,
1677 657 1692 676 e
1715 648 1748 678 &
1771 647 1849 684 super
1872 646 2077 676 Observatione
2102 645 2136 676 &
2159 643 2364 681 Completione

1288 688 1512 726 omnium,t{1m
1535 696 1582 724 per
1606 685 1802 715 Procuratores
1822 685 1884 715 suos
1896 685 1929 715 &
1947 684 2011 714 Filii
2024 683 2063 714 sui
2082 683 2232 721 praediffi,
2251 681 2364 712 Londo-

1289 730 1342 755 niae
1357 726 1472 764 septima
1487 726 1533 755 die
1549 724 1647 754 mensis
1665 723 1762 753 Martii
1775 725 1908 759 proximo
1925 724 2053 760 praeteriti
2071 724 2165 760 primo
2174 744 2184 759 ,
2209 731 2242 751 ac
2258 719 2361 750 deinde

1284 765 1347 802 jam
1362 765 1390 794 in
1405 766 1545 794 Dordraco
1559 762 1695 801 praedieio
1710 771 1758 799 per
1768 762 1939 790 eorumdem
1948 761 2145 791 Procuratores
2153 760 2276 790 Domini
2285 758 2365 789 Hen-

1291 805 1342 833 rici
1363 803 1454 840 Regis
1475 802 1589 839 Angli-oe
1611 801 1740 839 praedicti
1761 801 1795 830 ὃς
1816 799 1899 836 ipiius
1914 799 1994 828 Ftiiae
2008 800 2224 836 praenominatae
2236 807 2269 828 ex
2285 805 2363 835 parte

1291 842 1391 880 altera,
1409 842 1563 880 hincinde,
1580 840 1747 871 eorumdem
1766 839 1901 868 omnium
1923 837 2089 868 nominibus
2108 846 2317 868 conventorum
2333 837 2366 867 &

1295 881 1536 910 concordatorum
1546 902 1555 918 ,

1334 918 1513 956 Aiiignabit,
1528 918 1623 956 dabit,
1641 919 1676 949 &
1701 924 1804 955 ponet,
1821 914 1931 946 nobiles
1951 915 1983 945 &
2005 913 2176 954 Magnificos
2197 915 2270 945 vinos
2307 917 2368 944 Do-

1296 960 1398 987 minum
1418 956 1583 995 Stephanum
1605 959 1707 986 Ducem
1727 956 1864 984 Bavariae
1879 954 1912 985 &
1928 952 2079 983 Comitem
2098 953 2255 984 Palatinum
2271 936 2369 989 Reni,

1295 996 1460 1025 Fria'ericum
1484 998 1655 1033 Burgravin.
1675 994 1896 1030 Nurenbergen.
1917 991 2074 1031 Adolplmm
2089 995 2219 1022 Comitem
2233 992 2265 1021 de
2282 990 2369 1021 clivis

1298 1031 1335 1067 (sy
1348 1034 1379 1062 de
1394 1033 1511 1071 Marck,
1530 1033 1720 1062 Eberhardum
1735 1035 1863 1061 Comitem
1878 1031 1911 1060 de
1926 1029 2193 1068 Katzenelenhogen.
2217 1029 2369 1068 Philippum

1299 1076 1427 1101 Comitem
1441 1072 1472 1101 de
1487 1072 1638 1110 Naſjauwe
1653 1072 1685 1101 δε
1702 1071 1854 1107 Saraponte
1863 1093 1872 1107 ,
1887 1071 2054 1099 Fridericum
2069 1073 2201 1099 Comitem
2215 1070 2248 1099 de
2262 1071 2371 1108 Linyn-

1295 1121 1355 1148 gen.
1372 1111 1548 1140 Eunthonem
1571 1113 1700 1138 Comitem
1722 1109 1754 1137 de
1775 1110 1926 1147 Linyngen.
1945 1110 2109 1138 Fridericum
2125 1111 2253 1138 Comitem
2267 1109 2301 1137 de
2310 1106 2371 1137 Vel-

1299 1151 1384 1178 dt’ntz
1393 1172 1402 1187 ,
1420 1149 1593 1178 Grmtherum
1608 1151 1737 1177 Comitem
1753 1146 1784 1175 de
1799 1145 1999 1185 Swarzeburg,
2023 1147 2183 1185 Johannem
2196 1149 2324 1176 Comitem
2338 1146 2371 1175 de

1300 1189 1457 1226 Wrthem,
1474 1187 1623 1225 Philippum
1646 1186 1677 1216 de
1697 1184 1865 1224 Falkenstein
1889 1183 2055 1215 Dominum
2069 1185 2104 1215 de
2121 1184 2319 1226 Ku'mgistein,
2339 1187 2373 1217 &

1300 1227 1494 1265 Engelbertum
1513 1229 1659 1256 Dominum
1681 1228 1711 1254 in
1735 1222 1910 1264 ernsperge,
1928 1222 2109 1259 Obligandos
2131 1223 2286 1254 secundum
2302 1224 2374 1254 For-

1302 1275 1380 1295 mam
1399 1267 1429 1295 in
1449 1265 1564 1302 Scriptis
1577 1263 1780 1301 redigendam,
1799 1264 1817 1282 ²*
1835 1271 1921 1303 quam
1937 1271 1988 1291 nos
2003 1260 2206 1292 Procuratores
2221 1262 2373 1301 praescripti

1303 1305 1546 1342 concipiemus&
1564 1303 1714 1340 iaciemus,
1733 1302 1857 1338 ipsorum
1874 1300 2047 1336 ungulorum
2063 1300 2168 1337 sigillis
2184 1302 2375 1332 corroboran—

1302 1344 1369 1372 dam
1391 1344 1425 1373 &
1446 1341 1617 1381 sigillandam
1628 1364 1637 1379 ,
1652 1341 1785 1378 Partique
1799 1339 1924 1370 Henrici
1940 1336 2032 1376 Regis
2049 1338 2161 1378 Angliae
2177 1339 2305 1378 prxdieii
2321 1347 2376 1370 tra-

1302 1381 1423 1411 dendam
1440 1382 1472 1411 &
1487 1380 1661 1410 liberandam
1671 1403 1680 1418 ,

1342 1419 1370 1450 C
1378 1431 1398 1450 o
1407 1429 1429 1450 Ν
1441 1430 1457 1450 c
1467 1431 1487 1449 o
1498 1429 1519 1449 R
1529 1428 1549 1448 D
1560 1429 1579 1449 A
1588 1428 1610 1449 T
1620 1428 1642 1449 U
1655 1427 1682 1449 M
1697 1417 1786 1448 etiam
1800 1416 1888 1447 extitit
1903 1416 1936 1447 &
1949 1414 2039 1446 existit
2049 1415 2128 1453 quod
2137 1414 2283 1446 Dominus
2292 1415 2377 1447 Hen-

1304 1460 1376 1489 ricus
1393 1458 1455 1488 Rex
1470 1459 1582 1497 Angli-ae
1598 1457 1763 1495 przedictus,

1344 1497 1431 1527 Ultra
1452 1498 1484 1528 ὃς
1507 1505 1605 1534 praeter
1628 1496 1732 1526 Literas
1750 1495 1826 1532 suas,
1846 1502 1911 1531 quas
1931 1492 1981 1523 sub
2003 1492 2172 1524 certitudine
2186 1492 2275 1524 Verbi
2291 1492 2378 1533 Regii

1305 1535 1387 1566 faciet
1409 1536 1459 1566 sub
1481 1536 1576 1575 magni
1597 1535 1679 1572 ipsius
1699 1534 1787 1572 Sigilli
1801 1532 1967 1562 testimonio
1982 1531 2136 1569 sigillandas
2143 1554 2154 1570 ‚
2171 1541 2205 1562 ac
2221 1531 2294 1563 Parti
2307 1533 2378 1563 dicti

1309 1574 1399 1611 Regis
1422 1574 1625 1604 Romanorum
1646 1571 1807 1609 tradendas,
1824 1581 1857 1601 ac
1880 1569 2038 1600 Didiamen
2063 1570 2194 1600 nostrum
2209 1569 2379 1602 Procurato-

1307 1622 1370 1642 rum
1386 1612 1513 1643 Partium
1530 1612 1756 1650 praescriptarum
1770 1633 1780 1648 ,
1799 1609 1836 1640 de
1850 1610 1883 1639 &
1897 1608 1976 1646 super
1990 1609 2185 1640 observatione
2202 1610 2236 1641 &
2249 1610 2380 1647 compie-

1306 1652 1384 1681 tione
1406 1661 1558 1689 omnium,
1575 1651 1636 1681 tam
1657 1661 1704 1688 per
1729 1649 1928 1679 Procuratores
1949 1647 2010 1677 suos
2024 1648 2056 1678 &
2074 1647 2154 1678 Filiae
2168 1648 2221 1678 suae
2236 1648 2380 1686 praedietae

1306 1692 1454 1719 Londoniae
1465 1712 1475 1728 ,
1493 1690 1619 1727 Septima
1638 1689 1684 1719 die
1706 1687 1808 1718 meniis
1831 1686 1929 1716 Martii
1947 1686 2082 1723 proximo
2106 1688 2239 1724 praeteriti
2259 1689 2356 1725 primo
2368 1709 2380 1725 ,

1306 1738 1340 1758 ac
1357 1729 1460 1758 deinde
1473 1730 1528 1766 jam
1546 1729 1576 1758 in
1590 1727 1741 1758 Dordraco
1756 1724 1911 1764 praedicto,
1936 1734 1985 1761 per
1999 1725 2157 1756 eorundem
2177 1725 2382 1757 Procuratores

1306 1777 1340 1796 ex
1364 1778 1435 1805 una,
1453 1769 1541 1806 quam
1563 1766 1764 1797 Procuratores
1785 1764 1910 1794 Domini
1930 1762 2050 1801 Ruperti
2064 1762 2157 1801 Regis
2173 1763 2381 1801 Romanorum

1305 1806 1338 1836 ἃ
1354 1806 1418 1836 Filii
1433 1806 1471 1836 sui
1487 1806 1683 1843 praenominati
1696 1812 1771 1842 parte
1786 1812 1819 1833 ex
1834 1802 1933 1840 altera,
1957 1801 2114 1840 hincinde,
2131 1802 2301 1833 eorumdem
2314 1812 2383 1834 om-

1307 1846 1388 1874 nium
1405 1844 1587 1874 Nominibus
1601 1843 1822 1873 Conventorum
1835 1841 1868 1871 &
1884 1839 2137 1871 Concordatorum
2147 1863 2158 1880 ,

1345 1883 1519 1923 Ailignabit,
1537 1882 1617 1912 dabit
1637 1883 1670 1913 ὅ(
1693 1889 1797 1919 ponet,
1815 1878 1941 1921 Nobiles
1953 1878 1987 1909 &
2001 1877 2178 1916 Magnificos
2192 1879 2294 1918 Viros,
2313 1879 2380 1910 Do-

1308 1922 1421 1952 minum
1444 1922 1618 1951 Edmundum
1639 1923 1742 1950 Ducem
1762 1918 1958 1956 Eboracensem
1970 1939 1980 1955 ,
2015 1915 2187 1950 Dominum
2206 1918 2381 1948 Edwardum

1306 1964 1435 1990 Comitem
1449 1960 1606 1989 Rutlandiae
1617 1982 1627 1998 ,
1647 1958 1816 1988 Dominum
1827 1955 1990 1995 Johannem
2004 1958 2131 1985 Comitem
2147 1955 2382 1996 Somerfhtmfi’m,

1306 1998 1473 2030 Dominum
1487 1999 1616 2028 Thomam
1630 2000 1759 2027 Comitem
1772 1993 1937 2025 Arundellae
1982 1993 2152 2024 Dominum
2167 1996 2314 2025 Henricum
2331 1998 2382 2025 Co-

1305 2041 1397 2067 mitem
1420 2036 1627 2067 Northumbriae
1636 2059 1646 2075 ‚
1665 2035 1835 2065 Dominum
1853 2016 2025 2072 Radusphum
2038 2035 2172 2062 Comitem
2187 2033 2380 2074 Wstmerlan-

1304 2076 1374 2114 diae,
1389 2075 1558 2106 Dominum
1579 2075 1710 2104 Thomam
1731 2075 1859 2102 Comitem
1882 2073 2051 2110 Wigorniae,
2069 2069 2236 2102 Dominum
2259 2072 2381 2103 Willael-

1305 2126 1377 2144 mum
1397 2114 1429 2144 de
1450 2113 1526 2144 Bello
1547 2118 1644 2153 campo
1667 2112 1836 2142 Dominum
1856 2109 1893 2140 de
1914 2109 2097 2150 Bergeveny,
2122 2109 2290 2142 Dominum
2309 2110 2383 2142 aba·

1306 2165 1379 2182 mam
1401 2155 1548 2184 Dominum
1574 2153 1607 2182 de
1629 2150 1745 2190 Berkley
1758 2173 1768 2189 ,
1796 2149 1963 2180 Dominum
1986 2147 2023 2179 de
2045 2148 2159 2179 Burnell
2173 2173 2184 2189 ‚
2210 2149 2382 2181 Dominum

1305 2192 1466 2231 Johannem
1485 2194 1632 2222 Dominum
1653 2191 1685 2220 de
1705 2187 1810 2220 Lovell
1822 2188 1857 2219 &
1871 2187 1909 2218 de
1922 2186 2058 2225 Holand,
2074 2188 2107 2218 ὅ(
2122 2187 2288 2219 Dominum
2303 2185 2382 2220 Wil-

1305 2230 1423 2260 lielmum
1436 2233 1585 2260 Dominum
1600 2229 1632 2259 de
1645 2231 1716 2268 Say,
1730 2226 1912 2266 obligandos
1924 2225 2081 2256 secundum
2096 2226 2236 2257 Formam
2251 2228 2280 2257 in
2295 2226 2382 2266 scrip-

1305 2271 1339 2300 tis
1351 2268 1551 2309 redigendam,
1577 2277 1662 2307 quam
1675 2277 1727 2298 nos
1741 2266 1942 2298 Procuratores
1954 2264 2105 2303 praescripti
2122 2264 2332 2303 Concipiemus
2345 2267 2380 2298 δε

1308 2309 1470 2345 Faciemus,
1487 2307 1611 2348 ipsorum
1632 2305 1809 2344 singulorum
1830 2302 1933 2343 sigillis
1953 2303 2194 2334 corroborandam
2208 2305 2242 2336 &
2258 2304 2381 2342 sigillan-

1306 2347 1372 2416 fabren
1382 2370 1391 2386 ,
1409 2346 1539 2415 {artique
1560 2345 1680 2384 Ruperti
1697 2344 1784 2383 Regis
1797 2342 2006 2374 Romanorum
2022 2341 2152 2380 praediffl
2166 2343 2331 2374 tradendam
2345 2344 2381 2377 δε

1319 2397 1326 2417 ι
1364 2395 1412 2416 ran
1434 2395 1481 2416 am

1348 2423 1392 2455 Ιτ
1402 2433 1422 2455 F
1431 2432 1458 2454 M
1466 2447 1476 2462 ,
1489 2408 1564 2454 'inter
1577 2432 1630 2454 nos
1643 2422 1846 2453 Procuratores
1859 2419 2012 2458 praedictos
2027 2419 2056 2451 C
2064 2431 2084 2452 ο
2095 2429 2119 2452 Ν
2129 2431 2150 2451 ν
2161 2429 2180 2452 ε,
2188 2429 2212 2451 Ν
2221 2427 2245 2451 τ
2254 2428 2278 2451 u
2288 2428 2316 2451 M
2331 2426 2382 2451 eri—

1309 2463 1363 2493 titit
1384 2464 1418 2495 &
1439 2462 1468 2492 C
1477 2472 1497 2492 o
1507 2471 1528 2492 Ν
1539 2472 1556 2492 c
1564 2472 1584 2493 o
1596 2471 1619 2492 R
1629 2470 1650 2492 D
1660 2470 1709 2492 AT
1719 2469 1742 2491 υ
1753 2469 1781 2491 M
1803 2460 1882 2498 quod
1899 2459 2015 2498 quilibet
2036 2459 2154 2496 Regum
2172 2458 2382 2495 praedicstorutn

1309 2502 1409 2531 omnia
1429 2501 1462 2532 &
1484 2501 1606 2538 singula,
1627 2509 1675 2538 per
1698 2500 1826 2537 ipsorum
1845 2497 2062 2539 Procuratores,
2090 2495 2150 2526 tam
2169 2496 2245 2526 dieta
2266 2497 2383 2534 septima

1309 2540 1355 2569 die
1376 2539 1485 2569 Mensis
1508 2539 1609 2569 Martii
1631 2538 1799 2575 praescripti,
1817 2535 1903 2572 quam
1923 2543 1955 2563 in
1979 2533 2080 2571 Opido
2101 2533 2257 2565 Dordraco
2273 2535 2384 2576 habita,

1310 2578 1400 2615 facia,
1419 2576 1512 2616 gesta,
1529 2577 1561 2606 ὃς
1576 2577 1605 2605 in
1620 2576 1672 2605 hac
1687 2582 1766 2612 parte
1778 2571 1969 2609 concordata,
1987 2580 2070 2610 atque
2083 2572 2113 2602 in
2126 2572 2235 2613 scriptis
2253 2573 2382 2615 redacta,

1311 2617 1345 2648 ὃς
1357 2625 1458 2645 eorum
1473 2614 1574 2653 Sigillis
1587 2613 1691 2650 signata
1707 2613 1741 2644 &
1755 2611 1882 2650 sigillata,
1900 2619 1921 2640 L
1933 2619 1953 2640 A
1963 2618 1986 2640 υ
1997 2619 2018 2640 D
2027 2619 2075 2640 AB
2085 2619 2096 2640 1
2108 2619 2131 2641 T
2147 2611 2181 2642 &
2203 2621 2223 2641 A
2235 2621 2253 2642 Ρ
2263 2621 2338 2642 ιωΒ
2348 2623 2389 2643 Α..

1312 2663 1352 2684 ΒΙ
1363 2663 1404 2692 τ,
1421 2654 1454 2683 &
1474 2663 1523 2690 per
1545 2652 1652 2682 Literas
1666 2651 1722 2682 suas
1742 2649 1888 2687 Parentes,
1906 2649 1954 2678 sub
1973 2648 2079 2687 Magni
2096 2649 2184 2689 Sigilli
2199 2649 2238 2680 sui
2251 2650 2386 2681 testimo-

1312 2693 1377 2730 nio,
1395 2693 1466 2722 citra
1488 2689 1604 2721 Festum
1627 2688 1836 2726 Affumptionis
1852 2687 2023 2725 praedictum
2029 2710 2040 2726 ,
2058 2687 2237 2727 Sigillandas,
2256 2688 2385 2722 Partibus

1310 2731 1452 2769 praedictis
1464 2730 1531 2759 hinc
1546 2729 1612 2758 inde
1629 2729 1657 2757 in
1672 2728 1703 2758 O
1725 2728 1774 2757 ido
1788 2726 1929 2764 praedicto
1943 2725 2104 2765 tradendas,
2122 2725 2326 2758 Confirmabit.

1348 2769 1394 2799 IT
1404 2778 1422 2799 i:
1432 2776 1478 2806 Μ,
1496 2767 1577 2806 quod
1597 2767 1666 2797 dieii
1741 2765 1918 2802 ndebstores,
1935 2765 1970 2806 ὃς
1988 2764 2034 2795 alii
2046 2765 2240 2796 alterutrarum
2254 2766 2384 2798 Partium

1313 2808 1514 2846 praedictarum
1541 2805 1699 2842 Obligandi
1715 2827 1725 2843 ,
1749 2803 1894 2834 dedebunt
1913 2802 1969 2834 esse
1993 2803 2055 2834 Viri
2078 2803 2189 2834 Famofi
2206 2827 2217 2842 ,
2244 2804 2387 2836 Generosi

1312 2847 1462 2883 Sanguinis
1496 2845 1530 2875 &
1550 2845 1579 2873 in
1602 2844 1703 2875 Literis
1725 2843 1776 2873 suis
1789 2842 1951 2872 Parentibus
1963 2842 2064 2881 pariter
2078 2843 2165 2873 etiam
2175 2842 2331 2882 dictandis,
2350 2844 2386 2875 &

1313 2895 1432 2923 quarum
1453 2868 1582 2921 &opiam
1601 2892 1653 2912 nos
1670 2882 1732 2920 jam
1752 2881 1825 2911 dieii
1846 2881 2049 2911 Procuratores
2069 2890 2154 2919 penes
2176 2890 2229 2910 nos
2241 2890 2387 2913 remanere

1313 2924 1462 2960 volumus,
1480 2921 1584 2959 Sigillis
1596 2922 1683 2951 etiam
1696 2919 1796 2950 nostris
1810 2919 1954 2958 Signatam
1967 2919 2001 2950 &
2016 2919 2189 2956 sigillatam,
2211 2919 2386 2951 Promittent

1314 2962 1393 2992 bona
1412 2961 1468 2991 fide
1492 2959 1591 2998 quod,
1609 2961 1639 2989 in
1660 2958 1732 2990 Casu
1752 2958 1803 2988 ubi
1822 2959 1920 2995 aliquis
1942 2957 2077 2987 Defectus
2090 2957 2271 2996 reperiretur,
2293 2959 2383 2997 (quod

1312 3001 1391 3038 abiit)
1413 3001 1442 3029 in
1463 2999 1659 3029 observatione
1679 3007 1728 3037 per
1742 2996 1837 3036 Reges
1851 2996 1895 3027 vel
1908 2995 2036 3033 ipsorum
2051 2995 2173 3026 Liberos
2188 2998 2384 3033 praenomina-

1313 3047 1376 3078 tos,
1393 3047 1440 3069 aut
1459 3046 1561 3068 eorum
1583 3038 1669 3067 etiam
1692 3035 1805 3066 divisim
1825 3034 2025 3066 Procuratores
2044 3033 2092 3064 vel
2104 3032 2257 3073 Nuncios,
2274 3037 2385 3066 utrobi-

1314 3087 1370 3115 que
1383 3078 1415 3108 &
1431 3077 1499 3106 hinc
1515 3075 1581 3106 inde
1596 3073 1816 3113 promissorum,
1831 3072 2001 3104 Fadiorum,
2021 3072 2055 3103 &
2072 3070 2247 3112 Gestorum,
2272 3073 2318 3104 seu
2332 3084 2383 3104 eo-

1314 3126 1380 3146 rum
1400 3114 1555 3152 Haeredes,
1573 3113 1768 3149 SuccessoreS,
1784 3112 1818 3142 &
1838 3110 1950 3141 causam
1971 3111 2008 3140 ab
2030 3111 2070 3140 eis
2085 3110 2237 3149 habentes,
2252 3112 2332 3149 quod
2348 3112 2382 3142 il-

1313 3154 1375 3184 lum
1392 3153 1550 3184 Defecitum
1564 3152 1614 3189 ipsi
1629 3151 1840 3181 Condebitores
1852 3150 1884 3180 &
1900 3149 1945 3178 alii
1959 3148 2115 3188 Obligandi
2127 3148 2312 3188 supplebunt,
2331 3150 2382 3182 sub

1314 3193 1406 3223 Poena
1435 3193 1466 3222 in
1490 3191 1594 3221 Literis
1612 3190 1740 3228 ipsorum
1762 3187 1998 3218 Condebitorum
2021 3189 2054 3219 ὅ(
2075 3186 2306 3228 Obligandorum
2329 3199 2382 3228 per

1315 3241 1368 3261 nos
1383 3230 1515 3268 ponenda
1526 3229 1560 3259 &
1572 3227 1762 3266 exprimenda.

1350 3268 1394 3300 ΙΝ
1405 3276 1505 3299 supr:
1516 3276 1557 3305 R,
1584 3276 1635 3305 per
1653 3276 1706 3296 nos
1725 3264 1945 3295 Concordatum
1967 3263 2010 3295 est
2031 3266 2065 3297 &
2089 3264 2278 3297 conventum
2299 3264 2380 3303 quod

1315 3318 1365 3347 per
1386 3307 1570 3338 Solutionem
1590 3305 1694 3336 Poenae
1715 3303 1761 3334 vel
1783 3302 1956 3341 Poenarum,
1973 3304 2002 3333 in
2017 3304 2198 3334 concordatis
2212 3313 2262 3341 per
2275 3312 2328 3333 nos
2344 3304 2379 3335 δε

1313 3346 1462 3384 conceptis
1476 3344 1578 3375 Literis
1592 3343 1714 3380 sigillatis
1725 3341 1771 3373 vel
1784 3341 1944 3379 Sigillandis
1958 3341 2056 3379 positae
2070 3343 2116 3373 vel
2130 3341 2282 3380 positarum
2288 3363 2302 3385 ,
2311 3340 2381 3371 Ma-

1314 3386 1502 3422 trimonium,
1530 3382 1566 3413 de
1586 3382 1620 3413 &
1641 3391 1695 3419 pro
1734 3390 1773 3411 uo
1790 3382 1897 3419 agitur,
1915 3380 2050 3411 infirmari
2070 3380 2114 3412 vel
2137 3378 2269 3417 rescindi,
2285 3379 2381 3417 ipsave

1315 3424 1331 3454 s
1345 3422 1447 3454 onsalia
1459 3424 1521 3461 jain
1541 3420 1690 3451 contracta
1742 3418 1847 3449 escindi
1871 3429 1930 3450 non
1947 3419 2084 3456 debeant,
2101 3417 2146 3448 sed
2161 3417 2261 3447 omnia
2276 3417 2380 3450 debere

1334 3463 1392 3499 eri,
1406 3462 1485 3500 juxta
1501 3459 1608 3496 singula
1621 3468 1671 3496 per
1697 3456 1901 3488 Procuratores
1920 3457 1990 3488 hinc
2017 3455 2102 3495 inde,
2124 3455 2183 3485 tam
2203 3456 2354 3486 Londoniae
2369 3480 2380 3496 ‚

1313 3501 1401 3539 quam
1415 3499 1550 3529 Dor-draci
1581 3505 1740 3535 concepta,
1758 3496 1909 3534 promissa,
1932 3496 1978 3526 seu
1989 3494 2096 3532 jurata,
2108 3494 2243 3532 juxtaque
2258 3493 2364 3526 Literas

1313 3541 1374 3570 tarn
1398 3547 1447 3575 per
1469 3546 1524 3567 nos
1543 3520 1692 3566 Dominos
1714 3535 1827 3565 nostros
1842 3534 1937 3575 Reges
1951 3533 2039 3571 quarn
2051 3541 2103 3570 per
2115 3540 2169 3561 nos
2182 3530 2321 3570 Sigillatas
2333 3544 2351 3566 v

1313 3575 1496 3615 sigillandas,
1513 3573 1661 3605 Solutione
1675 3573 1837 3611 hujusmodi
1849 3582 1909 3604 non
1923 3570 2063 3602 obstante.

1352 3654 1385 3684 In
1406 3661 1528 3691 quorum
1547 3650 1682 3682 omnium
1696 3649 1896 3680 testimonium
1910 3647 1962 3678 hiis
1977 3645 2077 3676 nostris
2093 3644 2194 3676 Literis
2208 3656 2262 3677 nos
2275 3657 2379 3679 omnes

1314 3694 1347 3724 &
1362 3691 1459 3731 singuli
1473 3690 1691 3727 Procuratores,
1706 3688 1827 3727 superius
1841 3684 1982 3719 nominati
1995 3685 2029 3716 &
2043 3684 2166 3723 recitati,
2175 3684 2268 3724 Sigilla
2283 3686 2375 3717 nostra

1313 3732 1445 3762 duximus
1455 3726 1631 3767 apponenda.

2290 3800 2379 3832 Anno

1355 3807 1468 3837 Datum
1490 3805 1523 3836 &
1547 3803 1758 3835 concordatum
1779 3801 1852 3841 apud
1869 3800 2039 3830 Dordracum
2062 3799 2255 3877 praedictumj
2295 3840 2311 3845 ..
2335 3839 2363 3870 d*

2255 3848 2312 3870 umi
2356 3850 2382 3871 ie

1319 3846 1444 3915 gemini
1466 3842 1622 3874 Millesimo
1645 3839 1935 3880 Quadringentesimo
1956 3839 2052 3878 primo
2065 3861 2076 3876 ,
2106 3837 2215 3869 Mensis

1339 3892 1455 3923 eptima.

1359 3958 1555 3990 Confirmatur
1573 3966 1608 3988 12
1622 3955 1668 3988 die
1682 3954 1810 3995 Augusti.

2343 4068 2399 4100 Pro

2304 306 2352 326 ua-
2371 296 2435 319 Han.
2453 301 2484 327 4·

2395 1267 2410 1284 ¹
2432 1266 2515 1295 vm,

2413 1316 2478 1334 202.
