2562 4274
727 180 841 226 ET
924 183 1193 227 ACTA
1276 182 1760 232 PUBLICA.

37 279 113 310 Ann.
130 275 172 308 De
187 276 220 307 tis
235 272 418 306 amaritudine
433 271 590 309 referimus)
608 269 730 302 Naturae
745 271 889 302 Debitum
905 270 1032 310 solvens,
1050 271 1187 310 Spiritum
1203 273 1246 303 vi-

48 317 146 354 ⁴1422.
185 315 270 346 talem
285 313 404 344 reddidit
417 310 567 348 Creatori,

41 362 103 385 Hera.
123 357 149 382 62
221 353 269 383 Sic
287 351 367 390 quod
384 349 452 380 dieti
472 349 567 388 Regni
581 347 727 380 Succeffio
741 347 840 378 Nobis
856 349 970 378 notorie
983 348 1143 380 devolvitur
1157 349 1190 380 ὅ(
1200 348 1243 378 di-

187 392 312 422 noscitur
327 389 482 427 pertinere,

224 429 260 464 Et
275 427 401 464 volentes
418 426 555 464 proinde,
575 432 658 463 prout
674 423 779 455 nostrae
796 425 939 464 praecipue
955 425 1095 456 incumbit
1112 424 1245 465 Dignita-

184 469 218 499 tis
240 466 352 497 Officio
364 487 374 502 ,
399 464 505 495 Pacem
519 487 530 502 ,
557 464 691 503 Qiietem
707 485 716 501 ,
741 464 774 494 &
794 458 1038 500 Tranquillitatem
1053 486 1062 502 ,
1089 464 1119 493 in
1134 464 1246 493 cundiis

187 506 284 544 Regni
307 502 396 533 nostri
416 503 546 540 Finibus,
565 504 593 534 in
610 509 747 540 quantum
769 501 916 538 possumus
926 524 936 540 ,
954 501 1036 532 Pacis
1048 502 1183 532 Audieris
1197 502 1245 532 ad-

183 545 238 584 juti
251 542 408 580 suffragio,
425 541 486 571 fieri
501 543 535 573 &
546 541 659 577 haberi,

227 581 281 620 Et,
297 581 330 611 ad
352 581 430 610 illum
454 579 540 610 finem
560 580 594 611 &
608 577 762 615 effectum,
782 587 830 616 ea,
848 588 913 616 quae
927 578 1030 617 jurgiis
1041 580 1075 610 &
1090 577 1247 609 Discordiis

186 620 268 652 Pacis
287 619 413 649 AEmulis
426 618 557 648 fomitem
570 615 776 654 ministrarent,
795 616 917 647 subtrahi
935 618 968 648 &
981 617 1081 655 deleri,

226 658 319 688 Vobis
333 681 342 694 ,
369 656 524 687 distrifflus
547 664 606 691 quo
628 654 798 693 possumuS,
821 655 995 694 Injungimus
1016 656 1049 686 ὅτ,
1073 654 1245 686 Mandamus

188 697 269 735 quod
286 697 316 726 in
329 695 399 726 locis
414 718 424 733 ,
447 694 518 724 infra
531 692 687 723 Civitatem
706 692 870 730 praediecam
881 718 890 731 ,
906 704 938 724 ac
953 693 1093 723 Suburbia
1106 693 1228 732 ejusdem

187 736 235 766 ubi
257 735 342 774 magis
360 731 507 770 expediens
526 730 607 762 fuerit
629 733 662 763 δε
682 731 794 762 necesse
806 756 816 770 ‚
846 731 991 762 Praemissa
1014 742 1048 762 ex
1061 740 1136 770 parte
1150 732 1246 762 nostra

187 773 303 813 publice
316 771 351 802 N
353 769 472 801 orificari
483 770 517 801 δε
530 769 704 801 Proclamari
713 793 721 808 ,

224 811 270 842 Ac
284 807 416 840 univerfis
436 807 469 839 &
485 809 597 845 singulis
613 808 645 838 Li
666 809 703 838 eis
717 809 751 840 &
766 807 905 839 Fidelibus
919 807 1037 846 nostris,
1055 808 1124 838 infra
1137 806 1247 839 Civita-

187 859 248 881 tem
259 858 292 879 ac
307 847 445 878 Suburbia
464 847 585 885 ejusdem
596 847 641 878 exi
668 847 794 884 entibus,
813 847 933 877 inhiberi
946 847 1049 878 faciatis
1063 848 1100 876 ne
1115 847 1180 885 ipsi,
1198 847 1245 879 vel

190 897 292 918 eorum
314 883 412 924 aliquis
425 909 435 925 ‚
460 886 510 916 sub
535 885 605 916 Fide
626 887 659 917 &
683 885 828 922 Ligeantia
847 885 898 915 suis
913 907 923 922 ,
948 895 981 915 ac
996 885 1045 915 sub
1061 885 1246 915 Foriefaetura

187 926 333 956 Omnium
357 933 422 963 quae
441 924 525 954 nobis
545 923 705 954 forisfacere
726 931 872 961 poterunt,
890 923 992 960 aliquas
1005 922 1246 961 Commotiones,

189 965 272 995 Pacis
285 962 527 1000 Perturbationes,
545 962 661 1000 Riotas,
678 960 913 999 Insurreffiones,
929 963 974 992 seu
990 961 1199 993 Conventicula
1212 962 1245 992 il-

191 1003 284 1040 licita,
303 1002 403 1040 quovIs
420 1001 537 1039 quaesito
551 1000 669 1038 colore,
688 998 779 1030 facere
792 1009 839 1030 aut
856 1000 914 1030 fieri
929 1008 1096 1038 procurent,

232 1041 282 1073 Set
304 1039 383 1078 quod
397 1063 407 1076 ,
431 1039 482 1069 sub
499 1038 579 1068 Pacis
593 1038 702 1068 silentio
719 1047 752 1067 ac
767 1038 881 1076 Quietis
895 1038 1061 1076 dulcedine,
1080 1046 1164 1076 prout
1178 1047 1244 1069 om-

188 1081 260 1111 niu-“1
275 1087 406 1116 optamus
420 1076 575 1115 defiderio,
593 1076 709 1107 fideliter
724 1077 952 1114 permaneant&
967 1078 1157 1115 perseverent,

225 1117 338 1148 Omnes
350 1116 426 1153 illos,
443 1125 532 1154 quos,
550 1115 614 1153 post
627 1116 661 1147 &
675 1124 775 1146 contra
792 1115 1033 1146 Notificationem
1046 1139 1056 1154 ,
1081 1115 1247 1146 Proclama-

187 1158 318 1193 tionem,
344 1155 378 1186 &
395 1153 601 1185 Inhibitionem
621 1154 767 1192 praedictas
779 1177 789 1191 ,
815 1155 974 1185 inveneritis
986 1155 1075 1193 aliqua
1088 1154 1247 1193 hujusmodi

187 1193 428 1230 commotiones,
447 1191 688 1230 Perturbationes,
708 1191 824 1231 Rimas,
844 1191 1061 1224 Insurrefflones
1076 1216 1086 1230 ,
1101 1201 1147 1223 aut
1162 1191 1246 1222 Con-

187 1232 330 1263 venticula
349 1232 440 1262 facere
454 1240 500 1261 aut
514 1231 573 1261 fieri
589 1240 755 1269 procurare,
770 1230 945 1269 Arestantes,
955 1232 987 1262 &
1003 1231 1128 1261 Prisonae
1142 1230 1247 1260 nostrae

189 1271 390 1308 Mancipantes
401 1293 410 1307 ,
435 1270 466 1299 in
485 1269 584 1300 eadem
599 1277 758 1300 moraturos
773 1270 919 1308 quousque
933 1280 986 1308 pro
1000 1278 1101 1300 eorum
1117 1268 1248 1306 Castiga-

191 1309 286 1344 tione,
305 1308 475 1346 punitione,
494 1307 528 1339 &
542 1306 755 1339 Deliberatione
768 1308 844 1339 aliter
857 1308 1019 1339 duxerimus
1033 1307 1230 1338 ordinandum.

224 1346 314 1378 Teste
331 1345 418 1385 Rege
433 1347 507 1386 apud
523 1346 798 1386 Wstmonasterium,
813 1347 907 1384 primo
924 1346 982 1377 Die
997 1346 1145 1377 Oitobris.

666 1424 718 1453 Per
732 1422 814 1462 ipJum
829 1425 925 1461 Regem
940 1422 977 1459 (ἔφ’
991 1422 1143 1454 Concilium.

189 1503 356 1535 Consimilia
377 1503 476 1537 Brevia
495 1504 649 1543 diriguntur
665 1504 894 1535 Vicecomitibus
916 1504 1090 1543 subscriptis,
1108 1504 1157 1535 sub
1172 1502 1248 1534 Data

559 1542 724 1582 subscrith
743 1543 890 1581 videlicet,

736 1621 765 1649 V
766 1620 890 1647 icecomiti
905 1616 992 1654 Salop.

187 1622 216 1649 V
216 1622 342 1649 icecomiti
358 1620 477 1658 Wgorn.

736 1659 765 1686 V
764 1659 891 1687 icecomiti
902 1656 1031 1695 Stafford.

187 1661 215 1687 V
216 1661 340 1695 icecomiti
353 1657 495 1696 Glouceslr.

187 1699 216 1726 V
216 1699 342 1726 icecomiti
355 1695 500 1736 Hereford.

226 1771 317 1803 Teste
330 1780 359 1803 ut
374 1771 463 1811 supra.

657 1811 710 1840 Per
726 1809 808 1849 ipsum
825 1812 922 1848 Regem
937 1808 976 1846 ὠ
989 1810 1143 1840 Concilium.

333 1933 383 1965 De
402 1934 515 1974 Riotis‚
544 1934 575 1964 in
595 1930 754 1966 Marchiis
772 1932 900 1974 mllio,
927 1930 1109 1967 Inhibendis.

193 2016 284 2075 RE
294 2017 343 2055 X,
362 2017 484 2048 Dilerstis
498 2017 531 2048 &
545 2017 686 2048 Fidelibus
702 2016 768 2055 suis,
787 2016 917 2055 Johanm'
929 2017 1043 2056 Talbot,
1060 2018 1205 2049 Edmundo
1220 2020 1253 2049 de

191 2096 211 2127 S
229 2095 237 2125 l
271 2060 380 2086 Ferrers
397 2055 432 2087 de
447 2055 596 2096 Charteley
609 2055 763 2094 Cliivaler,
778 2056 811 2087 &
832 2055 982 2086 Willielmo
996 2056 1093 2087 Talbot
1108 2056 1253 2098 Chivaler,

213 2106 228 2126 a
240 2104 325 2126 utem.
991 2104 996 2109 ’

229 2133 309 2165 Cum
327 2157 337 2172 ,
362 2132 465 2164 foelicis
487 2132 691 2163 recordationis
704 2154 714 2170 ‚
739 2131 875 2173 Princeps
894 2132 1082 2172 Magnificus,
1100 2133 1251 2166 Dominus

192 2173 226 2204 &
243 2175 327 2203 Pater
339 2172 423 2212 noster
432 2196 440 2208 .,
460 2182 549 2209 nuper
562 2174 623 2201 Rex
640 2170 754 2208 Angliae
766 2170 882 2202 Illustris
903 2172 991 2210 (quod
1005 2183 1066 2202 non
1082 2173 1138 2203 sine
1151 2174 1249 2212 grandi

191 2213 292 2242 mentis
311 2210 494 2241 amaritudine
515 2209 672 2248 referimus)
688 2209 812 2240 Naturae
823 2210 966 2241 Debitum
981 2210 1105 2250 solvens,
1121 2212 1247 2251 spiritum

188 2251 304 2283 vitalem
318 2247 435 2279 reddidit
449 2248 600 2286 Creatori,

224 2289 272 2319 Sic
289 2287 370 2326 quod
382 2287 452 2318 dieti
468 2286 565 2326 Regni
580 2286 725 2319 Succeffio
739 2286 840 2318 Nobis
853 2289 965 2320 notorie
980 2287 1141 2322 devolvitur
1155 2291 1189 2322 &
1205 2290 1250 2322 di-

187 2327 312 2359 noscitur
325 2326 480 2365 pertinere,

227 2366 265 2396 Et
286 2366 413 2396 volentes
425 2364 559 2405 proinde,
578 2373 662 2403 prout
677 2364 780 2396 nostrae
796 2367 939 2404 praecipue
956 2367 1098 2399 incumbit
1114 2367 1248 2406 Dignita-

188 2405 224 2435 tis
245 2403 358 2435 Officio
370 2428 380 2442 ,
405 2402 511 2435 Pacem
525 2428 535 2442 ,
561 2404 702 2443 Qietem
717 2428 727 2443 ,
755 2405 789 2435 &
808 2402 1073 2444 Tranquillitatem‚
1089 2408 1118 2436 in
1137 2408 1248 2438 cunffis

188 2443 288 2481 Regni
304 2442 394 2473 nostri
410 2442 526 2473 Finibus
536 2467 545 2480 ,
561 2443 590 2472 in
605 2453 741 2481 quantum
758 2443 905 2482 possumus
917 2469 927 2483 ,
951 2444 1032 2476 Pacis
1049 2446 1184 2476 Auctoris
1198 2446 1251 2477 ad-'

185 2483 239 2521 juti
253 2481 411 2521 Suffragio,
427 2480 487 2512 fieri
502 2482 535 2512 &
549 2481 662 2520 haberi,

227 2520 338 2559 thue‚
357 2529 391 2550 ex
406 2520 506 2550 Relatu
523 2520 660 2558 plurium,
677 2521 839 2558 accepimus
854 2520 932 2560 quod
945 2521 1061 2553 diversae
1077 2522 1169 2561 Lites,
1180 2523 1248 2553 Dis-

190 2558 346 2597 sensionem,
363 2560 397 2590 &
413 2558 534 2590 Debatae
547 2560 619 2589 inter
634 2559 738 2597 Ligeos
753 2559 867 2590 nostros
881 2583 891 2598 ,
914 2561 943 2590 in
959 2559 1149 2591 Comitatibus
1170 2562 1248 2591 Salo-

184 2600 258 2635 piae,
275 2596 445 2637 Herefhrdiae
455 2621 464 2634 ,
482 2599 648 2638 Wygorniae,
666 2599 699 2629 &
720 2597 907 2638 Gloucestriae,
923 2600 957 2630 &
973 2599 1106 2629 Marchiis
1120 2600 1247 2638 W'alliae,

188 2635 292 2667 eisdem
316 2636 509 2704 {omitaubus
529 2635 736 2675 adjacentibus,
753 2646 964 2668 commorantes
979 2660 988 2676 ,
1001 2639 1061 2676 jam
1078 2648 1168 2677 nuper
1185 2640 1249 2670 sub-

192 2684 265 2705 ortae
280 2684 322 2704 exi
351 2682 418 2712 unt,

228 2713 277 2743 De
291 2714 462 2744 aviiamento
479 2711 609 2744 Concilii
623 2713 712 2744 nostri
727 2712 958 2745 Vicecomitibus
973 2713 1169 2746 Comitatuum
1179 2726 1250 2753 prae-

189 2749 350 2789 didiorum,
367 2752 400 2783 ὃς
412 2761 513 2782 eorum
527 2753 659 2791 cuilibet,
677 2762 725 2790 per
740 2752 839 2783 Brevia
855 2753 966 2792 nostra,
980 2753 1108 2784 dedimus
1122 2756 1149 2784 in
1162 2754 1249 2785 Man-

188 2789 273 2826 datis,
293 2790 374 2827 quod
388 2791 418 2819 in
431 2790 541 2829 lingulis
558 2791 663 2829 Locis,
683 2791 755 2820 infra
771 2791 887 2822 Ballivas
900 2792 974 2830 suas,
993 2793 1042 2822 ubi
1060 2794 1149 2832 magis
1165 2803 1250 2831 expe-

189 2828 268 2858 diens
282 2828 365 2858 fuerit
380 2829 413 2858 &
427 2829 557 2867 necesse,
573 2830 679 2860 Pacem
695 2829 837 2869 nostram,
855 2840 888 2861 ex
905 2839 979 2869 parte
992 2830 1088 2862 nostra
1102 2854 1112 2870 ,
1131 2832 1248 2870 publice

188 2865 362 2896 Proclamari
378 2866 410 2896 ὃῑ
425 2866 596 2905 Notificari,

228 2904 276 2935 Ac
288 2905 384 2944 Ligeis
398 2905 538 2942 praedietis
548 2928 558 2943 ,
574 2907 608 2936 δε
626 2916 727 2936 eorum
740 2906 872 2945 cuilibet,
891 2907 1017 2938 Inhiberi
1034 2908 1138 2939 faciant
1152 2910 1189 2939 ne
1206 2910 1249 2947 ip-

192 2943 231 2981 fi,
247 2943 292 2974 vel
315 2952 416 2973 eorum
442 2943 540 2981 aliquis
557 2966 566 2980 ,
591 2944 641 2974 sub
661 2943 730 2974 Fide
745 2945 777 2975 &
795 2945 939 2984 Ligeantia
953 2947 1019 2985 suis,
1037 2957 1070 2978 ac
1087 2947 1137 2978 sub
1158 2948 1251 2977 Foris-

191 2982 298 3012 factura
313 2983 446 3012 omnium
464 2991 528 3018 quae
542 2981 642 3012 Nobis
660 2984 677 3001 ¹*
697 2982 858 3013 forisfacere
872 2993 1022 3024 poterunt,
1040 2986 1141 3025 aliquas
1157 2985 1251 3016 Com-

191 3021 350 3058 motiones,
369 3020 449 3050 Pacis
466 3020 710 3058 PerturbationeS,
727 3020 1092 3060 Riotas‚1nsurreetiones‚
1111 3024 1156 3054 seu
1167 3023 1251 3054 Con-

190 3058 333 3090 venticula
353 3058 446 3089 illicita
459 3082 469 3097 ,
491 3060 593 3097 quovis
618 3059 736 3098 quaesito
758 3059 857 3090 colore
869 3083 879 3099 ,
907 3061 998 3091 facere
1013 3070 1058 3092 aut
1072 3061 1130 3092 fieri
1147 3073 1251 3100 procu-

190 3105 252 3128 rent

228 3119 341 3165 O'mnes
360 3134 437 3172 illos,
454 3145 526 3172 quos
541 3160 551 3174 ,
570 3135 634 3174 post
650 3137 682 3167 ὃς
697 3144 796 3167 contra
813 3136 1070 3176 Notificationern,
1089 3138 1250 3170 Proclama-

191 3175 300 3205 tionem
315 3195 324 3210 ,
352 3174 385 3203 ὃς
402 3172 606 3209 Inhibitjonem
627 3175 771 3213 praedicstas
786 3199 795 3214 ,
815 3177 972 3207 invenerint
985 3177 1075 3214 aliqua
1089 3177 1249 3214 hujusmodi

189 3212 434 3249 Commotiones,
454 3211 695 3252 Perturbationes,
715 3214 831 3253 Riotas,
850 3214 1085 3253 Insurrecstiones,
1105 3225 1150 3246 aut
1166 3217 1250 3247 Con-

192 3250 335 3282 venticula
349 3250 441 3280 facere
454 3258 501 3280 aut
515 3250 574 3280 fieri
588 3261 753 3290 procurare,
766 3253 924 3284 Arestantes
933 3276 942 3291 ,
961 3254 994 3284 ὃς
1011 3252 1134 3284 Prisonae
1148 3255 1251 3286 nostrae

193 3289 394 3325 Mancipantes
406 3311 416 3326 ,
440 3289 469 3317 in
492 3289 590 3319 eadem
606 3298 762 3321 moraturos
778 3292 923 3329 quousque
938 3302 991 3331 pro
1007 3303 1106 3323 eorum
1122 3292 1249 3333 Castiga-

193 3329 290 3364 tione,
308 3326 479 3363 Punitione,
498 3326 532 3357 &
548 3326 762 3359 Deliberatione
775 3330 851 3360 aliter
864 3330 1024 3362 duxerimus
1039 3331 1248 3372 ordinandum,

193 3374 279 3405 prout
292 3366 321 3394 in
336 3364 439 3395 eisdem
452 3364 588 3395 Brevibus
604 3366 711 3403 plenius
726 3371 905 3405 continetur,

228 3404 281 3441 Et,
300 3404 337 3433 ne
352 3403 540 3434 Executiones
552 3403 687 3434 Brevium
702 3405 905 3442 praediCtorum
921 3408 949 3437 in
963 3407 1058 3446 aliquo
1075 3409 1250 3441 retardentur

190 3442 344 3482 providere
361 3442 487 3472 volentes
500 3465 510 3480 ,
537 3442 745 3481 Affignavimus
766 3454 817 3474 vos
832 3467 842 3482 ,
860 3446 1054 3484 conjunfflm,
1072 3447 1105 3478 ὃς
1119 3447 1249 3487 divisim,

190 3481 227 3513 ad
248 3479 494 3519 Supervidendurn
511 3503 521 3518 ,
547 3481 580 3511 &
602 3482 676 3517 juxra
694 3483 767 3511 sanas
787 3482 966 3514 discretiones
989 3484 1091 3515 vestras
1105 3485 1249 3517 Ordinan-

191 3521 277 3558 dum,
293 3519 374 3557 quod
396 3518 494 3550 Brevia
517 3519 670 3558 praedidba,
685 3521 714 3550 in
731 3519 925 3552 Comitatibus
945 3522 979 3553 ὃς
1000 3522 1138 3554 Marchiis
1151 3526 1251 3563 praedi-

194 3559 248 3590 etis
258 3582 267 3598 ‚
282 3558 378 3588 debite
392 3567 579 3596 exequantur,

232 3597 270 3628 Et
292 3596 372 3634 quod
391 3595 448 3626 Pax
468 3596 562 3626 nostra
576 3619 586 3634 ,
608 3598 680 3628 inter
695 3597 802 3635 Ligeos
815 3597 942 3638 nostros,
960 3599 1066 3631 ibidem
1082 3599 1200 3632 firmiter
1217 3603 1250 3634 δε

193 3635 390 3666 inviolabiliter
403 3634 583 3673 observetur,

234 3673 271 3703 Et
284 3674 318 3704 ad
331 3684 431 3705 omnes
446 3674 508 3704 illos
517 3696 527 3711 ,
545 3683 616 3711 quos
625 3697 634 3710 ,
653 3673 717 3711 post
731 3674 764 3705 &
777 3683 875 3705 contra
886 3675 1162 3715 Proclamationem,
1180 3677 1252 3709 No-

193 3710 378 3743 tificationem
389 3735 400 3751 ,
426 3713 459 3744 ὅτ,
482 3711 688 3742 Inhibitionem
710 3712 852 3750 praedietas
867 3736 877 3751 ,
895 3714 985 3752 aliqua
1000 3715 1160 3753 hujusmodi
1174 3716 1253 3747 Rio-

196 3759 237 3781 tas
251 3771 261 3786 ,
281 3749 496 3826 isnsurrefflones
507 3774 518 3790 ,
544 3749 770 3782 Commotiones
782 3775 792 3790 ,
815 3751 895 3783 Pacis
916 3751 1144 3787 Perturbationes
1156 3780 1165 3795 ,
1191 3755 1252 3792 &aa

213 3794 274 3817 rout
301 3794 376 3824 upra.

190 3796 212 3828 p
232 3825 344 3855 Damus
357 3835 469 3867 autem,
488 3829 550 3860 &c.

234 3863 267 3893 In
280 3864 372 3901 cujus,
390 3865 450 3896 &c.

232 3901 325 3934 Teste
339 3901 422 3941 Rege
433 3904 507 3943 apud
521 3905 795 3947 Wstmonasterium,
813 3906 895 3939 tertio
911 3905 972 3939 Die
985 3906 1134 3939 OCtobris.

42 2023 120 2055 Ann.
131 2022 172 2054 D.

62 2072 150 2102 1422.

41 2105 95 2131 An.
114 2112 138 2130 1.

40 2145 76 2168 H.
96 2142 123 2168 6.

39 2182 99 2208 Pat.
116 2188 141 2206 ι.

38 2218 173 2253 H.6.p.1.

39 2264 135 2291 m.32.

38 2293 102 2330 dors.

62 2980 78 2996 ‘
99 2981 137 3008 X.

45 3029 110 3056 ²55·

935 3985 988 4015 Per
1000 3984 1149 4017 Concilium.

254 4123 327 4155 rom.
349 4124 399 4153 IV.
417 4124 452 4154 P.
469 4125 518 4155 IV.

2296 195 2342 239 81

2366 308 2492 342 Ann.D.

2384 359 2469 387 1422.

2364 392 2428 416 Heu.
2448 390 2477 416 6.

1286 441 1339 497 R
1350 442 1374 473 E
1385 440 1416 473 X
1429 466 1439 482 ‚
1456 444 1564 476 dilecto
1587 446 1637 477 sibi
1651 470 1661 485 ,
1679 448 1795 478 Henrico
1809 446 1949 490 Bromley,
1968 449 2105 482 Servienti
2120 450 2219 483 nostro
2232 450 2267 483 ad
2286 453 2342 484 Ara-
2361 454 2413 479 An.
2435 463 2458 481 ¹·

1358 491 1424 519 ma,
1442 482 1576 514 Salutem.
2365 493 2399 516 H.
2420 492 2448 517 6.

1321 518 1396 563 Sc1as
1421 522 1502 558 quod
1526 522 1585 553 Assi
1606 524 1734 554 navimus
1752 524 1800 554 Te
1819 524 1854 554 ad
1873 526 1968 556 omnia
1983 526 2083 557 Naves
2097 528 2131 559 δε
2146 527 2196 558 alia
2209 528 2280 560 Vasa
2293 539 2344 560 ne·
2363 531 2423 556 Par.
2447 538 2471 556 ἱ·

1285 556 1415 594 cessaria,
1432 569 1447 589 a
1463 559 1552 591 Portu
1600 560 1652 591 illae
1668 562 1771 592 nostrae
1787 564 2116 604 magnae‚lernemuthae,
2135 566 2219 604 usque
2236 565 2342 606 Riparn
2365 571 2393 593 H
2397 567 2496 603 -6-P·1-'

1284 593 1456 664 {Ratlgciiiffrfi
1474 599 1678 638 Arestandum,
1695 602 1728 632 &
1742 610 1774 631 ea
1788 601 1873 639 usque
1889 602 1993 632 Villam
2009 603 2133 634 nostram
2144 604 2243 636 Calefii
2257 615 2345 638 trans·
2365 614 2403 633 m·
2414 614 2457 642 32-
2468 606 2493 633 d.

1462 658 1472 673 2

1322 671 1380 702 Pro
1397 672 1555 706 Condueru
1577 675 1691 706 Funeris
1705 674 1828 706 Domini
1848 679 1887 707 H.
1904 688 1993 716 nuper
2004 682 2082 722 Regis
2096 680 2226 719 Angliae,
2246 684 2344 713 Patris

1492 359 1541 394 De
1557 362 1709 395 Conduflu
1722 374 1777 409 pro
1793 366 1908 397 Funere
1926 377 2018 412 nuper
2036 369 2133 413 Regis.

1232 717 1246 741 2
1286 710 1367 748 nostri
1390 711 1528 744 Defuntsti
1543 737 1552 752 ,
1578 715 1610 745 ὃ(
1630 717 1737 752 Regina>
1759 718 1866 744 Matris
1881 716 1973 756 nistrae
1988 739 1997 754 ,
2016 727 2046 746 m
2064 718 2199 757 Regnum
2212 721 2343 752 nostrum

1287 749 1416 785 Angliae‚

1324 786 1527 831 PronDenariis
1541 789 1655 828 nostris,
1675 791 1705 820 in
1719 791 1771 821 hac
1786 800 1862 828 parte
1875 792 2070 823 rationabiliter
2083 794 2239 834 solvendis,

1322 823 1359 856 Et
1382 827 1449 856 ideo
1471 828 1521 857 tibi
1535 827 1720 865 Praecipimus
1734 831 1814 867 quoti
1829 831 1902 860 circa
1919 831 2062 861 Praemissa
2080 831 2230 870 diligenter
2245 834 2341 866 Inten-

1286 863 1333 894 das
1366 873 1399 895 ac
1412 875 1442 896 ea
1458 865 1538 896 facias
1550 867 1584 897 &
1597 868 1737 904 exequaris
1754 868 1781 897 in
1799 868 1890 898 forma
1905 869 2053 905 praediCta:

1324 886 1436 934 Damus
1456 912 1550 934 autem
1573 905 1705 935 universis
1722 906 1755 936 &
1778 905 1889 944 singulis
1904 931 1914 943 ,
1938 915 2059 944 quorum
2081 908 2211 947 interest,
2225 909 2344 942 Tenore

1287 938 1488 980 Praesentium,
1506 943 1625 973 firmiter
1635 944 1664 972 in
1681 943 1823 974 Mandatis
1837 945 1917 982 quod
1932 944 2019 983 Tibi,
2037 946 2066 974 in
2080 949 2248 978 executione
2265 948 2343 978 Prae-

1286 977 1438 1047 {inifforum
1453 1003 1463 1018 ,
1489 979 1668 1012 Intendentes
1691 981 1743 1012 sint
1759 1004 1769 1020 ,
1794 981 1979 1014 Consulentes
1993 1006 2004 1022 ,
2027 985 2060 1014 &
2075 984 2246 1016 Auxiliantes
2261 995 2344 1025 prout

1307 1026 1378 1047 ecet.

1321 1055 1595 1135 'Is'ielc‘tglifi’egiccapud
1613 1096 1886 1138 Wstmonasterium,
1903 1098 2003 1137 quinto
2018 1097 2078 1130 Die
2093 1098 2241 1132 Orfitobris.

2021 1178 2075 1205 Per
2089 1177 2243 1207 Concilium.

1288 1299 1337 1330 De
1354 1298 1503 1341 Cariazgiis
1521 1298 1557 1333 ὠ
1578 1295 1753 1340 Necessariis
1768 1309 1822 1343 pro
1848 1301 1963 1332 Funere
1990 1309 2152 1333 memorato
2171 1299 2345 1343 arestandis.

1292 1381 1347 1435 R
1361 1379 1423 1448 ῙΞΣΧ
1436 1403 1452 1425 ,Ι
1472 1379 1578 1410 dilectis
1602 1379 1650 1409 fibi
1668 1403 1678 1417 ,
1700 1380 1827 1419 Johamu·
1845 1383 1970 1422 Baldok,
1989 1387 2086 1422 Rogero
2103 1383 2219 1425 Wylles,
2239 1386 2273 1417 ὃς
2288 1385 2346 1424 Jo-

1373 1429 1452 1448 Janm
1467 1420 1538 1458 Redy
1548 1441 1558 1456 ,
1576 1418 1711 1449 Salutem.

1327 1456 1424 1487 Sciatis
1437 1458 1516 1494 quod
1531 1457 1616 1493 Nos,

1327 1494 1376 1525 De
1394 1495 1537 1525 Fidelitate
1553 1495 1584 1525 ὅ(
1601 1495 1867 1533 circumspectione
1881 1496 1976 1527 vestris
1990 1497 2098 1534 plenius
2112 1498 2303 1538 confidentes,

1328 1533 1542 1601 Aiggnavimus
1563 1543 1615 1565 vos
1636 1535 1814 1573 conjunctim
1830 1558 1840 1574 ,
1864 1535 1898 1566 ὃς
1919 1535 2044 1575 divisim,
2062 1537 2095 1566 ad
2111 1535 2237 1576 Cariagia
2250 1539 2282 1569 &
2297 1538 2346 1568 alia

1290 1579 1361 1601 nece
1387 1582 1439 1602 asia

1328 1610 1386 1640 Pro
1407 1596 1528 1640 Herceis
1549 1611 1582 1641 ὅτ
1598 1610 1654 1640 aliis
1670 1610 1885 1649 Luminaribus,
1904 1613 1980 1642 circa
1993 1615 2083 1642 Funus
2096 1612 2225 1652 Cariffimi
2239 1616 2350 1645 Domini

1290 1644 1328 1681 t&
1344 1651 1438 1678 Patris
1451 1648 1531 1688 nostri
1545 1648 1684 1679 Defuneri
1700 1648 1890 1686 Disponendis
1904 1651 1938 1681 &
1952 1650 2166 1689 Expendendis,

1329 1686 1404 1717 Infra
1427 1687 1582 1717 Libertates
1601 1688 1634 1717 &
1653 1696 1728 1717 extra
1750 1687 1870 1724 (Feodo
1894 1688 2028 1719 Ecclefiae
2050 1690 2192 1720 dumtaxat
2209 1691 2347 1728 excepto)

1289 1734 1343 1762 pro
1356 1725 1486 1755 Denariis
1500 1725 1616 1763 nostris,
1637 1726 1664 1755 in
1678 1726 1732 1756 hac
1747 1735 1824 1764 parte
1839 1728 2037 1758 rationabiliter
2051 1727 2190 1759 solvendis
2199 1751 2209 1766 ,
2219 1729 2352 1759 Arestan-

1288 1764 1358 1793 dum
1375 1765 1408 1795 &
1425 1763 1623 1802 Capiendum,

1327 1802 1364 1832 Et
1378 1813 1425 1839 ea,
1443 1813 1459 1832 a
1476 1801 1601 1833 Civitate
1615 1801 1709 1832 nostra
1724 1801 1885 1833 Londoniae
1900 1803 1985 1842 usque
2000 1803 2106 1834 Villam
2122 1803 2295 1843 Dovorriae,
2313 1806 2348 1837 &

1289 1849 1305 1870 a
1318 1841 1394 1871 dieta
1409 1840 1480 1871 Villa
1498 1841 1580 1878 usque
1592 1841 1699 1871 dietam
1713 1840 1868 1872 Civitatem
1885 1842 2069 1880 revertendo,
2090 1843 2270 1880 cariandum,

1327 1878 1364 1909 Et
1379 1879 1444 1909 ide'o
1461 1880 1544 1910 vobis
1560 1879 1734 1910 Mandamus
1749 1879 1830 1917 quod
1845 1881 1918 1911 circa
1938 1881 2077 1918 praemifla
2094 1880 2241 1919 diligenter
2260 1882 2350 1912 inten-

1290 1916 1377 1955 datis,
1392 1928 1427 1948 ac
1442 1927 1473 1947 ea
1484 1918 1588 1948 faciatis
1603 1918 1637 1948 ὃ(
1654 1919 1831 1955 exequamini
1844 1919 1873 1948 in
1889 1919 1981 1949 forma
1994 1920 2138 1957 praedidia:

1330 1954 1442 1986 Damus
1466 1966 1561 1986 autem
1584 1957 1717 1987 universis
1733 1958 1767 1987 ὃς
1781 1957 1891 1995 fingulis
1909 1958 2153 1995 Vicecomitibus‚
2174 1957 2351 1996 Majoribus,

1292 1993 1531 2033 Constabulariis,
1552 1993 1661 2026 Ballivis
1676 2018 1686 2032 ,
1705 1994 1845 2025 Ministris
1860 2019 1870 2033 ,
1885 2006 1918 2026 ac
1931 1996 1988 2027 aliis
2005 2006 2126 2034 quorum
2142 1996 2270 2033 interest,
2287 1996 2350 2027 Te-

1291 2042 1361 2062 nore
1383 2032 1563 2064 Praesentium
1579 2055 1589 2070 ,
1611 2032 1727 2063 firmiter
1747 2035 1777 2063 in
1801 2033 1943 2065 Mandatis
1964 2034 2042 2073 quod
2067 2034 2166 2072 vobis,
2185 2035 2217 2065 ὃς
2234 2035 2351 2065 cuilibet

1291 2070 1420 2101 vestrum
1431 2094 1440 2109 ,
1458 2072 1487 2101 in
1507 2071 1683 2101 Executione
1701 2071 1933 2111 Praemifforum,
1951 2072 2132 2104 Intendentes
2145 2073 2217 2111 sint,
2236 2073 2350 2103 Consu-

1290 2110 1395 2148 lentes,
1414 2110 1448 2139 &
1464 2110 1634 2141 Auxiliantes
1650 2118 1734 2148 prout
1751 2110 1843 2142 decet.

1329 2148 1363 2177 ln
1379 2150 1474 2186 quuS,
1493 2149 1553 2180 &c.

1291 2213 1313 2224 m
1327 2186 1417 2218 Teste
1429 2186 1511 2227 Rege
1527 2186 1600 2226 apud
1614 2185 1889 2227 Wstmonqsterimn,
1907 2196 1945 2221 xv
1963 2187 2010 2220 die
2027 2188 2175 2219 Ostobris.

2368 1392 2497 1425 Ann.D.

2388 1441 2475 1471 1422.

2365 1475 2418 1498 An.
2439 1481 2463 1499 1.

2364 1513 2400 1536 H.
2417 1510 2445 1536 6.

2366 1548 2471 1575 Ibidem.

2369 1596 2407 1614 m.
2420 1596 2463 1623 30.
2472 1585 2498 1613 d,

2024 2267 2078 2296 Per
2092 2263 2244 2297 Concilium.

2350 2398 2352 2401 ’
2391 2411 2411 2432 *
2434 2414 2473 2442 x.

2375 2457 2439 2487 250.

1342 2506 1544 2543 Ersoivuntur,
2369 2516 2446 2546 Ann.
2462 2517 2505 2548 D.

1373 2543 1520 2575 Willielmo
1541 2547 1633 2582 Super,
1664 2541 1786 2574 Custodi
1813 2543 1945 2574 Navium
1968 2542 2072 2583 Regis,
2090 2544 2118 2574 in
2135 2543 2279 2582 Denariis,
2299 2545 2347 2576 fibi
2398 2565 2484 2594 1422.

1287 2583 1409 2614 liberatis
1424 2606 1433 2620 ,
1459 2593 1508 2620 per
1528 2592 1626 2612 manus
1646 2581 1786 2619 Johannz's
1806 2581 1981 2621 Thou-lethorp
1998 2605 2007 2620 ,
2033 2584 2110 2620 super
2131 2583 2348 2622 Solutionibus,
2371 2598 2422 2623 An,
2442 2607 2465 2624 Ι,

1287 2623 1359 2659 apud
1381 2622 1591 2658 Southarnpton
1617 2621 1696 2651 factis
1712 2644 1722 2659 ,
1750 2621 1861 2651 diverlis
1879 2621 2021 2659 Magil’tris
2036 2622 2069 2651 ὃς
2085 2619 2242 2651 Marinariis
2256 2622 2350 2652 diver·
2371 2638 2405 2661 H.
2426 2636 2454 2663 5·

1288 2662 1378 2691 sarum
1393 2660 1524 2691 Navium
1537 2661 1570 2690 ὃ(
1587 2658 1723 2689 Vasorutn
1736 2682 1745 2697 ,
1762 2660 1839 2697 super
1854 2659 1947 2690 Vadiis
1966 2661 2000 2691 &
2023 2659 2158 2698 Regardis
2173 2659 2244 2698 suis,
2260 2661 2293 2691 &
2308 2660 2350 2691 Ea
2374 2675 2446 2700 ng„
2463 2674 2492 2702 A,

1288 2699 1374 2736 usque
1391 2699 1532 2729 Calesium
1549 2698 1780 2736 transmittendo,
2373 2714 2458 2739 Term.

1328 2737 1386 2767 Pro
1407 2737 1565 2767 Condutstu
1587 2736 1700 2766 Funeris
1722 2736 1845 2766 Domini
1860 2738 1899 2765 H.
1918 2746 2007 2773 nuper
2020 2739 2098 2773 Regis
2112 2735 2243 2775 Angliae,
2264 2736 2352 2768 Patris
2372 2750 2460 2787 Passh,

1290 2776 1379 2813 Regis
1409 2785 1484 2806 nunc
1496 2797 1506 2813 ,
1530 2774 1671 2805 Defuntsti
1686 2797 1695 2812 ,
1714 2776 1748 2806 &
1770 2778 1878 2812 Reginae
1898 2773 2000 2805 Matris
2015 2774 2136 2812 ejusdem
2154 2775 2241 2812 Regis
2253 2786 2350 2814 nunc,
2376 2797 2417 2816 10·
2429 2793 2464 2817 H⁸
2479 2797 2509 2824 5,

1290 2817 1318 2845 in
1336 2815 1484 2853 Angliam,
1512 2814 1540 2843 in
1564 2813 1713 2850 Denariis,
1731 2813 1780 2843 libi
1797 2814 1916 2843 liberatis
1930 2823 1979 2850 per
1996 2823 2093 2842 manus
2110 2815 2250 2852 proprias,
2269 2814 2349 2852 super
2373 2831 2448 2855 Penes

1290 2854 1438 2884 Solutione
1455 2862 1504 2891 per
1519 2851 1608 2890 ipsum
1625 2851 1660 2881 [ic
1676 2852 1751 2882 facta
1767 2852 1812 2882 ccl
1831 2851 1849 2881 l.
1869 2852 1945 2882 unde
1961 2851 2175 2889 Respondebit,
2374 2865 2505 2895 cler—Pell,

1482 2409 1509 2437 ἕ
1534 2412 1630 2456 Super
1648 2410 1788 2456 Expeifis
1806 2420 1862 2456 pro
1881 2412 1997 2443 Funere
2014 2409 2158 2454 antefhto.

1327 2930 1457 2969 Johanni
1476 2928 1606 2958 Hexham
1627 2927 1744 2958 Clerico
1760 2952 1769 2964 ,
1795 2928 1918 2959 similiter
1932 2927 2016 2957 misto
2027 2950 2036 2964 ,
2051 2926 2087 2956 de
2101 2926 2206 2957 affensu
2221 2926 2351 2959 Concilii

1291 2968 1397 3006 Regis,
1416 2969 1451 2998 de
1467 2968 1619 2998 Londonia
1634 2966 1726 2996 versus
1743 2965 1845 2996 Portus
1860 2966 2020 2996 Sandewici
2035 2988 2045 3003 ,
2072 2965 2243 3003 Dovorriae,
2263 2967 2354 2996 Smal-

1292 3007 1352 3037 hith
1364 3030 1372 3045 ,
1392 3006 1533 3044 Redyng‚
1551 3006 1583 3034 ὃς
1600 3004 1643 3034 W
1645 3004 1775 3041 ynchelse
1789 3028 1798 3041 ,
1821 3003 1855 3034 ad
1876 3004 2038 3034 Solutiones
2059 3004 2223 3034 faciendum
2239 3004 2354 3035 diversis

1293 3045 1437 3083 Magistris
1459 3046 1490 3074 &
1513 3043 1672 3073 Marinariis
1695 3042 1869 3072 diversorum
1895 3041 2025 3072 Navium
2050 3042 2082 3072 ὃς
2099 3042 2253 3080 Vasorum,
2273 3044 2353 3080 super

1291 3084 1387 3114 Vadiis
1409 3085 1442 3115 ὃ(
1467 3082 1605 3120 Regardis
1626 3081 1680 3111 suis
1695 3105 1705 3118 ,
1723 3082 1756 3112 ὃς
1772 3080 1812 3110 Ea
1829 3080 1914 3118 usque
1930 3079 2036 3110 Villam
2046 3080 2146 3111 Calelii
2166 3081 2352 3112 transmitten-

1290 3124 1330 3153 do

1328 3144 1387 3191 Pro
1403 3158 1562 3190 Condudffl
1578 3158 1709 3195 Funeris,
1726 3156 1785 3191 &a
1803 3166 1834 3188 ut
1842 3158 1928 3198 fhpra
1946 3157 2003 3188 lxvi
2016 3156 2033 3186 l.
2053 3156 2098 3195 xiij
2115 3168 2135 3186 s.
2155 3158 2193 3189 iv.

1327 3243 1443 3271 Henrico
1465 3240 1497 3269 de
1519 3237 1660 3278 Bromley,
1686 3239 1735 3268 uni
1749 3237 1926 3268 Servientum
1942 3236 2030 3276 Regis
2045 3237 2079 3268 ad
2096 3238 2198 3275 Arma,
2215 3237 2351 3277 assignato

1292 3291 1342 3319 per
1365 3278 1607 3309 Commiffionem
1632 3277 1757 3307 Domini
1782 3276 1871 3314 Regis
1887 3298 1896 3313 ‚
1920 3276 1955 3306 de
1980 3276 2085 3307 allensu
2101 3276 2228 3307 Concilii
2242 3278 2297 3315 sui,
2316 3278 2352 3309 ad

1290 3320 1387 3349 omnia
1410 3317 1511 3347 Naves
1534 3317 1566 3346 ὃς
1591 3316 1659 3345 Vasa
1679 3314 1844 3351 neceffaria,
1862 3325 1878 3345 a
1893 3314 1980 3345 Portu
1997 3314 2082 3344 Villae
2097 3324 2209 3352 magnae
2221 3315 2352 3353 Jeremu-

1290 3358 1339 3388 the
1354 3357 1439 3395 usque
1458 3355 1562 3394 Ripam
1578 3353 1734 3391 Thamiiis,
1754 3352 1940 3383 Arestandum
1951 3375 1960 3390 ,
1978 3354 2011 3384 ὃς
2025 3363 2056 3383 ea
2071 3353 2155 3392 usque
2169 3353 2272 3385 Villam
2289 3354 2350 3386 Ca-

1290 3397 1365 3434 lesii,
1383 3394 1442 3431 &c.
1454 3400 1536 3432 prout
1543 3392 1629 3432 sopra
1646 3401 1663 3422 x
1678 3391 1697 3422 l.
1716 3390 1786 3421 unde*
1800 3390 1987 3430 Respondebit.

1326 3471 1455 3512 Johanni
1474 3471 1603 3500 Arderne
1617 3492 1627 3507 ,
1652 3468 1770 3499 Clerico
1790 3467 2001 3507 Operationum
2022 3468 2110 3509 Regis
2124 3492 2134 3508 ,
2159 3471 2189 3500 in
2204 3469 2354 3509 Denariis,

1293 3512 1343 3542 fibi
1359 3511 1497 3547 liberatis,
1517 3519 1566 3546 per
1578 3518 1676 3538 manus
1690 3507 1841 3538 willielmi
1856 3507 1988 3545 Pierson,

1331 3550 1389 3581 Pro
1410 3550 1493 3578 xxxvi
1512 3547 1631 3577 Doliatis
1649 3547 1739 3576 Petrae
1751 3546 1787 3575 de
1803 3544 1883 3575 Cane
1894 3567 1903 3583 ,
1931 3546 1966 3574 ab
1989 3555 2026 3575 eo
2039 3544 2169 3583 Emptis,
2187 3556 2241 3584 pro
2255 3545 2352 3576 Tum—

1293 3590 1328 3619 ba
1353 3588 1441 3627 Regis
1458 3589 1498 3616 H.
1514 3586 1553 3616 V.
1573 3586 1642 3615 infra
1666 3584 1821 3614 Ecclefiam
1843 3583 1939 3613 Saneti
1954 3583 2029 3614 Petri
2044 3584 2352 3615 westmonasteriensis

1294 3626 1403 3664 fienda,
1421 3628 1453 3657 &
1468 3625 1574 3655 ibidem
1589 3622 1736 3661 sepeliend.
1753 3623 1791 3652 xii
1805 3621 1823 3650 l.
1841 3621 1913 3652 unde*
1927 3622 2112 3660 Respondebit.

1328 3705 1428 3733 Simoni
1438 3703 1552 3731 Frentot
1572 3699 1820 3730 Wexchaundeler
1837 3698 2016 3737 Londoniae,
2034 3700 2063 3728 in
2080 3699 2210 3730 Denariis
2222 3720 2232 3736 ,
2251 3697 2302 3728 fibi
2318 3697 2352 3728 li—

1293 3743 1407 3778 beratis,
1425 3750 1473 3776 per
1488 3749 1587 3769 manus
1602 3740 1745 3777 proprias,
1761 3738 1796 3769 ad
1813 3737 1914 3776 Vices,
1932 3738 2083 3775 videlicet,

1332 3780 1404 3811 Una
1422 3778 1496 3809 Vice
1513 3788 1530 3808 c
1547 3780 1650 3806 Marcs.

1330 3818 1395 3849 Alia
1407 3817 1497 3854 Vice,
1515 3816 1523 3846 l
1538 3815 1557 3845 l.

1331 3857 1370 3887 Et
1382 3856 1482 3886 Tertia
1499 3854 1585 3891 Vice,
1605 3864 1622 3884 c
1644 3857 1747 3884 Mam.

1334 3895 1372 3926 Et
1389 3895 1497 3933 Qarta
1513 3894 1601 3930 Vice,
1620 3894 1693 3923 cxvii
1707 3891 1727 3921 I.
1748 3903 1766 3923 v
1779 3903 1800 3922 s.
1817 3901 1835 3921 x
1849 3892 1876 3921 d.

1332 3933 1365 3963 In
1392 3942 1499 3970 partem
1526 3931 1679 3962 Solutionis
1705 3939 1776 3962 cccx
1797 3929 1816 3959 l.
1836 3930 1901 3960 xviii
1915 3928 1941 3958 d.
1969 3928 2030 3959 Sibi
2055 3927 2266 3959 liberandorum
2286 3951 2295 3967 ,
2317 3938 2352 3960 ex

1296 3972 1502 4003 Conventione
1515 3993 1525 4008 ,
1552 3979 1600 4009 per
1622 3969 1838 4000 Thesaurariurn
1859 3967 1971 4003 Angliae
1986 3990 1995 4004 ‚
2025 3967 2061 3997 de
2082 3967 2202 4009 Assenfii
2224 3967 2353 3999 Concilii

1296 4010 1402 4048 Regis,
1417 4011 1445 4039 in
1461 4008 1561 4046 grosso
1576 4008 1663 4046 fadia,
1681 4017 1734 4045 pro
1748 4005 1860 4036 diversis
1875 4005 1995 4035 Herceis
2006 4027 2016 4041 ,
2039 4016 2088 4043 per
2104 4006 2193 4043 iprum
2207 4006 2280 4044 apud
2296 4010 2357 4036 Do-

1296 4052 1438 4085 vorriam,
1457 4050 1656 4084 Cantuariam,
1675 4044 1842 4083 Hosprynge,
1859 4043 2038 4086 Rouchestrel,
2053 4042 2207 4083 Dentford,
2226 4046 2355 4074 Sanelum

1296 4087 1413 4119 Paulum
1427 4087 1577 4118 Londoniae
1590 4108 1600 4125 2
1617 4086 1651 4117 &
1670 4082 1926 4152 WlimonastLerium
1941 4081 2040 4114 fiendis
2054 4105 2064 4121 ,
2081 4092 2134 4121 pro
2149 4083 2274 4122 Funere,
2293 4082 2354 4149 Exl-

2295 4129 2329 4152 Ce
2338 4136 2354 4143 ·”
