2562 4274
761 175 872 222 ET
954 174 1219 221 ACTA

22 270 99 307 ΑΠῩῚ.
108 267 150 304 D*-
169 312 238 316 —-

45 316 130 352 ³422·

24 357 88 381 lien.
106 358 134 386 5·
335 358 386 390 De
403 355 628 401 Confirmatione
642 365 698 402 pro
716 355 852 402 Eptfiopo
871 355 1055 398 Lexovienfi.

22 440 74 464 An.
95 444 138 462 ¹0·
176 438 293 499 REX
311 441 472 479 Omnibus,
488 440 523 472 ad
540 451 628 480 quos,
644 441 705 472 &c-
726 438 859 485 Salutem.
975 479 980 484 ·

24 479 60 504 H·
76 483 100 508 5-
271 480 284 511 Ι
295 487 319 510 N
328 489 340 510 s
350 488 368 509 Ρ
378 489 396 510 E
406 488 507 511 x1MtJ
518 489 531 511 s
556 479 672 510 Cartam
685 502 694 518 ,
722 478 839 509 celebris
861 488 1007 509 memorrae
1023 501 1044 522 ,¹
1064 477 1202 517 Johannis'
1214 502 1224 516 ,

24 514 161 586 ἴθὲωὲἑθ·
173 519 318 589 guondam
338 521 415 557 Regis
434 516 566 557 Angliae,
584 518 676 552 Incliti
697 517 893 555 Progenitoris
916 517 1020 555 nostri,
1039 527 1066 547 m
1086 518 1149 547 haec
1161 528 1224 548 ver-

56 573 61 578 .
91 572 97 578 .
135 570 141 576 .
194 569 227 595 a,
267 585 271 590 ⁵

25 596 63 645 ζ
78 626 104 653 X
208 596 229 615 *²
245 588 391 635 Johannes
406 617 424 642 ,Ι
441 590 501 626 Dei
519 593 619 640 Gratia
632 616 642 632 ,
666 596 729 640 'Rex
751 593 863 631 Angliae
877 617 886 633 ,
911 595 1042 640 Domimfs
1060 593 1226 637 Hiberniae,

27 673 59 701 23
67 673 92 701 3·
170 636 478 718 Ξῗὲρῖἷῖνῖἷῗᾶζῖῑὲ
489 693 499 708 ,
510 635 695 710 ’ἕὲΐέἕέἔὲῗ
709 632 1083 709 ὶὲῃέἴῖἴὲυέῗῖίῖῖῗῖἷὲῖξ,
1099 632 1228 708 Ῐῖῗξῗὲἓῖ

169 713 233 781 rsus,
251 710 491 780 XgiclecomitibuS,
509 708 682 748 Praepofitis,
701 710 733 740 &
748 709 881 741 omnibus
902 707 1011 739 Ballivis
1033 710 1066 740 ὃς
1089 709 1229 740 Fidelibus

186 760 226 782 uis
282 760 297 780 a
308 758 394 780 utem.

213 774 289 818 Ir'iter
302 798 349 823 ea,
369 796 434 824 quae
448 784 483 816 ad
499 785 741 817 conservationem
759 784 880 825 Justitiae
903 786 1040 822 pertinere
1060 785 1229 821 noscuntur,

176 826 262 857 nichil
274 825 415 863 specialius
427 823 555 863 Regibus
569 823 788 862 &Principibus
794 823 958 855 Christianis
974 824 1113 854 ineumbit
1122 847 1131 862 ,
1140 823 1227 862 quarn

177 864 342 900 Dignitates
357 862 563 893 Ecclefiasticas
577 864 605 893 in
620 861 664 893 sua
677 863 820 893 stabilitate
836 863 925 897 tueri,
1113 885 1115 889 ,

213 901 250 932 Et
273 903 311 932 ne
332 902 423 939 forte,
439 910 488 939 per
508 900 678 931 Obliviones
699 900 884 937 Hominum,
905 899 1075 937 Remmque
1090 909 1122 930 ac
1136 898 1233 929 Tem-

174 949 281 982 porum
302 941 514 978 mutabilitates,
532 949 582 975 ea,
600 948 664 975 quae
686 938 730 976 pifi
751 937 972 969 consideratione
992 935 1069 976 gesta
1090 938 1153 968 sunt
1167 960 1177 975 ,
1198 932 1232 967 5:

175 980 321 1017 praecipue
333 978 541 1018 perjudicium
555 976 674 1007 diffinita
684 1001 692 1014 ‚
710 978 792 1009 novis
805 976 992 1014 imposterum
1013 976 1118 1015 poffint
1139 975 1235 1015 impli-

177 1019 233 1049 cari
247 1017 442 1055 Calumpniis,

213 1056 450 1087 Audienticorum
468 1053 643 1090 Scriptorum
658 1054 816 1091 patrocinio
831 1053 1020 1084 communire.

214 1094 296 1125 Cum
313 1102 406 1124 autem
424 1093 495 1122 inter
509 1092 577 1122 Nos
591 1092 641 1129 &‚
658 1092 797 1122 dilectum
812 1092 941 1123 nostrum
962 1093 989 1122 in
1007 1090 1142 1128 Christo,
1162 1082 1236 1120 Wil-

180 1132 296 1163 Iielmum
313 1132 345 1161 de
358 1134 497 1169 Rupetra,
517 1130 721 1161 Lexoviensem
736 1130 924 1169 Episcopum,
942 1130 1020 1170 super
1032 1130 1101 1168 Jure
1122 1131 1156 1161 &
1176 1129 1236 1159 Po-

180 1171 294 1207 testate,
312 1172 347 1201 ab
358 1170 476 1207 antiquis
491 1169 681 1207 temporibus,
699 1169 916 1200 Antecefforum
937 1168 1116 1206 nostrorum,
1135 1170 1164 1198 in
1184 1167 1236 1198 Ci-

178 1211 264 1252 vitate
277 1210 311 1240 δί
326 1208 461 1240 Banleuca
484 1207 719 1246 Lexoviensibus,
738 1207 772 1238 ad
795 1207 864 1238 Nos
883 1209 1057 1246 pertinente,
1074 1206 1236 1237 Contentio

179 1253 334 1281 verteretur
498 1252 503 1257 ’

216 1271 368 1323 Ταῃάεῐτῖ,
385 1286 423 1316 ne
436 1284 504 1324 quid
519 1284 555 1315 de
566 1285 635 1324 Jure
647 1284 781 1323 Episcopi
796 1285 828 1316 &c
844 1283 977 1315 Ecclesiae
998 1283 1179 1314 Lexoviensis
1194 1281 1238 1312 vi-

181 1325 314 1356 deremur
331 1323 431 1354 Nobis
452 1324 623 1363 aliquatenus
644 1323 781 1361 usurpasse
794 1348 803 1362 ,
818 1323 936 1354 fecimus
957 1332 1004 1360 per
1027 1321 1236 1352 multitudinem

181 1364 387 1403 legittimorum
400 1363 433 1393 &
449 1364 628 1400 antiquorum
645 1362 791 1399 Militum,
808 1361 844 1392 de
862 1360 975 1391 Vicinia
992 1360 1051 1396 illa,
1067 1359 1238 1398 juramentis

181 1401 365 1439 interpositis,
382 1399 567 1437 Recognosci
579 1400 800 1438 quantumJuris
815 1400 849 1430 ad
872 1399 940 1429 Nos
962 1400 991 1429 in
1012 1398 1134 1429 Civitate
1154 1398 1187 1429 &
1208 1398 1236 1426 in

178 1440 318 1472 Banleuca
333 1439 483 1477 praedieta?
502 1447 639 1477 quantum
655 1439 690 1468 ad
704 1439 796 1477 ipsum
811 1437 986 1476 Episcopum
1008 1433 1236 1467 Lexoviensem?

179 1481 216 1511 ⁴&
233 1486 370 1517 quantum
385 1477 420 1507 ad
434 1477 562 1508 Militem
575 1477 718 1516 quendam
737 1476 881 1507 Robert'um
899 1475 1031 1513 (scilicet,
1049 1476 1239 1514 cognomina-

182 1526 244 1549 tum
254 1520 282 1547 V
283 1517 447 1553 icecomitem)
466 1515 641 1556 pertinebat?
660 1516 723 1553 Qii
736 1515 888 1553 (videlicet)
901 1513 985 1544 Miles
995 1514 1238 1544 vicecomitatum

182 1556 233 1587 fibi
245 1555 319 1593 apud
335 1555 496 1586 Lexovium
509 1554 685 1585 haereditario
698 1553 767 1593 jure
782 1560 948 1591 competere
961 1552 1104 1583 afferebat.

219 1593 417 1633 Recognitum
431 1593 473 1624 est
491 1602 603 1630 autern,
622 1594 651 1622 in
672 1592 759 1623 Curia
777 1591 886 1628 nostra,
905 1600 1003 1621 coram
1022 1590 1120 1620 Nobis
1139 1590 1172 1620 ὃς
1188 1588 1240 1620 Ba-

182 1633 299 1663 tonibus
322 1632 440 1670 nostris,
459 1641 508 1670 per
527 1631 710 1661 Testimonia
731 1629 845 1660 Decem
867 1631 900 1661 δε
918 1628 1001 1659 octo
1017 1628 1145 1659 Militum
1159 1626 1241 1665 Jura-

181 1679 295 1709 torum,
310 1670 379 1701 Nos
401 1669 602 1700 tantummodo
623 1669 695 1699 Tria
718 1668 823 1698 Placita
846 1669 923 1705 (quae
942 1668 978 1698 de
991 1666 1072 1705 spata
1086 1664 1238 1702 vocantur)

177 1711 212 1740 in
233 1709 279 1740 illa
300 1708 425 1740 Civitate
446 1710 481 1741 &
500 1707 638 1742 Banleuca
659 1706 762 1737 habere
783 1705 936 1743 (videlicet)
960 1706 996 1735 de
1021 1705 1242 1736 Submonitione

181 1747 331 1778 Exercitus
352 1746 456 1784 nostri,
473 1745 509 1776 de
527 1745 581 1776 Via
599 1743 698 1776 Curiae
722 1744 844 1782 nostrae,
859 1746 892 1775 &
908 1745 945 1774 de
958 1743 1096 1774 Moneta:
1119 1744 1196 1782 Qae
1212 1752 1242 1773 e-

182 1787 250 1817 tiam
270 1786 341 1815 Tria
361 1785 483 1822 Placita,
502 1793 551 1822 per
571 1793 689 1814 manum
708 1782 842 1821 Episcopi
862 1782 907 1813 vel
922 1782 1094 1813 Ballivorum
1108 1782 1241 1819 suorum,

182 1833 247 1855 ante
260 1823 346 1861 Nos,
365 1823 410 1853 vel
424 1822 612 1853 Senescallum
627 1820 756 1851 nostrum
766 1844 775 1859 ,
790 1821 836 1852 vel
850 1822 878 1851 in
893 1820 992 1851 Affisss
1006 1821 1242 1859 nostras,debent

183 1862 301 1893 adduci:
321 1861 361 1892 Ita
374 1862 459 1891 etiam
474 1860 554 1898 quod
569 1859 656 1890 nichil
670 1859 706 1889 de
723 1859 859 1889 Emendis
873 1859 988 1897 alicujus
1001 1859 1119 1889 istorum
1136 1859 1242 1889 Trium

183 1901 359 1933 Placitorum
381 1899 432 1929 fibi
451 1898 544 1937 potest
565 1897 721 1938 Episcopus
740 1898 904 1934 vendicare,
922 1897 967 1927 sed
991 1908 1034 1927 eas
1055 1908 1104 1935 per
1118 1897 1243 1928 Manum

179 1940 194 1969 'i
216 1938 285 1976 fius,
303 1937 347 1969 vel
369 1936 541 1967 Ballivorum
562 1936 693 1973 suorum,
710 1935 847 1966 debemus
865 1936 983 1966 habere:
1000 1935 1036 1967 Et
1052 1959 1062 1974 ,
1081 1945 1180 1974 praeter
1200 1936 1245 1965 illa

186 1978 258 2047 Btiz}
271 1976 395 2014 Placita,
413 1975 500 2007 nichil
513 1974 548 2006 N
551 1974 697 2014 obisJuris
711 1975 740 2005 iu
756 1974 890 2014 praedieta
905 1973 1029 2006 Civitate
1050 1984 1176 2006 remanet
1199 1983 1247 2005 aut

213 2026 246 2046 an
258 2024 336 2046 euca.

224 2053 336 2085 Caetera
350 2062 444 2085 autem
458 2055 557 2085 omnia
566 2052 632 2092 Jura
645 2053 678 2084 &
691 2052 809 2091 Placita,
828 2057 886 2084 tam
900 2051 936 2083 de
957 2052 1055 2091 Stapa,
1074 2052 1159 2091 quem
1181 2052 1249 2089 alia,

187 2093 415 2132 quibuscumque
437 2092 528 2123 modis
549 2093 595 2122 vel
619 2092 704 2122 CauslS
726 2093 874 2130 eveniant,
893 2101 962 2122 cum
976 2101 1077 2121 eorum
1091 2090 1247 2129 Emendis,

189 2132 224 2163 ad
240 2131 411 2172 Epssopum,
430 2131 486 2161 fine
502 2131 585 2161 omni
602 2129 830 2161 contradietione
847 2131 987 2169 pertinent
1000 2130 1035 2161 &
1051 2129 1186 2167 Qerelfi.

228 2170 428 2209 Recognitum
453 2169 513 2200 fuit.
533 2169 618 2199 etiam
637 2191 646 2206 ,
673 2178 721 2206 per
749 2169 862 2200 eosdem
888 2167 1020 2207 Milites,
1045 2168 1125 2205 quod
1148 2167 1251 2206 praedi-

191 2209 257 2240 &us
267 2209 397 2253 Robertus·
415 2206 500 2238 nichil
510 2206 586 2246 Juris
600 2209 645 2238 vel
659 2206 839 2238 Haereditatis
855 2207 951 2237 habuit
967 2207 995 2236 in
1010 2205 1149 2245 praedieco
1165 2207 1251 2237 Vice-

195 2255 345 2280 comitatu.
436 2256 440 2257 ⁷
796 2252 799 2253 ⁷

233 2285 350 2324 Ipseque
364 2285 494 2315 Robertus
515 2283 723 2323 postmodum,
745 2286 775 2314 in
794 2283 881 2321 Curia
903 2283 1016 2322 nostra,
1033 2293 1132 2314 coram
1151 2282 1252 2313 Nobis

192 2324 228 2356 &
243 2324 398 2355 Batonibus
411 2323 528 2362 nostris,
545 2323 655 2364 Remifit
675 2324 723 2360 ipsi
738 2322 898 2361 Episcopo,
915 2324 948 2354 ὃ(
969 2322 1181 2353 Successoribus
1201 2322 1251 2352 suis

194 2366 405 2402 Imperpetuum,
423 2371 518 2397 totum
527 2361 579 2401 Jus
591 2361 669 2400 quod
689 2361 740 2392 sibi
761 2362 956 2394 vendicaverat
974 2363 1007 2393 &
1030 2362 1199 2392 clamaverat
1220 2361 1250 2390 in

196 2401 248 2432 illo
262 2401 483 2432 Vicecomitatu.

233 2439 332 2478 Qare
354 2439 488 2470 volumus
506 2438 539 2469 &
558 2438 675 2470 firmiter
695 2438 881 2477 Praecipimus
906 2438 986 2477 quod
1008 2438 1078 2468 idem
1096 2438 1252 2477 Epifiopus,

193 2477 228 2508 δε
249 2487 349 2509 omnes
368 2477 547 2508 Succeflores
566 2479 619 2516 sui,
637 2478 724 2508 libere
747 2478 885 2515 habeant,
903 2485 1032 2515 teneant,
1050 2478 1083 2508 &
1098 2477 1252 2515 poffideant

193 2515 350 2546 Civitatem
374 2516 407 2546 &
430 2516 596 2546 Banleucam
617 2516 693 2547 suam
707 2539 716 2554 ,
733 2526 801 2546 cum
823 2515 1050 2546 Immunitatibus
1071 2515 1250 2553 supradietis,

196 2554 308 2596 absque„
318 2556 402 2584 omni
421 2554 570 2593 Molestia,
591 2556 769 2593 gravamine,
787 2555 820 2584 &
848 2554 1011 2592 exactione,
1030 2564 1079 2591 per
1102 2554 1188 2592 Nos,
1206 2554 1250 2585 seu

197 2602 249 2662 {er
260 2591 413 2636 'Ministros
428 2592 556 2630 nostros,
574 2594 615 2623 ibi
628 2593 760 2633 deinceps
775 2592 920 2631 facienda,
939 2593 1007 2624 sicut
1020 2593 1143 2631 superins
1157 2594 1186 2623 in
1201 2593 1253 2624 hac

223 2640 302 2670 agina
317 2640 504 2669 praenotatum
518 2631 567 2662 est.

656 2709 791 2741 Testibus
798 2734 808 2747 ,

236 2786 359 2816 Huberto
377 2785 535 2821 cantuariae
551 2785 751 2825 Archiepffcopo
761 2809 769 2823 ,

235 2829 336 2862 Rogero
349 2826 442 2854 Sand't'i
460 2826 584 2855 Andreae
601 2825 633 2855 de
645 2829 733 2855 Scbtia
750 2824 891 2864 Epifiopo,

237 2863 353 2894 Roberto
369 2866 469 2893 Comite
485 2863 650 2930 Leicssriae,

236 2904 274 2930 B.
293 2904 393 2931 Comite
409 2900 549 2931 Albamar
561 2901 598 2938 le,

239 2939 375 2970 Williemo
394 2943 493 2969 Comite
505 2937 667 2969 Arundellae
674 2961 684 2976 ,

239 2980 282 3008 W
282 2977 391 3007 illielmo
410 2977 476 3007 Filio
493 2977 628 3016 Radulphi
640 2975 783 3016 Senfialli
798 2979 992 3017 Normasmise,

238 3019 350 3054 Hugone
365 3016 396 3045 de
410 3019 551 3057 Gornayo,

239 3056 339 3091 Rogero
355 3055 387 3083 de
401 3058 529 3093 Torneio,

242 3090 379 3121 Walkerio
395 3092 427 3122 de
445 3095 595 3130 Ferrariis,

239 3132 356 3159 Henrico
374 3129 412 3164 ὠ·
430 3133 542 3168 Hugone
563 3129 638 3161 Filiis
651 3130 724 3170 ejus,

239 3168 352 3198 Roberto
373 3167 405 3197 de
418 3170 586 3207 Harecourt,

239 3206 374 3245 Jahamze
386 3205 453 3235 Filio
464 3207 534 3244 ejus,

240 3244 374 3284 Johanne
387 3242 425 3279 ᾤ’
443 3246 524 3275 Petro
537 3244 569 3274 de
587 3244 726 3276 Pratellis.

238 3320 308 3365 Dat,
326 3330 377 3359 per
393 3330 510 3351 manum
524 3320 645 3356 eiusdem
659 3323 699 3350 H.
711 3320 916 3353 Cantuarienlis
932 3321 1160 3360 Archiepiscopi,
1177 3320 1256 3351 Can-

203 3359 406 3430 ffuarhlffstri
416 3382 426 3397 ,
444 3359 517 3397 apud
533 3358 724 3397 Rothomagum
734 3382 744 3398 ,
759 3361 789 3391 iv
803 3359 849 3390 die
861 3359 1052 3399 Septembris,
1061 3360 1157 3400 Regni
1171 3359 1259 3390 nostri

233 3407 292 3428 nno
350 3406 420 3428 imo.

239 3475 309 3507 Nos
325 3481 437 3513 autem,
453 3474 569 3505 Cartam
580 3474 760 3513 praedictam,
778 3484 811 3504 ac
826 3476 923 3505 omnia
936 3476 969 3506 &
986 3475 1089 3514 fingula
1109 3475 1139 3505 in
1160 3474 1259 3505 eadem

203 3521 336 3546 contenta
345 3537 355 3552 ,
374 3513 444 3544 Rata
455 3513 588 3544 habentes
603 3515 636 3545 &
652 3513 741 3544 Grata
752 3536 761 3551 ,
777 3512 818 3543 Ea
833 3523 884 3551 pro
905 3512 1017 3550 Nobis,
1035 3514 1068 3544 ὅ(
1090 3512 1260 3544 Haeredibus

204 3552 324 3590 nostris,
339 3561 475 3589 quantum
496 3553 524 3582 in
547 3551 647 3582 Nobis
667 3551 727 3589 est,
742 3554 919 3589 Acceptamur
940 3553 972 3582 ὃς
990 3551 1191 3590 Approhamus,
1209 3562 1259 3589 ac,

206 3591 368 3622 Venerabili
379 3591 408 3620 in
423 3590 541 3620 Christo
555 3590 646 3628 Patri,
663 3600 732 3620 nunc
751 3589 874 3629 Episcopo
897 3589 1031 3620 Ecclefiae
1051 3591 1208 3627 praedictae,
1226 3591 1259 3620 δε

206 3629 419 3660 successoribus
440 3629 491 3659 suis
516 3629 742 3666 lmperpetuum,
760 3628 878 3658 Tenore
893 3627 1073 3659 Praelentiurn
1091 3628 1259 3657 Concedimus

206 3667 239 3697 &
258 3666 467 3708 confirmamus,
492 3677 576 3705 prout
596 3666 681 3697 Carta
703 3665 833 3703 praediCta
853 3667 1047 3697 rationabiliter
1071 3666 1184 3697 testatur
1199 3689 1209 3703 ,
1225 3668 1259 3697 &

209 3713 296 3742 prout
310 3707 343 3736 ὃ(
359 3715 492 3744 quatenus
503 3704 807 3749 praediHmEpifioths,
822 3706 856 3735 &
870 3704 1088 3735 Praedecessores
1104 3705 1142 3734 sui
1153 3729 1162 3742 ,
1180 3704 1261 3734 dietis

207 3742 333 3786 Civitate
342 3744 374 3774 &
388 3744 541 3782 Banleuca,
559 3754 628 3776 cum
642 3743 870 3774 Immunitatibus
883 3743 1042 3781 supradictis
1051 3765 1060 3782 ,
1077 3743 1210 3774 haCtenus
1219 3753 1261 3773 ra-

208 3780 376 3822 tionabiliter
391 3783 454 3813 sunt
466 3783 560 3822 gavifi.

246 3817 280 3847 In
300 3826 394 3855 cujus,
409 3822 469 3852 ἃς,

243 3855 334 3887 Teste
349 3854 431 3895 Rege
442 3859 515 3899 apud
529 3859 650 3900 Castrum
656 3858 738 3900 ficum
753 3859 910 3896 Rothomagi
919 3883 928 3897 ‚
945 3858 1039 3897 primo
1051 3856 1096 3889 die
1113 3857 1241 3897 Augusti.

885 3937 937 3965 Per
955 3933 1038 3973 ipst'rm
1053 3937 1158 3973 Regem.

275 4103 348 4141 Tarii.
362 4110 411 4141 IV.
431 4110 464 4140 P.
483 4111 532 4140 IV.

1291 170 1779 220 PURL1CA.
2261 180 2310 232 ἢ

1505 353 1525 376 st
1558 356 1606 386 De
1635 350 1872 396 Rcstitutionibus
1897 353 2075 385 Frummm.

1268 432 1318 496 R
1329 438 1385 469 EX
1396 463 1405 478 ,
1423 440 1536 470 Vicariis
1558 441 1588 468 in
1613 436 1798 475 Spiritualibirs
1815 435 2061 474 Archieptfiopatds
2084 434 2317 476 Rothomagenfir,
2328 422 2413 479 ’24324‘1

1320 493 1324 496 »
1345 488 1376 507 ac
1392 478 1520 508 univerlis
1533 478 1565 506 &
1582 476 1690 514 lingulis
1709 475 1831 512 Ballivis,
1849 476 1909 505 &c
1928 474 2060 504 Salutem.
2333 463 2384 517 HL·
2419 462 2446 479 ⁰⁸

1303 515 1473 546 Mandamus
1495 514 1586 545 Vobis
1602 535 1610 551 ,
1629 514 1662 544 &
1686 512 1813 544 vestrum
1835 513 1949 548 cuilibet
1962 534 1971 549 ,
1988 520 2071 549 prout
2090 512 2124 542 ad
2144 522 2210 542 eum
2236 512 2320 550 perti—
2335 499 2447 556 Nbrgl‘a„

1266 557 1373 593 nuent,
1393 555 1488 592 quod,
1505 553 1642 582 dileetum
1661 552 1759 588 nobis,
1778 550 1910 589 Jacobum
1926 550 1961 580 du
1980 553 2044 579 Bois
2067 550 2171 580 Hebert
2190 549 2319 587 Capella·
2337 577 2345 593 Χ
2353 577 2369 592 0
2397 570 2422 592 H
2442 547 2457 589 ΝΔ,’

1266 602 1353 631 num,
1372 594 1492 628 iuratum
1517 591 1638 628 Ligeum
1662 589 1810 626 nostrum,
1827 588 1992 619 omnimoda
2012 588 2148 627 Frudtus,
2167 587 2225 623 ὠς.
2239 588 2320 627 prout
2375 590 2378 593 ’
2426 589 2445 599 “’

1267 634 1296 660 in
1312 631 1439 670 ejufinodi
1457 631 1488 659 de
1504 630 1677 668 Restitutione
1692 631 1803 657 Literis.

1305 670 1394 700 Teste
1411 670 1490 708 Rege
1510 666 1583 705 apud
1597 666 1719 707 Castrum
1728 666 1809 705 fisum
1826 664 2000 702 Rothomagi,
2018 664 2093 695 seirto
2108 665 2154 695 die
2169 664 2300 704 Augusti.

1270 745 1397 801 REX
1414 769 1423 783 ,
1448 744 1567 774 Dileffis
1587 743 1636 773 sibi
1660 744 1689 772 in
1711 741 1829 772 Christo
1842 764 1851 779 ,
1871 743 1960 770 Priori
1985 739 2023 776 ό*
2045 740 2166 778 Capituso
2193 738 2326 771 Ecclefiin
2347 738 2350 740 ³

1343 783 1516 814 Cathedralis
1529 781 1678 821 Sagiensis,
1694 780 1766 810 Sede
1783 781 1889 810 ibidem
1912 789 2043 817 vacante,
2061 789 2177 809 necnon
2194 780 2328 810 universis

1271 819 1304 850 &
1321 821 1430 861 singulis
1443 821 1573 857 Ballivis,
1590 820 1650 850 ἃς.
1668 819 1800 850 Salutem.
1880 856 1882 859 .

1312 860 1484 891 Mandamus
1497 859 1596 895 vobis,
1614 859 1647 889 ὅς
1661 856 1787 886 vestrum
1802 856 1934 892 cuilibet,
1953 862 2036 892 prout
2050 854 2083 883 ad
2106 864 2170 884 eum
2189 857 2329 891 pertinue-

1274 899 1332 936 rit,
1350 899 1430 937 qubd
1447 921 1457 935 ,
1473 897 1609 928 dilectum
1632 896 1716 926 nobis
1729 919 1738 933 ,
1765 894 1939 932 Magistrum
1964 892 2139 922 Anthonium
2168 893 2199 922 de
2220 896 2332 932 Lauco,

1277 937 1469 967 Decretorum
1485 935 1650 965 Dotftorem
1660 957 1668 972 ,
1687 933 1826 964 Curatum
1841 931 1976 962 Ecclesia:
1994 930 2160 961 parochialis
2176 931 2272 961 Sandti
2282 931 2333 961 Al-

1275 977 1335 1006 bini
1351 976 1387 1006 de
1402 976 1557 1012 Appaneyo
1571 972 1703 1012 sagienfis
1717 971 1874 1009 DioecefiS,
2125 1008 2126 1011 Ἰ

1314 1015 1376 1054 Qii
1392 1014 1603 1044 Sacramentum
1613 1033 1622 1049 ,
1638 1010 1767 1046 debitum
1781 1010 1817 1039 de
1830 1006 2023 1039 conservando
2039 1005 2201 1045 Praefhntem
2220 1009 2317 1037 Pacem
2328 1032 2335 1043 ‚

1277 1053 1349 1083 inter
1376 1050 1612 1083 Praecariffimum
1633 1051 1745 1078 Patrem
1763 1048 1879 1087 nostrum
1898 1049 2019 1076 Francia*
2037 1046 2071 1075 &
2094 1047 2153 1074 Nos
2172 1045 2334 1076 conclusam

1277 1094 1311 1123 &
1327 1091 1546 1125 concordamur,
1565 1089 1632 1118 fecit
1646 1088 1678 1118 &
1695 1087 1836 1124 praestitit,

1314 1128 1492 1160 Omnimoda
1508 1127 1641 1164 Furnos,
1658 1124 1718 1161 &c.
1736 1129 1767 1155 ut
1780 1125 1866 1164 sicpra
1884 1123 1961 1164 usque
1978 1122 2070 1163 finem.

2335 615 2372 634 m.
2394 603 2471 631 indi

1278 1205 1390 1262 REX
1406 1228 1416 1244 ‚
1444 1206 1557 1236 Vicariis
1576 1205 1605 1231 in
1625 1201 1811 1240 spiritualibus
1829 1200 1958 1238 Archiepi
1973 1198 2079 1237 dopatds
2104 1198 2316 1240 Rothomagenfis
2328 1225 2337 1239 ‚

1351 1254 1466 1276 necnon
1480 1241 1610 1273 universis
1623 1242 1656 1270 &
1671 1240 1798 1278 lingulis,
1817 1240 1876 1270 &c.
1896 1246 1927 1268 ut
1957 1240 2022 1276 upra
2033 1259 2042 1275 ,
2062 1237 2195 1267 Salutem.

1316 1282 1487 1312 Mandamus
1499 1280 1597 1315 vobis,
1616 1277 1675 1312 &c-
1692 1286 1723 1307 ut
1736 1280 1820 1317 supra
1831 1301 1840 1315 ,
1857 1278 1952 1316 quod,
1970 1277 2106 1305 dilectum
2120 1275 2236 1315 Nobis,
2254 1281 2340 1306 Mau-

1278 1323 1371 1351 ritmm
1400 1321 1529 1359 Julienne
1556 1315 1741 1353 Capelianum
1758 1341 1766 1353 ,
1793 1316 1930 1346 Curatum
1953 1314 2088 1344 Eccleliae
2108 1314 2144 1342 de
2167 1313 2317 1347 Menerval
2331 1339 2341 1353 ,

1280 1361 1328 1399 qui
1345 1360 1559 1391 Sacramentum
1573 1354 1718 1393 debitum,
1737 1354 1797 1390 &a
1814 1362 1845 1383 ut
1857 1353 1942 1393 fiaepra
1962 1352 2040 1392 usque
2054 1351 2156 1391 finem,

1317 1398 1406 1429 Teste
1423 1398 1553 1435 utsupra.

1391 1527 1440 1558 De
1458 1523 1629 1558 Trafz‘ando
1649 1536 1717 1556 cum
1734 1520 1872 1567 Epifiopo
1894 1523 1931 1557 ὠ
1951 1523 2057 1553 Patria
2079 1520 2114 1553 dc
2136 1524 2234 1566 Licge.

1283 1609 1451 1670 HEnry,
1468 1609 1529 1645 &n
1549 1609 1578 1640 A
1594 1619 1657 1640 tous
1671 1608 1769 1644 ceum,
1788 1605 1836 1643 qui
1858 1614 1905 1635 ces
1927 1604 2063 1643 presentes
2087 1604 2195 1634 Lettres
2210 1612 2343 1641 verront,
2361 1613 2435 1644 Am,
2450 1612 2492 1645 D»⁴

1376 1650 1462 1679 Salut.
2422 1662 2467 1681 22-

1318 1688 1448 1718 Comme
1470 1686 1507 1716 les
1532 1684 1709 1716 Sollicitudes
1729 1686 1762 1715 ὅ(
1785 1684 1876 1715 Cures
1895 1682 2042 1713 humaines
2063 1681 2139 1712 telles
2155 1680 2242 1710 Nous
2258 1681 2337 1710 vien-
2357 1663 2420 1719 Λὶψ
2433 1701 2475 1718 ιο,

1280 1736 1349 1758 nent
1369 1726 1486 1756 souvant
1508 1724 1611 1754 devant
1631 1724 1668 1754 les
1685 1723 1782 1761 yeulx,
1802 1723 1900 1762 parles
1915 1721 2018 1757 quelles
2040 1720 2203 1759 Royaumes=
2226 1720 2259 1749 ὃς
2280 1719 2340 1748 Sei·
2358 1734 2392 1756 H.
2411 1738 2439 1764 5·

1282 1767 1413 1805 gnouries
1426 1764 1452 1795 se
1466 1770 1571 1801 peuent
1587 1761 1689 1792 niieulx
1704 1760 1852 1792 Conduire
1866 1763 1899 1792 ὃς
1915 1759 2084 1789 Conserver.
2358 1766 2416 1795 Pa't.
2468 1759 2472 1764 “

1319 1803 1374 1841 Et,
1394 1802 1529 1833 combien
1544 1811 1601 1839 que
1614 1800 1732 1838 pluseurs
1745 1800 1869 1838 Moyens
1884 1809 1900 1839 y
1916 1798 2004 1828 soient
2020 1800 2233 1837 requiz‚t011tes
2250 1803 2344 1833 voyez
2360 1810 2450 1833 gorm.

1284 1842 1458 1872 Connexion
1478 1840 1514 1869 de
1534 1839 1602 1870 Paix
1625 1839 1759 1870 mutuelle
1782 1840 1814 1868 Sc
1839 1838 1912 1868 Lien
1935 1836 1970 1867 de
1984 1836 2088 1867 doulce
2105 1838 2212 1868 Amitie
2226 1833 2294 1863 esta
2308 1843 2343 1864 ce
2365 1853 2396 1871 ,ο
2420 1847 2454 1870 H.
2468 1849 2496 1877 5,

1286 1880 1379 1911 moult
1399 1877 1550 1910 necessaire
1572 1879 1605 1908 &
1629 1875 1808 1916 prouffita'ole
1824 1899 1834 1914 ,
1867 1875 2054 1906 mesmement
2081 1885 2134 1906 aux
2157 1876 2322 1913 Royaumes
2337 1896 2348 1910 ‚
2363 1892 2400 1912 m,
2416 1882 2477 1917 9·‘*'‘

1286 1918 1484 1956 Seignouries,
1501 1918 1534 1948 &
1549 1915 1636 1954 PaiiS,
1656 1916 1766 1954 voyfins
1778 1916 1810 1945 ὃς
1826 1914 1994 1952 prouchains
2009 1914 2047 1943 les
2070 1925 2142 1952 ungs
2165 1914 2213 1944 des
2238 1920 2347 1948 autres,

1326 1957 1353 1988 A
1367 1956 1405 1987 fm
1422 1966 1493 1994 que,
1513 1965 1561 1993 par
1574 1955 1600 1984 le
1617 1954 1730 1994 Moyen
1745 1954 1780 1984 de
1796 1953 1900 1984 doulce
1923 1953 1955 1983 &
1979 1961 2062 1991 vraye
2087 1953 2213 1991 Amitie,
2233 1951 2270 1980 les
2285 1949 2349 1979 Ha—

1286 1997 1376 2027 bitans
1390 1995 1509 2025 d'iceulx
1523 1993 1643 2031 puiss'ent
1659 2003 1695 2023 en
1709 1994 1806 2023 bonne
1820 1991 1945 2022 Civillite
1969 1989 2143 2027 Converser,
2161 1992 2195 2022 ὃς
2217 1989 2351 2027 frequen—

1289 2044 1331 2066 ter
1346 2043 1381 2064 en
1396 2034 1469 2064 leurs
1484 2031 1662 2070 Besongnes,
1683 2030 1909 2068 Marchandises,
1927 2030 1961 2060 &
1978 2035 2068 2060 autres
2084 2029 2212 2060 Affaires.

1330 2073 1400 2110 Que
1413 2070 1518 2110 quelles
1533 2069 1642 2101 Choses
1658 2069 1854 2106 considerans,
1873 2069 1906 2098 ὃς
1920 2077 1975 2106 que
1989 2067 2027 2097 les
2043 2067 2168 2109 Evesque
2179 2091 2188 2106 ,
2206 2066 2351 2104 chapitre,

1291 2114 1366 2148 cite,
1385 2111 1418 2141 &
1434 2113 1510 2140 Paiis
1528 2109 1564 2138 du
1581 2111 1663 2146 Liege
1675 2108 1737 2138 sont
1753 2107 1938 2137 Marchiffans
1953 2116 1968 2136 a
1981 2105 2041 2136 cest
2057 2106 2210 2147 Royaume
2219 2105 2255 2135 de
2264 2105 2286 2134 F
2288 2113 2353 2134 ranh

1292 2146 1326 2181 ce
1344 2148 1393 2188 (du
1408 2149 1491 2187 quel,
1508 2158 1557 2186 par
1573 2147 1597 2177 la
1611 2147 1708 2177 Grace
1720 2146 1755 2178 de
1769 2145 1866 2176 nostre
1882 2145 2038 2182 Seigneur,
2055 2145 2178 2175 sommes
2195 2147 2297 2181 Regent
2313 2140 2352 2176 ὥσ

1292 2188 1426 2224 Heritier)
1445 2196 1534 2218 avons
1548 2185 1636 2216 defire
1649 2186 1682 2217 &
1694 2185 1835 2222 desirons,
1853 2193 1925 2222 pour
1940 2184 1966 2212 le
1987 2182 2082 2221 Salut,
2097 2183 2303 2221 Tranquillite,
2319 2181 2354 2211 &

1293 2227 1394 2265 Repos
1412 2226 1460 2256 des
1480 2224 1644 2262 Hommes‚
1668 2225 1747 2255 avoir
1770 2224 1898 2259 hommes,
1916 2230 2027 2261 vrayeS‚
2043 2222 2177 2259 entieres,
2196 2222 2229 2251 &
2253 2223 2353 2257 perpe-

1292 2266 1388 2296 tuelles
1407 2264 1543 2301 A'tnities,
1560 2273 1631 2301 pour
1642 2261 1739 2292 nostre
1754 2261 1914 2292 Treschere
1936 2261 1969 2291 &
1993 2260 2131 2292 Tresame
2154 2263 2225 2289 Pere
2247 2258 2271 2287 le
2297 2260 2353 2326 Κᾶν]

1294 2305 1327 2336 &
1349 2306 1427 2334 Nous
1441 2326 1451 2342 ,
1467 2304 1500 2334 ὅ(
1524 2303 1562 2332 les
1581 2301 1746 2340 Royaumes
1761 2324 1771 2338 ,
1797 2299 1867 2329 Paiis
1881 2322 1891 2338 ,
1909 2299 2085 2338 Seignouries
2099 2321 2109 2337 ,
2128 2300 2161 2330 &
2185 2297 2294 2335 Subgiz
2337 2302 2355 2325 e

1297 2343 1353 2373 Lui
1369 2343 1402 2373 &
1415 2342 1452 2372 de
1466 2340 1571 2376 Nous,
1587 2340 1619 2370 &
1633 2339 1702 2369 deca
1717 2339 1751 2368 ὃς
1762 2338 1834 2368 della
1847 2338 1873 2367 la
1888 2336 1970 2374 Mer,
1989 2347 2116 2374 avecque
2132 2337 2168 2366 les
2189 2336 2250 2366 ditz
2263 2333 2355 2373 quss-

1295 2392 1361 2424 que,
1380 2380 1527 2419 chapitre,
1547 2381 1605 2408 Cite
1615 2401 1625 2417 ,
1640 2377 1673 2408 δε
1687 2379 1764 2407 Paiis
1782 2376 1818 2406 du
1833 2379 1934 2414 Liege,
1953 2376 1985 2407 δε
2000 2383 2089 2406 autres
2109 2374 2286 2415 Seignouries
2306 2373 2356 2403 des

1298 2420 1432 2451 Marches
1445 2419 1582 2449 l'environ
1591 2443 1601 2456 ,

1332 2458 1370 2489 Et
1386 2466 1458 2497 pour
1472 2467 1506 2488 ce
1520 2457 1626 2494 Nous,

1335 2496 1473 2527 Confians
1486 2506 1501 2526 a
1516 2496 1589 2534 plain
1602 2495 1650 2524 des
1666 2493 1735 2524 Sens
1745 2517 1754 2531 ,
1776 2491 1950 2533 Loyaultez,
1967 2493 1999 2523 &
2013 2493 2121 2522 bonnes
2134 2490 2289 2527 Diligence
2303 2489 2359 2529 de,

1298 2544 1356 2566 noz
1380 2534 1549 2565 Trescheres
1570 2535 1603 2564 &
1627 2534 1693 2563 bien
1717 2533 1812 2562 Amez
1825 2555 1834 2570 ‚
1862 2531 1981 2561 Mellire
2003 2530 2123 2560 Rolland
2142 2530 2173 2559 de
2194 2528 2357 2569 Dunquerke

1298 2574 1432 2605 Chivaler
1456 2582 1537 2612 grant
1561 2572 1712 2603 Pennetier
1733 2570 1769 2600 de
1791 2570 1900 2600 France
1915 2593 1923 2607 ,
1944 2569 2062 2599 Maistre
2083 2568 2180 2607 Jelmn
2205 2568 2237 2596 de
2263 2563 2359 2597 Mailli

1299 2612 1404 2653 Doyen
1419 2612 1454 2642 de
1469 2612 1548 2642 Seint
1563 2610 1702 2641 Germain
1716 2608 1887 2638 l'Auxerrois
1901 2608 1994 2638 Grant
2008 2607 2192 2638 Archidiacre
2209 2606 2245 2635 de
2266 2605 2361 2635 Chaa-

1298 2652 1362 2682 lons
1385 2652 1417 2682 ὃς
1442 2649 1562 2679 Maistre
1584 2649 1633 2679 des
1654 2647 1810 2685 Requestes
1825 2647 1860 2677 de
1871 2646 1990 2683 ΓΘΗ-61,
2008 2645 2127 2676 Maistre
2139 2647 2233 2684 Henry
2249 2642 2360 2672 Godalz

1300 2690 1405 2730 Doyen
1420 2688 1458 2718 du
1475 2688 1562 2725 Liege
1576 2689 1609 2718 &
1628 2685 1744 2717 Prevost
1760 2686 1795 2716 de
1808 2686 1894 2723 l’lsse,
1912 2684 2100 2721 Conseillers,
2118 2685 2152 2715 &
2167 2681 2284 2712 Maistre
2302 2681 2359 2720 Je-

1299 2728 1356 2758 han
1374 2726 1458 2757 Milet
1475 2727 1626 2757 Secretaire
1641 2725 1676 2755 de
1691 2724 1786 2754 nostre
1798 2724 1838 2753 dit
1854 2727 1990 2761 Beaupere
2004 2723 2026 2752 le
2046 2726 2101 2759 Roy
2114 2744 2123 2759 ,

1339 2765 1451 2797 Yceulx
1471 2765 1509 2795 les
1531 2763 1633 2801 Trois,
1652 2773 1690 2793 ou
1713 2763 1751 2792 les
1776 2760 1861 2792 Deux
1883 2761 2017 2798 d’iceulx,
2037 2771 2124 2791 avons
2147 2758 2308 2798 Ordonnez
2324 2757 2358 2786 δε

1301 2804 1454 2841 Commu,
1473 2803 1651 2833 Ordonnons
1665 2803 1697 2832 δε
1718 2799 1942 2837 Commetrons,
1959 2809 2005 2837 par
2018 2810 2064 2829 ces
2086 2798 2224 2833 Prer‘ents,
2243 2808 2258 2826 a
2274 2795 2360 2832 Aler‚

1301 2843 1386 2882 depar
1404 2842 1500 2873 nostre
1513 2842 1554 2872 dit
1571 2844 1705 2878 Beaupere
1719 2840 1748 2870 ἃ
1767 2839 1850 2876 depar
1866 2840 1943 2867 Nous
1954 2861 1964 2876 ,
1981 2848 1995 2866 a
2019 2837 2155 2873 Μ,111η63,
2175 2846 2201 2866 es
2226 2834 2359 2864 Marches

1302 2881 1474 2918 Alemande,
1492 2891 1530 2911 ou
1546 2880 1615 2909 Paris
1632 2882 1670 2908 du
1686 2878 1771 2916 Liege
1782 2901 1790 2913 ,
1805 2877 1871 2906 ainsi
1882 2887 1937 2914 que
1952 2876 2061 2906 mestier
2072 2876 2138 2904 serra
2149 2895 2158 2911 ,
2175 2883 2247 2910 pour
2257 2872 2360 2902 aisem—

1302 2921 1362 2951 bler
1386 2929 1456 2950 avec
1481 2919 1518 2950 les
1543 2918 1678 2948 Commis
1703 2918 1735 2947 ὃς
1758 2916 1883 2953 Deputes
1902 2915 1951 2944 des
1970 2914 2029 2944 ditz
2048 2912 2192 2952 Evesq'ue,
2212 2909 2360 2949 Chapitre,

1301 2962 1361 2989 cite
1371 2982 1380 2997 ,
1399 2959 1432 2988 ἓξ
1447 2960 1521 2986 Paris
1534 2957 1569 2985 du
1585 2959 1682 2992 Liege,

1342 2997 1376 3027 Et
1392 2997 1450 3026 leur
1462 3005 1549 3026 avons
1567 2994 1690 3031 Donne,
1710 2993 1742 3024 &
1758 2991 1920 3027 Donnons,
1936 2991 1982 3027 par
1999 2998 2045 3019 ces
2061 2988 2180 3018 mesmes
2196 2987 2358 3025 Presentes‚

1301 3044 1354 3066 aux
1370 3035 1474 3071 Trois,
1493 3043 1531 3063 ou
1547 3042 1599 3062 aux
1619 3031 1701 3060 Deux
1722 3030 1859 3066 d'iceulx,
1874 3029 1947 3065 plain
1971 3027 2073 3065 pouoir
2098 3027 2131 3057 ὃς
2156 3027 2304 3057 Auctorite
2323 3024 2361 3055 de

1302 3073 1451 3109 Trahiter,
1470 3071 1642 3106 Ordonner,
1660 3070 1693 3100 &
1716 3069 1887 3098 Concordes
1904 3089 1914 3104 ,
1931 3076 2070 3103 avecqies
2095 3065 2132 3095 les
2157 3064 2248 3094 deffus
2271 3063 2359 3101 dites,

1302 3112 1430 3149 bonnes,
1448 3119 1562 3148 vrayes,
1582 3111 1699 3144 entiers,
1717 3110 1749 3138 ἃ
1771 3105 1932 3144 [erpetuells
1951 3106 2103 3139 Amittiez,
2121 3112 2200 3134 entre
2211 3101 2306 3132 nostre
2315 3101 2358 3132 dit

1302 3153 1439 3180 Beauvere
1460 3150 1492 3178 ὃ(
1511 3149 1528 3167 *
1549 3149 1625 3177 Nous
1641 3169 1650 3185 ,
1669 3147 1700 3176 ὃς
1726 3146 1762 3175 lex
1789 3145 1951 3182 Royaumes
1967 3166 1976 3181 ,
1997 3142 2068 3173 Pari-3
2085 3165 2094 3179 ,
2113 3141 2306 3180 Se'gnouries,
2321 3141 2355 3171 «Sc

1303 3182 1417 3228 Subg‘ez
1433 3188 1469 3217 de
1494 3186 1549 3216 Lui
1567 3186 1598 3216 ὅ(
1615 3185 1650 3214 de
1670 3183 1755 3213 Nous
1767 3208 1775 3219 ,
1794 3192 1852 3214 tant
1873 3182 1942 3211 deca
1956 3191 2011 3219 que
2028 3181 2099 3209 della
2119 3181 2144 3210 la
2168 3179 2254 3217 Mer,
2273 3179 2358 3209 d’une

1303 3235 1380 3264 part,
1398 3227 1431 3257 &
1448 3226 1485 3255 les
1504 3225 1564 3254 dit'z.
1578 3222 1722 3262 Evefijue,
1741 3223 1867 3259 Chalstre
1878 3243 1887 3258 ,
1905 3223 1977 3258 Citc,
1998 3220 2030 3249 ὃ(
2046 3221 2120 3247 Pani:
2137 3219 2171 3247 eiu
2185 3220 2240 3246 a'ite
2258 3219 2337 3254 Liege
2348 3240 2358 3255 ‚

1302 3266 1374 3296 leurs
1387 3265 1522 3302 Soubgez
1534 3263 1566 3292 ὃ(
1582 3263 1758 3299 Seig..ourres
1775 3261 1985 3298 quelconques,
2003 3260 2035 3288 ἐς
2050 3256 2359 3293 autresSeignuriesdes

1303 3302 1438 3334 Marches
1456 3301 1610 3338 Alemand,
1631 3300 1734 3329 d'autre
1749 3307 1827 3336 part,

1341 3341 1377 3371 Et
1397 3342 1440 3371 sur
1461 3349 1590 3378 quatique
1612 3338 1681 3367 serra
1704 3337 1769 3366 ainli
1793 3336 1919 3367 Traiffie
1944 3335 1977 3365 δε
1995 3333 2152 3370 Ordonne,
2173 3342 2243 3369 pour
2262 3332 2358 3364 nostre

1302 3380 1344 3410 dit
1357 3383 1492 3418 Beaupere
1507 3379 1539 3409 &
1555 3379 1648 3415 Nour,
1667 3378 1698 3407 ὅ(
1714 3376 1809 3405 nostre
1824 3375 1912 3405 Partie
1922 3397 1930 3411 ,
1948 3383 2016 3403 avec
2032 3373 2068 3401 les
2087 3372 2263 3409 dcliindites,
2278 3381 2360 3411 ayans

1302 3430 1318 3449 a
1334 3429 1368 3450 ce
1383 3419 1501 3449 suffisins
1520 3416 1645 3453 Pouoir,
1664 3415 1699 3444 de
1715 3413 1864 3443 l‘affermer
1879 3414 1912 3442 ὅ(
1933 3413 2052 3442 affeurer
2069 3421 2115 3442 nar
2139 3410 2198 3450 Foy
2220 3411 2253 3440 &
2275 3409 2359 3439 Sere-

1304 3466 1385 3488 ment
1398 3458 1440 3488 sur
1456 3457 1493 3486 les
1513 3455 1618 3485 Saintes
1639 3453 1797 3489 Evangilles
1813 3462 1829 3482 a
1845 3452 1952 3481 donner
1973 3460 2007 3479 en
2027 3453 2031 3477 l
2046 3449 2120 3477 Ame
2138 3450 2170 3477 ele
2186 3447 2292 3485 Nous,

1342 3496 1378 3526 Et
1392 3496 1544 3532 d'ottroyer
1561 3494 1593 3523 &
1610 3491 1718 3522 donner
1738 3491 1780 3521 sur
1795 3501 1846 3527 ce,
1865 3491 1896 3520 ὅ(
1912 3490 1948 3519 ses
1962 3487 2175 3524 dependances,
2194 3495 2285 3517 toutes
2299 3494 2358 3514 ma-

1303 3536 1391 3565 nieres
1406 3535 1441 3565 de
1458 3532 1630 3568 Cauxtions,
1647 3531 1774 3566 Seurtes,
1796 3528 1972 3564 Promelses,
1989 3526 2188 3562 Obligations,
2209 3526 2241 3554 &
2252 3524 2361 3553 Lettres

1304 3574 1412 3610 Seeles,
1430 3581 1487 3602 tant
1501 3572 1534 3601 ὅ(
1548 3569 1622 3601 telles
1637 3578 1754 3599 comme
1773 3566 1884 3597 mestier
1904 3567 1990 3603 serra,
2007 3575 2046 3595 ou
2069 3568 2127 3594 bon
2147 3563 2205 3592 leur
2225 3561 2361 3592 semblera.

1305 3621 1340 3641 en
1355 3612 1391 3641 tel
1407 3610 1463 3640 Cas

1343 3650 1396 3679 Les
1414 3633 1517 3686 quel’les
1528 3656 1599 3676 nous
1613 3645 1744 3676 voullons
1758 3644 1852 3680 avoir,
1872 3652 1906 3672 au
1922 3649 2016 3678 regart
2029 3640 2063 3670 de
2080 3639 2181 3676 Nous,
2197 3637 2233 3668 tel
2254 3636 2359 3675 Effe&

1304 3688 1411 3726 Vigeur
1428 3688 1459 3717 &
1478 3686 1635 3722 Fermette,
1654 3692 1770 3713 comme
1789 3682 1814 3711 se
1828 3681 1915 3711 Nous
1929 3681 1966 3710 les
1982 3679 2102 3710 eutlions
2116 3678 2240 3708 donnees
2256 3677 2288 3706 ὃς
2311 3675 2361 3705 fai-

1304 3736 1345 3758 tes
1363 3736 1399 3755 en
1415 3724 1511 3755 nostre
1525 3732 1626 3762 propre
1639 3721 1778 3758 perrone,
2102 3755 2106 3759 .
2277 3753 2281 3757 .

1343 3763 1379 3794 Et
1395 3763 1430 3793 de
1447 3763 1540 3798 Faire,
1559 3762 1711 3797 Executer,
1730 3757 1887 3796 Expediet,
1905 3757 1937 3787 &
1956 3754 2120 3791 Accoxnpiu‘
2143 3762 2205 3784 tous
2222 3751 2359 3790 Anides,

1305 3804 1355 3840 qui
1371 3802 1463 3832 seront
1476 3799 1614 3830 accordez
1628 3809 1699 3836 pour
1713 3797 1806 3828 nostre
1819 3798 1879 3826 ditz
1893 3798 2026 3831 Beaupere
2044 3793 2076 3822 &
2096 3793 2171 3821 Nous
2182 3815 2191 3828 ,
2210 3792 2242 3821 &
2265 3789 2360 3820 nostre

1307 3842 1416 3876 Partie,
1436 3842 1500 3869 sanz
1516 3838 1609 3869 fraude
1623 3847 1661 3868 ou
1677 3837 1732 3867 mal
1746 3835 1848 3873 Engyn
1859 3857 1868 3871 ,
2282 3867 2287 3872 ⁶
2365 3833 2371 3840 ·

1345 3879 1380 3909 Et
1396 3879 1594 3914 Promettons,
1610 3886 1645 3906 en
1660 3876 1756 3905 bonne
1770 3875 1837 3912 foy,
1856 3873 1888 3902 &
1902 3880 1936 3900 en
1952 3868 2054 3907 paroile
2071 3868 2105 3912 de
2120 3867 2207 3910 Roy,
2225 3876 2303 3911 avotr
2325 3866 2359 3911 <Sc

1306 3919 1377 3948 tenir
1394 3916 1495 3947 Ferme
1508 3916 1541 3946 &
1556 3915 1691 3953 Agreable
1709 3922 1772 3943 tout
1784 3922 1832 3948 ce,
1851 3919 1906 3947 que
1919 3918 1971 3951 par
1983 3917 2040 3937 noz
2051 3907 2099 3937 dil.
2124 3906 2302 3948 Meliagiers,
2319 3914 2360 3935 ou

1307 3957 1346 3986 les
1361 3956 1472 3992 Troiz,
1489 3964 1528 3984 ou
1542 3954 1579 3983 les
1597 3953 1681 3983 Deux
1697 3950 1830 3986 d’iceulx,
1849 3950 1917 3978 serra
1939 3947 1985 3976 fait
2008 3947 2050 3976 sur
2072 3955 2123 3982 ce,
2142 3949 2206 3974 lanz
2226 3953 2304 3974 venir
2322 3953 2360 3973 en

1306 4003 1423 4031 contre,
1441 4003 1476 4023 en
1490 3992 1610 4030 quelque
1623 4000 1734 4021 manere
1751 3998 1804 4026 que
1820 3997 1853 4016 ce
1868 3986 1948 4028 soit„
2128 4020 2133 4030 1

1346 4032 1383 4062 Et
1393 4032 1429 4062 de
1442 4032 1552 4062 donner
1565 4039 1625 4061 noz
1641 4029 1749 4059 Lettres
1759 4023 1993 4059 confirmamus,
2008 4020 2108 4051 Seelles
2117 4031 2153 4051 de
2162 4020 2258 4052 nostre
2268 4019 2364 4051 Grant

1308 4070 1370 4102 Seel
1380 4092 1391 4108 ,
1406 4070 1449 4101 sur
1462 4078 1526 4102 tous
1539 4069 1577 4101 les
1590 4070 1671 4099 Poim
1681 4090 1690 4104 ‚
1710 4066 1759 4105 qui
1770 4063 1836 4131 αἰῖἑι
1851 4062 1956 4093 serront
1971 4060 2132 4097 accordez,

2374 3146 2390 3162 *²
2414 3143 2452 3175 X.

2374 3193 2440 3224 235.

2331 4089 2354 4105 ⁴-

2331 4100 2372 4125 ng
